,ask_price_1,ask_size_1,bid_price_1,bid_size_1,ask_price_2,ask_size_2,bid_price_2,bid_size_2,ask_price_3,ask_size_3,bid_price_3,bid_size_3,ask_price_4,ask_size_4,bid_price_4,bid_size_4,ask_price_5,ask_size_5,bid_price_5,bid_size_5,ask_price_6,ask_size_6,bid_price_6,bid_size_6,ask_price_7,ask_size_7,bid_price_7,bid_size_7,ask_price_8,ask_size_8,bid_price_8,bid_size_8,ask_price_9,ask_size_9,bid_price_9,bid_size_9,ask_price_10,ask_size_10,bid_price_10,bid_size_10
2019-06-28 09:30:00.000000002,,,99940,100,,,,,,,,,,,,,,,,,,,,,,,,,,,,,,,,,,,,
2019-06-28 09:30:00.000000003,100106,100,99979,100,,,99940,100,,,,,,,,,,,,,,,,,,,,,,,,,,,,,,,,
2019-06-28 09:30:00.000000005,100106,100,99979,100,,,99940,100,,,99864,100,,,,,,,,,,,,,,,,,,,,,,,,,,,,
2019-06-28 09:30:00.000000007,100066,100,99979,100,100106,100,99940,100,,,99864,100,,,,,,,,,,,,,,,,,,,,,,,,,,,,
2019-06-28 09:30:00.000000009,100066,100,99994,100,100106,100,99979,100,,,99940,100,,,99864,100,,,,,,,,,,,,,,,,,,,,,,,,
2019-06-28 09:30:00.000000010,100066,100,99979,100,100106,100,99940,100,,,99889,100,,,99864,100,,,,,,,,,,,,,,,,,,,,,,,,
2019-06-28 09:30:00.000000011,100066,100,99979,100,100106,100,99940,100,,,99889,100,,,99865,100,,,99864,100,,,,,,,,,,,,,,,,,,,,
2019-06-28 09:30:00.000000012,100014,100,99940,100,100066,100,99889,100,100106,100,99865,100,,,99864,100,,,,,,,,,,,,,,,,,,,,,,,,
2019-06-28 09:30:00.000000013,100014,100,99940,100,100066,100,99889,100,100096,100,99865,100,100106,100,99864,100,,,,,,,,,,,,,,,,,,,,,,,,
2019-06-28 09:30:00.000000015,100014,100,99940,100,100066,100,99889,100,100096,100,99865,100,100106,100,99864,100,,,99862,100,,,,,,,,,,,,,,,,,,,,
2019-06-28 09:30:00.000000017,99995,100,99940,100,100014,100,99889,100,100066,100,99865,100,100096,100,99864,100,100106,100,99862,100,,,,,,,,,,,,,,,,,,,,
2019-06-28 09:30:00.000000019,99995,100,99948,100,100014,100,99940,100,100066,100,99889,100,100096,100,99865,100,100106,100,99864,100,,,99862,100,,,,,,,,,,,,,,,,
2019-06-28 09:30:00.000000021,99995,100,99978,100,100014,100,99948,100,100066,100,99940,100,100096,100,99889,100,100106,100,99865,100,,,99864,100,,,99862,100,,,,,,,,,,,,
2019-06-28 09:30:00.000000022,100014,100,99978,100,100066,100,99948,100,100096,100,99940,100,100106,100,99889,100,,,99865,100,,,99864,100,,,99862,100,,,,,,,,,,,,
2019-06-28 09:30:00.000000023,100014,100,99978,100,100060,100,99948,100,100066,100,99940,100,100096,100,99889,100,100106,100,99865,100,,,99864,100,,,99862,100,,,,,,,,,,,,
2019-06-28 09:30:00.000000024,100014,100,99979,100,100060,100,99978,100,100066,100,99948,100,100096,100,99940,100,100106,100,99889,100,,,99865,100,,,99864,100,,,99862,100,,,,,,,,
2019-06-28 09:30:00.000000025,99995,100,99979,100,100014,100,99978,100,100060,100,99948,100,100066,100,99940,100,100096,100,99889,100,100106,100,99865,100,100116,100,99864,100,,,99862,100,,,,,,,,
2019-06-28 09:30:00.000000031,99995,100,99979,100,100014,100,99978,100,100060,100,99948,100,100066,100,99940,100,100096,100,99889,100,100106,100,99865,100,100116,100,99864,100,100167,100,99862,100,,,,,,,,
2019-06-28 09:30:00.000000032,99995,100,99978,100,100014,100,99948,100,100060,100,99940,100,100066,100,99889,100,100096,100,99865,100,100106,100,99864,100,100116,100,99862,100,100167,100,,,,,,,,,,
2019-06-28 09:30:00.000000033,99995,100,99978,100,100014,100,99948,100,100060,100,99940,100,100066,100,99911,100,100096,100,99889,100,100106,100,99865,100,100116,100,99864,100,100147,100,99862,100,100167,100,,,,,,
2019-06-28 09:30:00.000000034,99995,100,99979,100,100014,100,99978,100,100060,100,99948,100,100066,100,99940,100,100096,100,99911,100,100106,100,99897,100,100116,100,99889,100,100147,100,99865,100,100167,100,99864,100,,,99862,100
2019-06-28 09:30:00.000000036,99995,100,99979,100,100014,100,99978,100,100060,100,99948,100,100066,100,99940,100,100070,100,99911,100,100096,100,99897,100,100106,100,99889,100,100116,100,99865,100,100147,100,99864,100,100167,100,99862,100
2019-06-28 09:30:00.000000039,99995,100,99979,100,100014,100,99978,100,100060,100,99948,100,100066,100,99940,100,100070,100,99911,100,100096,100,99897,100,100106,100,99889,100,100111,100,99865,100,100116,100,99864,100,100147,100,99862,100
2019-06-28 09:30:00.000000046,99995,100,99979,100,100014,100,99978,100,100060,100,99948,100,100066,100,99940,100,100070,100,99911,100,100096,100,99901,100,100106,100,99897,100,100111,100,99889,100,100116,100,99865,100,100147,100,99864,100
2019-06-28 09:30:00.000000048,99995,100,99979,100,100014,100,99978,100,100060,100,99948,100,100065,100,99940,100,100066,100,99911,100,100070,100,99901,100,100096,100,99897,100,100106,100,99889,100,100111,100,99865,100,100116,100,99864,100
2019-06-28 09:30:00.000000049,99995,100,99979,200,100014,100,99978,100,100060,100,99948,100,100065,100,99940,100,100066,100,99911,100,100070,100,99901,100,100096,100,99897,100,100106,100,99889,100,100111,100,99865,100,100116,100,99864,100
2019-06-28 09:30:00.000000051,99995,100,99979,200,100014,100,99978,100,100031,100,99948,100,100060,100,99940,100,100065,100,99911,100,100066,100,99901,100,100070,100,99897,100,100096,100,99889,100,100106,100,99865,100,100111,100,99864,100
2019-06-28 09:30:00.000000056,99995,100,99979,300,100014,100,99978,100,100031,100,99948,100,100060,100,99940,100,100065,100,99911,100,100066,100,99901,100,100070,100,99897,100,100096,100,99889,100,100106,100,99865,100,100111,100,99864,100
2019-06-28 09:30:00.000000058,99995,100,99979,300,100014,100,99978,100,100031,100,99957,100,100060,100,99948,100,100065,100,99940,100,100066,100,99911,100,100070,100,99901,100,100096,100,99897,100,100106,100,99889,100,100111,100,99865,100
2019-06-28 09:30:00.000000059,100014,100,99980,100,100031,100,99979,300,100060,100,99978,100,100065,100,99957,100,100066,100,99953,100,100070,100,99948,100,100096,100,99940,100,100106,100,99911,100,100111,100,99901,100,100116,100,99897,100
2019-06-28 09:30:00.000000062,100014,100,99980,100,100031,100,99979,300,100060,100,99978,100,100065,100,99957,100,100066,100,99953,100,100070,100,99948,100,100096,100,99940,100,100106,100,99911,100,100111,100,99901,100,100116,100,99900,100
2019-06-28 09:30:00.000000063,100014,100,99980,100,100031,100,99979,300,100060,100,99978,100,100065,100,99957,100,100066,100,99953,100,100070,100,99948,100,100096,100,99940,100,100106,100,99911,100,100111,100,99901,100,100116,100,99900,100
2019-06-28 09:30:00.000000064,100002,100,99980,100,100014,100,99979,300,100031,100,99978,100,100060,100,99957,100,100065,100,99953,100,100066,100,99948,100,100070,100,99940,100,100096,100,99911,100,100106,100,99901,100,100111,100,99900,100
2019-06-28 09:30:00.000000067,100002,100,99980,100,100014,100,99979,300,100031,100,99978,100,100060,100,99977,100,100065,100,99957,100,100066,100,99953,100,100070,100,99948,100,100096,100,99940,100,100106,100,99911,100,100111,100,99901,100
2019-06-28 09:30:00.000000070,100002,100,99992,100,100014,100,99980,100,100031,100,99979,300,100060,100,99978,100,100065,100,99977,100,100066,100,99957,100,100070,100,99953,100,100096,100,99948,100,100106,100,99940,100,100111,100,99911,100
2019-06-28 09:30:00.000000072,100002,100,99992,100,100014,100,99980,100,100031,100,99979,300,100060,100,99978,100,100065,100,99977,100,100066,100,99957,100,100069,100,99953,100,100070,100,99948,100,100096,100,99940,100,100106,100,99911,100
2019-06-28 09:30:00.000000073,100002,100,99992,100,100014,100,99980,200,100031,100,99979,300,100060,100,99978,100,100065,100,99977,100,100066,100,99957,100,100069,100,99953,100,100070,100,99948,100,100096,100,99940,100,100106,100,99911,100
2019-06-28 09:30:00.000000076,100002,100,99992,100,100014,100,99980,200,100031,100,99979,300,100060,100,99978,100,100065,100,99977,100,100066,100,99957,100,100069,100,99953,100,100070,100,99948,100,100096,100,99940,100,100106,100,99937,100
2019-06-28 09:30:00.000000077,100002,100,99992,100,100014,100,99980,200,100031,100,99979,300,100060,100,99978,100,100065,100,99977,100,100066,100,99957,100,100069,200,99953,100,100070,100,99948,100,100096,100,99940,100,100106,100,99937,100
2019-06-28 09:30:00.000000078,100002,100,99992,100,100014,100,99980,200,100031,100,99979,300,100060,100,99978,100,100065,100,99977,100,100066,100,99957,100,100069,200,99953,100,100070,100,99948,100,100096,100,99940,100,100106,100,99937,100
2019-06-28 09:30:00.000000079,100002,100,99992,100,100014,100,99980,200,100031,100,99979,300,100060,100,99978,100,100065,100,99977,100,100066,100,99957,100,100069,200,99953,100,100070,100,99948,100,100077,100,99940,100,100096,100,99937,100
2019-06-28 09:30:00.000000081,100002,100,99980,200,100014,100,99979,300,100031,100,99978,100,100060,100,99977,100,100065,100,99957,100,100066,100,99953,100,100069,200,99948,100,100070,100,99940,100,100077,100,99937,100,100096,100,99911,100
2019-06-28 09:30:00.000000082,99995,100,99980,200,100002,100,99979,300,100014,100,99978,100,100031,100,99977,100,100060,100,99957,100,100065,100,99953,100,100066,100,99948,100,100069,200,99940,100,100070,100,99937,100,100077,100,99911,100
2019-06-28 09:30:00.000000084,99995,100,99980,200,100002,100,99979,300,100014,100,99978,100,100031,100,99977,100,100060,100,99957,100,100065,100,99953,100,100066,100,99948,100,100069,200,99940,100,100070,100,99937,100,100077,100,99911,100
2019-06-28 09:30:00.000000085,100002,100,99980,200,100014,100,99979,300,100031,100,99978,100,100060,100,99977,100,100065,100,99957,100,100066,100,99953,100,100069,200,99948,100,100070,100,99940,100,100077,100,99937,100,100096,100,99911,100
2019-06-28 09:30:00.000000087,100002,100,99980,200,100014,100,99979,300,100031,100,99978,100,100047,100,99977,100,100060,100,99957,100,100065,100,99953,100,100066,100,99948,100,100069,200,99940,100,100070,100,99937,100,100077,100,99911,100
2019-06-28 09:30:00.000000088,100002,100,99980,200,100014,100,99979,300,100031,100,99978,100,100047,100,99977,100,100060,100,99957,100,100065,100,99953,100,100066,100,99948,100,100069,200,99940,100,100070,100,99937,100,100077,100,99911,100
2019-06-28 09:30:00.000000089,100002,100,99980,200,100014,100,99979,300,100031,100,99978,100,100047,100,99977,100,100060,100,99957,100,100065,100,99953,100,100066,100,99948,100,100069,200,99940,100,100070,100,99937,100,100077,100,99923,100
2019-06-28 09:30:00.000000090,100014,100,99980,200,100031,100,99979,300,100047,100,99978,100,100060,100,99977,100,100065,100,99957,100,100066,100,99953,100,100069,200,99948,100,100070,100,99940,100,100077,100,99937,100,100096,100,99923,100
2019-06-28 09:30:00.000000091,100014,100,99995,100,100031,100,99980,200,100047,100,99979,300,100060,100,99978,100,100065,100,99977,100,100066,100,99957,100,100069,200,99953,100,100070,100,99948,100,100077,100,99940,100,100096,100,99937,100
2019-06-28 09:30:00.000000092,100031,100,99995,100,100047,100,99980,200,100060,100,99979,300,100065,100,99978,100,100066,100,99977,100,100069,200,99957,100,100070,100,99953,100,100077,100,99948,100,100096,100,99940,100,100106,100,99937,100
2019-06-28 09:30:00.000000095,100031,100,99995,100,100047,100,99980,300,100060,100,99979,300,100065,100,99978,100,100066,100,99977,100,100069,200,99957,100,100070,100,99953,100,100077,100,99948,100,100096,100,99940,100,100106,100,99937,100
2019-06-28 09:30:00.000000098,100031,100,99995,100,100047,100,99980,300,100060,100,99979,300,100065,100,99978,100,100066,100,99977,100,100069,200,99957,100,100070,100,99953,100,100077,100,99948,100,100096,100,99940,100,100106,100,99937,100
2019-06-28 09:30:04.398533514,100031,100,99995,100,100047,100,99980,300,100060,100,99979,300,100065,100,99978,100,100066,100,99977,100,100069,200,99957,100,100070,100,99953,100,100077,100,99948,100,100096,100,99940,100,100106,100,99937,100
2019-06-28 09:30:10.000000000,100031,169,99995,169,100047,169,99980,369,100060,169,99979,369,100065,169,99978,169,100066,169,99977,169,100069,200,99957,100,100070,100,99953,100,100077,100,99948,100,100096,100,99940,100,100106,100,99937,100
2019-06-28 09:30:20.000000000,100031,272,99995,272,100047,272,99980,472,100060,100,99979,300,100065,100,99978,100,100066,100,99977,100,100069,200,99957,100,100070,100,99953,100,100077,100,99948,100,100096,100,99940,100,100106,100,99937,100
2019-06-28 09:30:30.000000000,100031,186,99995,186,100047,186,99980,386,100060,186,99979,386,100065,186,99978,186,100066,100,99977,100,100069,200,99957,100,100070,100,99953,100,100077,100,99948,100,100096,100,99940,100,100106,100,99937,100
2019-06-28 09:30:40.000000000,100031,169,99995,169,100047,169,99980,369,100060,169,99979,369,100065,169,99978,169,100066,169,99977,169,100069,200,99957,100,100070,100,99953,100,100077,100,99948,100,100096,100,99940,100,100106,100,99937,100
2019-06-28 09:30:40.891932969,100031,169,99995,169,100047,169,99980,369,100060,169,99979,369,100065,169,99978,169,100066,169,99977,169,100069,200,99957,100,100070,100,99953,100,100077,100,99948,100,100096,100,99940,100,100106,100,99937,100
2019-06-28 09:30:50.000000000,100031,272,99995,272,100047,272,99980,472,100060,100,99979,300,100065,100,99978,100,100066,100,99977,100,100069,200,99957,100,100070,100,99953,100,100077,100,99948,100,100096,100,99940,100,100106,100,99937,100
2019-06-28 09:30:58.232402326,100031,172,99995,272,100047,272,99980,472,100060,100,99979,300,100065,100,99978,100,100066,100,99977,100,100069,200,99957,100,100070,100,99953,100,100077,100,99948,100,100096,100,99940,100,100106,100,99937,100
2019-06-28 09:31:00.000000000,100047,169,99995,169,100060,169,99980,369,100065,169,99979,369,100066,169,99978,169,100069,269,99977,169,100070,100,99957,100,100077,100,99953,100,100096,100,99948,100,100106,100,99940,100,100111,100,99937,100
2019-06-28 09:31:09.183452938,100047,169,99995,169,100060,169,99980,369,100065,169,99979,369,100066,169,99978,169,100069,269,99977,169,100070,100,99957,100,100077,100,99953,100,100096,100,99948,100,100106,100,99940,100,100111,100,99923,100
2019-06-28 09:31:09.442327618,100047,169,99995,169,100060,169,99980,369,100065,169,99979,369,100066,169,99978,169,100069,269,99977,169,100070,100,99957,100,100077,100,99953,100,100096,100,99948,100,100111,100,99940,100,100115,100,99923,100
2019-06-28 09:31:10.000000000,100047,444,99995,444,100060,100,99980,300,100065,100,99979,300,100066,100,99978,100,100069,200,99977,100,100070,100,99957,100,100077,100,99953,100,100096,100,99948,100,100111,100,99940,100,100115,100,99923,100
2019-06-28 09:31:20.000000000,100047,186,99995,186,100060,186,99980,386,100065,186,99979,386,100066,186,99978,186,100069,200,99977,100,100070,100,99957,100,100077,100,99953,100,100096,100,99948,100,100111,100,99940,100,100115,100,99923,100
2019-06-28 09:31:30.000000000,100047,217,99995,217,100060,214,99980,414,100065,214,99979,414,100066,100,99978,100,100069,200,99977,100,100070,100,99957,100,100077,100,99953,100,100096,100,99948,100,100111,100,99940,100,100115,100,99923,100
2019-06-28 09:31:30.238276167,100047,217,99995,217,100060,214,99980,414,100065,214,99979,414,100066,100,99978,100,100069,200,99977,100,100070,100,99957,100,100077,100,99953,100,100096,100,99948,100,100111,100,99940,100,100115,100,99923,100
2019-06-28 09:31:40.000000000,100047,169,99995,169,100060,169,99980,369,100065,169,99979,369,100066,169,99978,169,100069,269,99977,169,100070,100,99957,100,100077,100,99953,100,100096,100,99948,100,100111,100,99940,100,100115,100,99923,100
2019-06-28 09:31:50.000000000,100047,444,99995,444,100060,100,99980,300,100065,100,99979,300,100066,100,99978,100,100069,200,99977,100,100070,100,99957,100,100077,100,99953,100,100096,100,99948,100,100111,100,99940,100,100115,100,99923,100
2019-06-28 09:31:50.426568387,100047,444,99995,444,100050,100,99980,300,100060,100,99979,300,100065,100,99978,100,100066,100,99977,100,100069,200,99957,100,100070,100,99953,100,100077,100,99948,100,100096,100,99940,100,100111,100,99923,100
2019-06-28 09:32:00.000000000,100047,272,99995,272,100050,272,99980,472,100060,100,99979,300,100065,100,99978,100,100066,100,99977,100,100069,200,99957,100,100070,100,99953,100,100077,100,99948,100,100096,100,99940,100,100111,100,99923,100
2019-06-28 09:32:04.082897616,100047,172,99995,272,100050,272,99980,472,100060,100,99979,300,100065,100,99978,100,100066,100,99977,100,100069,200,99957,100,100070,100,99953,100,100077,100,99948,100,100096,100,99940,100,100111,100,99923,100
2019-06-28 09:32:10.000000000,100050,444,99995,444,100060,100,99980,300,100065,100,99979,300,100066,100,99978,100,100069,200,99977,100,100070,100,99957,100,100077,100,99953,100,100096,100,99948,100,100111,100,99940,100,100115,100,99923,100
2019-06-28 09:32:20.000000000,100050,272,99995,272,100060,272,99980,472,100065,100,99979,300,100066,100,99978,100,100069,200,99977,100,100070,100,99957,100,100077,100,99953,100,100096,100,99948,100,100111,100,99940,100,100115,100,99923,100
2019-06-28 09:32:27.759781813,100039,100,99995,272,100050,272,99980,472,100060,272,99979,300,100065,100,99978,100,100066,100,99977,100,100069,200,99957,100,100070,100,99953,100,100077,100,99948,100,100096,100,99940,100,100111,100,99923,100
2019-06-28 09:32:30.000000000,100039,272,99995,272,100050,272,99980,472,100060,100,99979,300,100065,100,99978,100,100066,100,99977,100,100069,200,99957,100,100070,100,99953,100,100077,100,99948,100,100096,100,99940,100,100111,100,99923,100
2019-06-28 09:32:40.000000000,100039,444,99995,444,100050,100,99980,300,100060,100,99979,300,100065,100,99978,100,100066,100,99977,100,100069,200,99957,100,100070,100,99953,100,100077,100,99948,100,100096,100,99940,100,100111,100,99923,100
2019-06-28 09:32:44.328817421,100039,444,99995,444,100050,100,99980,300,100060,100,99979,200,100065,100,99978,100,100066,100,99977,100,100069,200,99957,100,100070,100,99953,100,100077,100,99948,100,100096,100,99940,100,100111,100,99923,100
2019-06-28 09:32:50.000000000,100039,272,99995,272,100050,272,99980,472,100060,100,99979,200,100065,100,99978,100,100066,100,99977,100,100069,200,99957,100,100070,100,99953,100,100077,100,99948,100,100096,100,99940,100,100111,100,99923,100
2019-06-28 09:32:56.424345430,100039,272,99995,272,100050,272,99980,472,100060,100,99979,200,100065,100,99978,100,100066,100,99977,100,100069,200,99957,100,100070,100,99953,100,100077,100,99948,100,100096,100,99940,100,100111,100,99923,100
2019-06-28 09:33:00.000000000,100039,169,99995,169,100050,169,99980,369,100060,169,99979,269,100065,169,99978,169,100066,169,99977,169,100069,200,99957,100,100070,100,99953,100,100077,100,99948,100,100096,100,99940,100,100111,100,99923,100
2019-06-28 09:33:10.000000000,100039,217,99995,217,100050,214,99980,414,100060,214,99979,314,100065,100,99978,100,100066,100,99977,100,100069,200,99957,100,100070,100,99953,100,100077,100,99948,100,100096,100,99940,100,100111,100,99923,100
2019-06-28 09:33:19.110117041,100039,217,99995,217,100050,214,99980,414,100060,214,99979,214,100065,100,99978,100,100066,100,99977,100,100069,200,99957,100,100070,100,99953,100,100077,100,99948,100,100096,100,99940,100,100111,100,99923,100
2019-06-28 09:33:20.000000000,100039,217,99995,217,100050,214,99980,414,100060,214,99979,214,100065,100,99978,100,100066,100,99977,100,100069,200,99957,100,100070,100,99953,100,100077,100,99948,100,100096,100,99940,100,100111,100,99923,100
2019-06-28 09:33:30.000000000,100039,169,99995,169,100050,169,99980,369,100060,169,99979,169,100065,169,99978,169,100066,169,99977,169,100069,200,99957,100,100070,100,99953,100,100077,100,99948,100,100096,100,99940,100,100111,100,99923,100
2019-06-28 09:33:40.000000000,100039,272,99995,272,100050,272,99980,472,100060,100,99979,100,100065,100,99978,100,100066,100,99977,100,100069,200,99957,100,100070,100,99953,100,100077,100,99948,100,100096,100,99940,100,100111,100,99923,100
2019-06-28 09:33:50.000000000,100039,169,99995,169,100050,169,99980,369,100060,169,99979,169,100065,169,99978,169,100066,169,99977,169,100069,200,99957,100,100070,100,99953,100,100077,100,99948,100,100096,100,99940,100,100111,100,99923,100
2019-06-28 09:34:00.000000000,100039,444,99995,444,100050,100,99980,300,100060,100,99979,100,100065,100,99978,100,100066,100,99977,100,100069,200,99957,100,100070,100,99953,100,100077,100,99948,100,100096,100,99940,100,100111,100,99923,100
2019-06-28 09:34:08.668167226,100039,344,99995,444,100050,100,99980,300,100060,100,99979,100,100065,100,99978,100,100066,100,99977,100,100069,200,99957,100,100070,100,99953,100,100077,100,99948,100,100096,100,99940,100,100111,100,99923,100
2019-06-28 09:34:10.000000000,100050,186,99995,186,100060,186,99980,386,100065,186,99979,186,100066,186,99978,186,100069,200,99977,100,100070,100,99957,100,100077,100,99953,100,100096,100,99948,100,100111,100,99940,100,100116,100,99923,100
2019-06-28 09:34:20.000000000,100050,444,99995,444,100060,100,99980,300,100065,100,99979,100,100066,100,99978,100,100069,200,99977,100,100070,100,99957,100,100077,100,99953,100,100096,100,99948,100,100111,100,99940,100,100116,100,99923,100
2019-06-28 09:34:23.875022882,100050,444,99995,444,100060,100,99980,300,100065,100,99979,100,100066,100,99978,100,100069,200,99977,100,100070,100,99957,100,100077,100,99953,100,100096,100,99948,100,100111,100,99940,100,100116,100,99923,100
2019-06-28 09:34:30.000000000,100050,217,99995,217,100060,214,99980,414,100065,214,99979,214,100066,100,99978,100,100069,200,99977,100,100070,100,99957,100,100077,100,99953,100,100096,100,99948,100,100111,100,99940,100,100116,100,99923,100
2019-06-28 09:34:31.951681500,100050,217,99995,217,100060,214,99980,414,100065,214,99979,214,100066,100,99978,100,100069,200,99977,100,100070,100,99957,100,100077,100,99953,100,100096,100,99948,100,100111,100,99940,100,100116,100,99923,100
2019-06-28 09:34:33.623409896,100050,217,99995,117,100060,114,99980,414,100065,214,99979,214,100066,100,99978,100,100069,200,99977,100,100070,100,99957,100,100077,100,99953,100,100096,100,99948,100,100111,100,99940,100,100116,100,99923,100
2019-06-28 09:34:40.000000000,100050,444,99980,644,100065,100,99979,100,100066,100,99978,100,100069,200,99977,100,100070,100,99957,100,100077,100,99953,100,100096,100,99948,100,100111,100,99940,100,100116,100,99923,100,100123,100,99911,100
2019-06-28 09:34:50.000000000,100050,169,99980,369,100065,169,99979,169,100066,169,99978,169,100069,269,99977,169,100070,169,99957,169,100077,100,99953,100,100096,100,99948,100,100111,100,99940,100,100116,100,99923,100,100123,100,99911,100
2019-06-28 09:35:00.000000000,100050,217,99980,417,100065,214,99979,214,100066,214,99978,214,100069,200,99977,100,100070,100,99957,100,100077,100,99953,100,100096,100,99948,100,100111,100,99940,100,100116,100,99923,100,100123,100,99911,100
2019-06-28 09:35:04.363482254,100038,100,99980,417,100050,217,99979,214,100065,214,99978,214,100066,214,99977,100,100069,200,99957,100,100070,100,99953,100,100077,100,99948,100,100096,100,99940,100,100111,100,99923,100,100116,100,99911,100
2019-06-28 09:35:10.000000000,100038,217,99980,417,100050,214,99979,214,100065,214,99978,214,100066,100,99977,100,100069,200,99957,100,100070,100,99953,100,100077,100,99948,100,100096,100,99940,100,100111,100,99923,100,100116,100,99911,100
2019-06-28 09:35:11.164052081,100038,217,99980,317,100050,214,99979,214,100065,214,99978,214,100066,100,99977,100,100069,200,99957,100,100070,100,99953,100,100077,100,99948,100,100096,100,99940,100,100111,100,99923,100,100116,100,99911,100
2019-06-28 09:35:13.130072443,100038,217,99980,217,100050,214,99979,214,100065,214,99978,214,100066,100,99977,100,100069,200,99957,100,100070,100,99953,100,100077,100,99948,100,100096,100,99940,100,100111,100,99923,100,100116,100,99911,100
2019-06-28 09:35:20.000000000,100038,169,99980,169,100050,169,99979,169,100065,169,99978,169,100066,169,99977,169,100069,269,99957,169,100070,100,99953,100,100077,100,99948,100,100096,100,99940,100,100111,100,99923,100,100116,100,99911,100
2019-06-28 09:35:30.000000000,100038,169,99980,169,100050,169,99979,169,100065,169,99978,169,100066,169,99977,169,100069,269,99957,169,100070,100,99953,100,100077,100,99948,100,100096,100,99940,100,100111,100,99923,100,100116,100,99911,100
2019-06-28 09:35:39.986098014,100024,100,99980,169,100038,169,99979,169,100050,169,99978,169,100065,169,99977,169,100066,169,99957,169,100069,269,99953,100,100070,100,99948,100,100077,100,99940,100,100096,100,99911,100,100111,100,99901,100
2019-06-28 09:35:40.000000000,100024,186,99980,186,100038,186,99979,186,100050,186,99978,186,100065,186,99977,186,100066,100,99957,100,100069,200,99953,100,100070,100,99948,100,100077,100,99940,100,100096,100,99911,100,100111,100,99901,100
2019-06-28 09:35:50.000000000,100024,272,99980,272,100038,272,99979,272,100050,100,99978,100,100065,100,99977,100,100066,100,99957,100,100069,200,99953,100,100070,100,99948,100,100077,100,99940,100,100096,100,99911,100,100111,100,99901,100
2019-06-28 09:35:50.236143484,100024,272,99980,272,100038,272,99979,272,100050,100,99978,100,100065,100,99977,100,100066,100,99957,100,100069,200,99953,100,100070,100,99948,100,100077,100,99940,100,100096,100,99911,100,100099,100,99901,100
2019-06-28 09:36:00.000000000,100024,272,99980,272,100038,272,99979,272,100050,100,99978,100,100065,100,99977,100,100066,100,99957,100,100069,200,99953,100,100070,100,99948,100,100077,100,99940,100,100096,100,99911,100,100099,100,99901,100
2019-06-28 09:36:10.000000000,100024,217,99980,217,100038,214,99979,214,100050,214,99978,214,100065,100,99977,100,100066,100,99957,100,100069,200,99953,100,100070,100,99948,100,100077,100,99940,100,100096,100,99911,100,100099,100,99901,100
2019-06-28 09:36:11.832298789,100024,217,99980,217,100038,214,99979,214,100050,214,99978,214,100065,100,99977,100,100066,100,99957,100,100069,200,99953,100,100070,100,99948,100,100077,100,99940,100,100096,100,99911,100,100099,100,99901,100
2019-06-28 09:36:13.721407163,100024,217,99981,100,100038,214,99980,217,100050,214,99979,214,100065,100,99978,214,100066,100,99977,100,100069,200,99957,100,100070,100,99953,100,100077,100,99948,100,100096,100,99940,100,100099,100,99911,100
2019-06-28 09:36:20.000000000,100024,186,99981,186,100038,186,99980,186,100050,186,99979,186,100065,186,99978,186,100066,100,99977,100,100069,200,99957,100,100070,100,99953,100,100077,100,99948,100,100096,100,99940,100,100099,100,99911,100
2019-06-28 09:36:26.863955418,100024,186,99981,186,100038,186,99980,186,100050,86,99979,186,100065,186,99978,186,100066,100,99977,100,100069,200,99957,100,100070,100,99953,100,100077,100,99948,100,100096,100,99940,100,100099,100,99911,100
2019-06-28 09:36:30.000000000,100024,217,99981,217,100038,214,99980,214,100065,214,99979,214,100066,100,99978,100,100069,200,99977,100,100070,100,99957,100,100077,100,99953,100,100096,100,99948,100,100099,100,99940,100,100111,100,99911,100
2019-06-28 09:36:33.101459858,100024,217,99981,217,100038,214,99980,214,100065,214,99979,214,100066,100,99978,100,100069,200,99977,100,100070,100,99957,100,100077,100,99953,100,100096,100,99948,100,100099,100,99940,100,100111,100,99911,100
2019-06-28 09:36:36.383241181,100024,217,99981,317,100038,214,99980,214,100065,214,99979,214,100066,100,99978,100,100069,200,99977,100,100070,100,99957,100,100077,100,99953,100,100096,100,99948,100,100099,100,99940,100,100111,100,99911,100
2019-06-28 09:36:40.000000000,100024,217,99981,317,100038,214,99980,214,100065,214,99979,214,100066,100,99978,100,100069,200,99977,100,100070,100,99957,100,100077,100,99953,100,100096,100,99948,100,100099,100,99940,100,100111,100,99911,100
2019-06-28 09:36:43.695495713,100024,117,99981,317,100038,214,99980,214,100065,214,99979,214,100066,100,99978,100,100069,200,99977,100,100070,100,99957,100,100096,100,99953,100,100099,100,99948,100,100111,100,99940,100,100116,100,99911,100
2019-06-28 09:36:50.000000000,100038,444,99981,544,100065,100,99980,100,100066,100,99979,100,100069,200,99978,100,100070,100,99977,100,100096,100,99957,100,100099,100,99953,100,100111,100,99948,100,100116,100,99940,100,100131,100,99911,100
2019-06-28 09:37:00.000000000,100038,217,99981,317,100065,214,99980,214,100066,214,99979,214,100069,200,99978,100,100070,100,99977,100,100096,100,99957,100,100099,100,99953,100,100111,100,99948,100,100116,100,99940,100,100131,100,99911,100
2019-06-28 09:37:10.000000000,100038,217,99981,317,100065,214,99980,214,100066,214,99979,214,100069,200,99978,100,100070,100,99977,100,100096,100,99957,100,100099,100,99953,100,100111,100,99948,100,100116,100,99940,100,100131,100,99911,100
2019-06-28 09:37:14.042251804,100038,117,99981,317,100065,214,99980,214,100066,214,99979,214,100069,200,99978,100,100070,100,99977,100,100096,100,99957,100,100099,100,99953,100,100116,100,99948,100,100131,100,99940,100,100138,100,99911,100
2019-06-28 09:37:20.000000000,100065,186,99981,286,100066,186,99980,186,100069,286,99979,186,100070,186,99978,186,100096,100,99977,100,100099,100,99957,100,100116,100,99953,100,100131,100,99948,100,100138,100,99940,100,100147,100,99911,100
2019-06-28 09:37:22.316368005,100065,186,99981,286,100066,186,99980,186,100069,286,99979,86,100070,186,99978,186,100096,100,99977,100,100099,100,99957,100,100116,100,99953,100,100131,100,99948,100,100138,100,99940,100,100147,100,99911,100
2019-06-28 09:37:30.000000000,100065,444,99981,544,100066,100,99980,100,100069,200,99978,100,100070,100,99977,100,100096,100,99957,100,100099,100,99953,100,100116,100,99948,100,100131,100,99940,100,100138,100,99911,100,100147,100,99901,100
2019-06-28 09:37:37.351148606,100065,444,99981,544,100066,100,99980,100,100069,200,99978,100,100070,100,99977,100,100096,100,99957,100,100099,100,99953,100,100116,100,99948,100,100131,100,99940,100,100138,100,99901,100,100147,100,99900,100
2019-06-28 09:37:40.000000000,100065,217,99981,317,100066,214,99980,214,100069,314,99978,214,100070,100,99977,100,100096,100,99957,100,100099,100,99953,100,100116,100,99948,100,100131,100,99940,100,100138,100,99901,100,100147,100,99900,100
2019-06-28 09:37:50.000000000,100065,444,99981,544,100066,100,99980,100,100069,200,99978,100,100070,100,99977,100,100096,100,99957,100,100099,100,99953,100,100116,100,99948,100,100131,100,99940,100,100138,100,99901,100,100147,100,99900,100
2019-06-28 09:38:00.000000000,100065,169,99981,269,100066,169,99980,169,100069,269,99978,169,100070,169,99977,169,100096,169,99957,169,100099,100,99953,100,100116,100,99948,100,100131,100,99940,100,100138,100,99901,100,100147,100,99900,100
2019-06-28 09:38:06.279188867,100065,69,99981,269,100066,169,99980,169,100069,269,99978,169,100070,169,99977,169,100096,169,99957,169,100099,100,99953,100,100116,100,99948,100,100131,100,99940,100,100138,100,99901,100,100147,100,99900,100
2019-06-28 09:38:10.000000000,100066,272,99981,372,100069,372,99980,272,100070,100,99978,100,100096,100,99977,100,100099,100,99957,100,100116,100,99953,100,100131,100,99948,100,100138,100,99940,100,100147,100,99901,100,100167,100,99900,100
2019-06-28 09:38:20.000000000,100066,444,99981,544,100069,200,99980,100,100070,100,99978,100,100096,100,99977,100,100099,100,99957,100,100116,100,99953,100,100131,100,99948,100,100138,100,99940,100,100147,100,99901,100,100167,100,99900,100
2019-06-28 09:38:30.000000000,100066,169,99981,269,100069,269,99980,169,100070,169,99978,169,100096,169,99977,169,100099,169,99957,169,100116,100,99953,100,100131,100,99948,100,100138,100,99940,100,100147,100,99901,100,100167,100,99900,100
2019-06-28 09:38:31.509888907,100066,169,99981,269,100069,269,99980,169,100070,169,99978,169,100096,169,99977,169,100099,169,99957,169,100116,100,99953,100,100131,100,99948,100,100138,100,99940,100,100147,100,99901,100,100167,100,99900,100
2019-06-28 09:38:40.000000000,100066,444,99981,544,100069,200,99980,100,100070,100,99978,100,100096,100,99977,100,100099,100,99957,100,100116,100,99953,100,100131,100,99948,100,100138,100,99940,100,100147,100,99901,100,100167,100,99900,100
2019-06-28 09:38:50.000000000,100066,444,99981,544,100069,200,99980,100,100070,100,99978,100,100096,100,99977,100,100099,100,99957,100,100116,100,99953,100,100131,100,99948,100,100138,100,99940,100,100147,100,99901,100,100167,100,99900,100
2019-06-28 09:38:51.532687450,100066,444,100033,100,100069,200,99981,544,100070,100,99980,100,100096,100,99978,100,100099,100,99977,100,100116,100,99957,100,100131,100,99953,100,100138,100,99948,100,100147,100,99940,100,100167,100,99901,100
2019-06-28 09:39:00.000000000,100066,444,100033,444,100069,200,99981,200,100070,100,99980,100,100096,100,99978,100,100099,100,99977,100,100116,100,99957,100,100131,100,99953,100,100138,100,99948,100,100147,100,99940,100,100167,100,99901,100
2019-06-28 09:39:03.930610663,100066,444,100038,100,100069,200,100033,444,100070,100,99981,200,100096,100,99980,100,100099,100,99978,100,100116,100,99977,100,100131,100,99957,100,100138,100,99953,100,100147,100,99948,100,100167,100,99940,100
2019-06-28 09:39:04.857016970,100066,444,100038,100,100069,200,100033,444,100070,100,99981,200,100096,100,99980,100,100099,100,99978,100,100116,100,99977,100,100138,100,99957,100,100147,100,99953,100,100156,100,99948,100,100167,100,99940,100
2019-06-28 09:39:10.000000000,100066,272,100038,272,100069,372,100033,272,100070,100,99981,200,100096,100,99980,100,100099,100,99978,100,100116,100,99977,100,100138,100,99957,100,100147,100,99953,100,100156,100,99948,100,100167,100,99940,100
2019-06-28 09:39:20.000000000,100066,272,100038,272,100069,372,100033,272,100070,100,99981,200,100096,100,99980,100,100099,100,99978,100,100116,100,99977,100,100138,100,99957,100,100147,100,99953,100,100156,100,99948,100,100167,100,99940,100
2019-06-28 09:39:23.181968235,100066,172,100038,272,100069,372,100033,272,100070,100,99981,200,100096,100,99980,100,100099,100,99978,100,100116,100,99977,100,100138,100,99957,100,100147,100,99953,100,100156,100,99948,100,100167,100,99940,100
2019-06-28 09:39:27.153410454,100066,72,100038,272,100069,372,100033,272,100070,100,99981,200,100096,100,99980,100,100099,100,99978,100,100116,100,99977,100,100138,100,99957,100,100147,100,99953,100,100156,100,99948,100,100167,100,99940,100
2019-06-28 09:39:30.000000000,100069,269,100038,169,100070,169,100033,169,100096,169,99981,269,100099,169,99980,169,100116,169,99978,169,100138,100,99977,100,100147,100,99957,100,100156,100,99953,100,100167,100,99948,100,100168,100,99940,100
2019-06-28 09:39:40.000000000,100069,372,100038,272,100070,272,100033,272,100096,100,99981,200,100099,100,99980,100,100116,100,99978,100,100138,100,99977,100,100147,100,99957,100,100156,100,99953,100,100167,100,99948,100,100168,100,99940,100
2019-06-28 09:39:40.187970175,100069,372,100038,272,100070,272,100033,272,100096,100,99981,200,100099,100,99980,100,100116,100,99978,100,100138,100,99977,100,100147,100,99957,100,100156,100,99953,100,100167,100,99940,100,100168,100,99901,100
2019-06-28 09:39:47.633861566,100069,372,100038,272,100070,272,100033,272,100096,100,99981,100,100099,100,99980,100,100116,100,99978,100,100138,100,99977,100,100147,100,99957,100,100156,100,99953,100,100167,100,99940,100,100168,100,99901,100
2019-06-28 09:39:50.000000000,100069,317,100038,217,100070,214,100033,214,100096,214,99981,214,100099,100,99980,100,100116,100,99978,100,100138,100,99977,100,100147,100,99957,100,100156,100,99953,100,100167,100,99940,100,100168,100,99901,100
2019-06-28 09:40:00.000000000,100069,544,100038,444,100070,100,100033,100,100096,100,99981,100,100099,100,99980,100,100116,100,99978,100,100138,100,99977,100,100147,100,99957,100,100156,100,99953,100,100167,100,99940,100,100168,100,99901,100
2019-06-28 09:40:02.635497997,100069,444,100038,444,100070,100,100033,100,100096,100,99981,100,100099,100,99980,100,100116,100,99978,100,100147,100,99977,100,100156,100,99957,100,100167,100,99953,100,100168,100,99940,100,100226,100,99901,100
2019-06-28 09:40:10.000000000,100069,217,100038,217,100070,214,100033,214,100096,214,99981,214,100099,100,99980,100,100116,100,99978,100,100147,100,99977,100,100156,100,99957,100,100167,100,99953,100,100168,100,99940,100,100226,100,99901,100
2019-06-28 09:40:20.000000000,100069,217,100038,217,100070,214,100033,214,100096,214,99981,214,100099,100,99980,100,100116,100,99978,100,100147,100,99977,100,100156,100,99957,100,100167,100,99953,100,100168,100,99940,100,100226,100,99901,100
2019-06-28 09:40:30.000000000,100069,186,100038,186,100070,186,100033,186,100096,186,99981,186,100099,186,99980,186,100116,100,99978,100,100147,100,99977,100,100156,100,99957,100,100167,100,99953,100,100168,100,99940,100,100226,100,99901,100
2019-06-28 09:40:40.000000000,100069,169,100038,169,100070,169,100033,169,100096,169,99981,169,100099,169,99980,169,100116,169,99978,169,100147,100,99977,100,100156,100,99957,100,100167,100,99953,100,100168,100,99940,100,100226,100,99901,100
2019-06-28 09:40:50.000000000,100069,272,100038,272,100070,272,100033,272,100096,100,99981,100,100099,100,99980,100,100116,100,99978,100,100147,100,99977,100,100156,100,99957,100,100167,100,99953,100,100168,100,99940,100,100226,100,99901,100
2019-06-28 09:41:00.000000000,100069,186,100038,186,100070,186,100033,186,100096,186,99981,186,100099,186,99980,186,100116,100,99978,100,100147,100,99977,100,100156,100,99957,100,100167,100,99953,100,100168,100,99940,100,100226,100,99901,100
2019-06-28 09:41:10.000000000,100069,444,100038,444,100070,100,100033,100,100096,100,99981,100,100099,100,99980,100,100116,100,99978,100,100147,100,99977,100,100156,100,99957,100,100167,100,99953,100,100168,100,99940,100,100226,100,99901,100
2019-06-28 09:41:20.000000000,100069,444,100038,444,100070,100,100033,100,100096,100,99981,100,100099,100,99980,100,100116,100,99978,100,100147,100,99977,100,100156,100,99957,100,100167,100,99953,100,100168,100,99940,100,100226,100,99901,100
2019-06-28 09:41:30.000000000,100069,272,100038,272,100070,272,100033,272,100096,100,99981,100,100099,100,99980,100,100116,100,99978,100,100147,100,99977,100,100156,100,99957,100,100167,100,99953,100,100168,100,99940,100,100226,100,99901,100
2019-06-28 09:41:40.000000000,100069,444,100038,444,100070,100,100033,100,100096,100,99981,100,100099,100,99980,100,100116,100,99978,100,100147,100,99977,100,100156,100,99957,100,100167,100,99953,100,100168,100,99940,100,100226,100,99901,100
2019-06-28 09:41:47.444696185,100069,444,100066,100,100070,100,100038,444,100096,100,100033,100,100099,100,99981,100,100116,100,99980,100,100147,100,99978,100,100156,100,99977,100,100167,100,99957,100,100168,100,99953,100,100226,100,99940,100
2019-06-28 09:41:50.000000000,100069,272,100066,272,100070,272,100038,272,100096,100,100033,100,100099,100,99981,100,100116,100,99980,100,100147,100,99978,100,100156,100,99977,100,100167,100,99957,100,100168,100,99953,100,100226,100,99940,100
2019-06-28 09:42:00.000000000,100069,272,100066,272,100070,272,100038,272,100096,100,100033,100,100099,100,99981,100,100116,100,99980,100,100147,100,99978,100,100156,100,99977,100,100167,100,99957,100,100168,100,99953,100,100226,100,99940,100
2019-06-28 09:42:08.079854418,100069,272,100066,272,100070,272,100038,272,100096,100,100033,100,100099,100,99981,100,100116,100,99980,100,100147,100,99978,100,100156,100,99977,100,100167,100,99957,100,100168,100,99953,100,100226,100,99940,100
2019-06-28 09:42:10.000000000,100069,272,100066,272,100070,272,100038,272,100096,100,100033,100,100099,100,99981,100,100116,100,99980,100,100147,100,99978,100,100156,100,99977,100,100167,100,99957,100,100168,100,99953,100,100226,100,99940,100
2019-06-28 09:42:20.000000000,100069,217,100066,217,100070,214,100038,214,100096,214,100033,214,100099,100,99981,100,100116,100,99980,100,100147,100,99978,100,100156,100,99977,100,100167,100,99957,100,100168,100,99953,100,100226,100,99940,100
2019-06-28 09:42:29.307506843,100069,217,100066,217,100070,214,100038,214,100096,214,100033,214,100099,100,99981,100,100116,100,99980,100,100147,100,99978,100,100156,100,99977,100,100167,100,99957,100,100168,100,99953,100,100226,100,99901,100
2019-06-28 09:42:30.000000000,100069,272,100066,272,100070,272,100038,272,100096,100,100033,100,100099,100,99981,100,100116,100,99980,100,100147,100,99978,100,100156,100,99977,100,100167,100,99957,100,100168,100,99953,100,100226,100,99901,100
2019-06-28 09:42:35.567329447,100069,172,100066,272,100070,272,100038,272,100096,100,100033,100,100099,100,99981,100,100116,100,99980,100,100147,100,99978,100,100156,100,99977,100,100167,100,99957,100,100168,100,99953,100,100226,100,99901,100
2019-06-28 09:42:40.000000000,100070,272,100066,272,100096,272,100038,272,100099,100,100033,100,100116,100,99981,100,100147,100,99980,100,100156,100,99978,100,100167,100,99977,100,100168,100,99957,100,100226,100,99953,100,100434,100,99901,100
2019-06-28 09:42:50.000000000,100070,444,100066,444,100096,100,100038,100,100099,100,100033,100,100116,100,99981,100,100147,100,99980,100,100156,100,99978,100,100167,100,99977,100,100168,100,99957,100,100226,100,99953,100,100434,100,99901,100
2019-06-28 09:42:54.923722131,100070,444,100066,444,100096,100,100038,100,100099,100,100033,100,100116,100,99981,100,100147,100,99980,100,100156,100,99978,100,100167,100,99977,100,100168,100,99957,100,100226,100,99953,100,100434,100,99901,100
2019-06-28 09:43:00.000000000,100070,444,100066,444,100096,100,100038,100,100099,100,100033,100,100116,100,99981,100,100147,100,99980,100,100156,100,99978,100,100167,100,99977,100,100168,100,99957,100,100226,100,99953,100,100434,100,99901,100
2019-06-28 09:43:01.207570240,100070,344,100066,444,100096,100,100038,100,100099,100,100033,100,100116,100,99981,100,100147,100,99980,100,100156,100,99978,100,100167,100,99977,100,100168,100,99957,100,100226,100,99953,100,100434,100,99901,100
2019-06-28 09:43:07.888492814,100070,244,100066,444,100096,100,100038,100,100099,100,100033,100,100116,100,99981,100,100147,100,99980,100,100156,100,99978,100,100167,100,99977,100,100168,100,99957,100,100226,100,99953,100,100434,100,99901,100
2019-06-28 09:43:10.000000000,100096,186,100066,186,100099,186,100038,186,100116,186,100033,186,100147,186,99981,186,100156,100,99980,100,100167,100,99978,100,100168,100,99977,100,100226,100,99957,100,100434,100,99953,100,100469,100,99901,100
2019-06-28 09:43:20.000000000,100096,272,100066,272,100099,272,100038,272,100116,100,100033,100,100147,100,99981,100,100156,100,99980,100,100167,100,99978,100,100168,100,99977,100,100226,100,99957,100,100434,100,99953,100,100469,100,99901,100
2019-06-28 09:43:30.000000000,100096,217,100066,217,100099,214,100038,214,100116,214,100033,214,100147,100,99981,100,100156,100,99980,100,100167,100,99978,100,100168,100,99977,100,100226,100,99957,100,100434,100,99953,100,100469,100,99901,100
2019-06-28 09:43:37.393851112,100096,217,100066,217,100099,214,100038,214,100116,214,100033,214,100147,100,99981,100,100156,100,99980,100,100167,100,99978,100,100168,100,99977,100,100226,100,99957,100,100434,100,99953,100,100469,100,99901,100
2019-06-28 09:43:40.000000000,100096,186,100066,186,100099,186,100038,186,100116,186,100033,186,100147,186,99981,186,100156,100,99980,100,100167,100,99978,100,100168,100,99977,100,100226,100,99957,100,100434,100,99953,100,100469,100,99901,100
2019-06-28 09:43:50.000000000,100096,169,100066,169,100099,169,100038,169,100116,169,100033,169,100147,169,99981,169,100156,169,99980,169,100167,100,99978,100,100168,100,99977,100,100226,100,99957,100,100434,100,99953,100,100469,100,99901,100
2019-06-28 09:44:00.000000000,100096,444,100066,444,100099,100,100038,100,100116,100,100033,100,100147,100,99981,100,100156,100,99980,100,100167,100,99978,100,100168,100,99977,100,100226,100,99957,100,100434,100,99953,100,100469,100,99901,100
2019-06-28 09:44:10.000000000,100096,272,100066,272,100099,272,100038,272,100116,100,100033,100,100147,100,99981,100,100156,100,99980,100,100167,100,99978,100,100168,100,99977,100,100226,100,99957,100,100434,100,99953,100,100469,100,99901,100
2019-06-28 09:44:12.273473533,100096,172,100066,272,100099,272,100038,272,100116,100,100033,100,100147,100,99981,100,100156,100,99980,100,100167,100,99978,100,100168,100,99977,100,100226,100,99957,100,100434,100,99953,100,100567,100,99901,100
2019-06-28 09:44:20.000000000,100099,186,100066,186,100116,186,100038,186,100147,186,100033,186,100156,186,99981,186,100167,100,99980,100,100168,100,99978,100,100226,100,99977,100,100434,100,99957,100,100567,100,99953,100,100610,100,99901,100
2019-06-28 09:44:30.000000000,100099,272,100066,272,100116,272,100038,272,100147,100,100033,100,100156,100,99981,100,100167,100,99980,100,100168,100,99978,100,100226,100,99977,100,100434,100,99957,100,100567,100,99953,100,100610,100,99901,100
2019-06-28 09:44:40.000000000,100099,186,100066,186,100116,186,100038,186,100147,186,100033,186,100156,186,99981,186,100167,100,99980,100,100168,100,99978,100,100226,100,99977,100,100434,100,99957,100,100567,100,99953,100,100610,100,99901,100
2019-06-28 09:44:45.223765173,100099,86,100066,186,100116,186,100038,186,100147,186,100033,186,100156,186,99981,186,100167,100,99980,100,100168,100,99978,100,100226,100,99977,100,100434,100,99957,100,100567,100,99901,100,100610,100,99900,100
2019-06-28 09:44:50.000000000,100116,444,100066,444,100147,100,100038,100,100156,100,100033,100,100167,100,99981,100,100168,100,99980,100,100226,100,99978,100,100434,100,99977,100,100567,100,99957,100,100610,100,99901,100,100632,100,99900,100
2019-06-28 09:45:00.000000000,100116,272,100066,272,100147,272,100038,272,100156,100,100033,100,100167,100,99981,100,100168,100,99980,100,100226,100,99978,100,100434,100,99977,100,100567,100,99957,100,100610,100,99901,100,100632,100,99900,100
2019-06-28 09:45:10.000000000,100116,272,100066,272,100147,272,100038,272,100156,100,100033,100,100167,100,99981,100,100168,100,99980,100,100226,100,99978,100,100434,100,99977,100,100567,100,99957,100,100610,100,99901,100,100632,100,99900,100
2019-06-28 09:45:14.043624148,100116,272,100086,100,100147,272,100066,272,100156,100,100038,272,100167,100,100033,100,100168,100,99981,100,100226,100,99980,100,100434,100,99978,100,100567,100,99977,100,100610,100,99957,100,100632,100,99901,100
2019-06-28 09:45:20.000000000,100116,169,100086,169,100147,169,100066,169,100156,169,100038,169,100167,169,100033,169,100168,169,99981,169,100226,100,99980,100,100434,100,99978,100,100567,100,99977,100,100610,100,99957,100,100632,100,99901,100
2019-06-28 09:45:24.935955918,100116,169,100086,169,100147,169,100066,169,100156,169,100038,169,100165,100,100033,169,100167,169,99981,169,100168,169,99980,100,100226,100,99978,100,100434,100,99977,100,100567,100,99957,100,100610,100,99901,100
2019-06-28 09:45:25.097676059,100116,169,100086,169,100147,169,100066,169,100156,169,100038,169,100165,100,100033,169,100167,169,99981,169,100168,169,99980,100,100226,100,99978,100,100374,100,99977,100,100434,100,99957,100,100567,100,99901,100
2019-06-28 09:45:30.000000000,100116,272,100086,272,100147,272,100066,272,100156,100,100038,100,100165,100,100033,100,100167,100,99981,100,100168,100,99980,100,100226,100,99978,100,100374,100,99977,100,100434,100,99957,100,100567,100,99901,100
2019-06-28 09:45:40.000000000,100116,169,100086,169,100147,169,100066,169,100156,169,100038,169,100165,169,100033,169,100167,169,99981,169,100168,100,99980,100,100226,100,99978,100,100374,100,99977,100,100434,100,99957,100,100567,100,99901,100
2019-06-28 09:45:50.000000000,100116,169,100086,169,100147,169,100066,169,100156,169,100038,169,100165,169,100033,169,100167,169,99981,169,100168,100,99980,100,100226,100,99978,100,100374,100,99977,100,100434,100,99957,100,100567,100,99901,100
2019-06-28 09:46:00.000000000,100116,217,100086,217,100147,214,100066,214,100156,214,100038,214,100165,100,100033,100,100167,100,99981,100,100168,100,99980,100,100226,100,99978,100,100374,100,99977,100,100434,100,99957,100,100567,100,99901,100
2019-06-28 09:46:06.697539958,100116,217,100086,217,100147,214,100066,214,100156,214,100038,214,100165,100,100033,100,100167,100,99981,100,100168,100,99980,100,100226,100,99978,100,100374,100,99977,100,100434,100,99957,100,100567,100,99901,100
2019-06-28 09:46:10.000000000,100116,217,100086,217,100147,214,100066,214,100156,214,100038,214,100165,100,100033,100,100167,100,99981,100,100168,100,99980,100,100226,100,99978,100,100374,100,99977,100,100434,100,99957,100,100567,100,99901,100
2019-06-28 09:46:14.723875297,100116,117,100086,217,100147,214,100066,214,100156,214,100038,214,100165,100,100033,100,100167,100,99981,100,100226,100,99980,100,100374,100,99978,100,100434,100,99977,100,100567,100,99957,100,100610,100,99901,100
2019-06-28 09:46:20.000000000,100147,272,100086,272,100156,272,100066,272,100165,100,100038,100,100167,100,100033,100,100226,100,99981,100,100374,100,99980,100,100434,100,99978,100,100567,100,99977,100,100610,100,99957,100,100632,100,99901,100
2019-06-28 09:46:21.145907044,100147,272,100086,272,100156,272,100066,272,100165,100,100038,100,100167,100,100033,100,100226,100,99981,100,100374,100,99980,100,100434,100,99977,100,100567,100,99957,100,100610,100,99901,100,100632,100,99897,100
2019-06-28 09:46:30.000000000,100147,444,100086,444,100156,100,100066,100,100165,100,100038,100,100167,100,100033,100,100226,100,99981,100,100374,100,99980,100,100434,100,99977,100,100567,100,99957,100,100610,100,99901,100,100632,100,99897,100
2019-06-28 09:46:39.677775307,100147,444,100086,444,100156,100,100066,100,100165,100,100033,100,100167,100,99981,100,100226,100,99980,100,100374,100,99977,100,100434,100,99957,100,100567,100,99901,100,100610,100,99897,100,100632,100,99895,100
2019-06-28 09:46:40.000000000,100147,186,100086,186,100156,186,100066,186,100165,186,100033,186,100167,186,99981,186,100226,100,99980,100,100374,100,99977,100,100434,100,99957,100,100567,100,99901,100,100610,100,99897,100,100632,100,99895,100
2019-06-28 09:46:47.410799957,100147,186,100086,186,100156,186,100066,186,100165,186,100033,186,100167,186,99981,186,100226,100,99980,100,100374,100,99977,100,100434,100,99957,100,100567,100,99901,100,100610,100,99897,100,100632,100,99895,100
2019-06-28 09:46:50.000000000,100147,272,100086,272,100156,272,100066,272,100165,100,100033,100,100167,100,99981,100,100226,100,99980,100,100374,100,99977,100,100434,100,99957,100,100567,100,99901,100,100610,100,99897,100,100632,100,99895,100
2019-06-28 09:46:53.309320407,100147,272,100086,272,100156,172,100066,272,100165,100,100033,100,100167,100,99981,100,100226,100,99980,100,100374,100,99977,100,100434,100,99957,100,100567,100,99901,100,100610,100,99897,100,100632,100,99895,100
2019-06-28 09:47:00.000000000,100147,169,100086,169,100165,169,100066,169,100167,169,100033,169,100226,169,99981,169,100374,169,99980,169,100434,100,99977,100,100567,100,99957,100,100610,100,99901,100,100632,100,99897,100,100702,100,99895,100
2019-06-28 09:47:04.256623403,100147,169,100086,169,100165,169,100066,169,100167,169,100033,169,100226,169,99981,169,100374,169,99980,169,100434,100,99977,100,100567,100,99957,100,100610,100,99901,100,100632,100,99897,100,100702,100,99895,100
2019-06-28 09:47:05.865819976,100147,169,100086,169,100165,69,100066,169,100167,169,100033,169,100226,169,99981,169,100374,169,99980,169,100434,100,99977,100,100567,100,99957,100,100610,100,99901,100,100632,100,99897,100,100702,100,99895,100
2019-06-28 09:47:07.695408139,100147,69,100086,169,100165,69,100066,169,100167,169,100033,169,100226,169,99981,169,100374,169,99980,169,100434,100,99977,100,100567,100,99957,100,100610,100,99901,100,100632,100,99897,100,100702,100,99895,100
2019-06-28 09:47:10.000000000,100167,444,100086,444,100226,100,100066,100,100374,100,100033,100,100434,100,99981,100,100567,100,99980,100,100610,100,99977,100,100632,100,99957,100,100702,100,99901,100,100735,100,99897,100,100768,100,99895,100
2019-06-28 09:47:12.220411229,100167,444,100116,100,100226,100,100086,444,100374,100,100066,100,100434,100,100033,100,100567,100,99981,100,100610,100,99980,100,100632,100,99977,100,100702,100,99957,100,100735,100,99901,100,100768,100,99897,100
2019-06-28 09:47:20.000000000,100167,444,100116,444,100226,100,100086,100,100374,100,100066,100,100434,100,100033,100,100567,100,99981,100,100610,100,99980,100,100632,100,99977,100,100702,100,99957,100,100735,100,99901,100,100768,100,99897,100
2019-06-28 09:47:30.000000000,100167,272,100116,272,100226,272,100086,272,100374,100,100066,100,100434,100,100033,100,100567,100,99981,100,100610,100,99980,100,100632,100,99977,100,100702,100,99957,100,100735,100,99901,100,100768,100,99897,100
2019-06-28 09:47:32.481867424,100167,272,100116,272,100226,272,100086,272,100374,100,100066,100,100434,100,100033,100,100567,100,99981,100,100610,100,99980,100,100632,100,99977,100,100702,100,99957,100,100735,100,99901,100,100768,100,99897,100
2019-06-28 09:47:40.000000000,100167,444,100116,444,100226,100,100086,100,100374,100,100066,100,100434,100,100033,100,100567,100,99981,100,100610,100,99980,100,100632,100,99977,100,100702,100,99957,100,100735,100,99901,100,100768,100,99897,100
2019-06-28 09:47:42.355699854,100167,344,100116,444,100226,100,100086,100,100374,100,100066,100,100434,100,100033,100,100567,100,99981,100,100610,100,99980,100,100632,100,99977,100,100702,100,99957,100,100735,100,99901,100,100768,100,99897,100
2019-06-28 09:47:50.000000000,100226,186,100116,186,100374,186,100086,186,100434,186,100066,186,100567,186,100033,186,100610,100,99981,100,100632,100,99980,100,100702,100,99977,100,100735,100,99957,100,100768,100,99901,100,100793,100,99897,100
2019-06-28 09:48:00.000000000,100226,217,100116,217,100374,214,100086,214,100434,214,100066,214,100567,100,100033,100,100610,100,99981,100,100632,100,99980,100,100702,100,99977,100,100735,100,99957,100,100768,100,99901,100,100793,100,99897,100
2019-06-28 09:48:10.000000000,100226,217,100116,217,100374,214,100086,214,100434,214,100066,214,100567,100,100033,100,100610,100,99981,100,100632,100,99980,100,100702,100,99977,100,100735,100,99957,100,100768,100,99901,100,100793,100,99897,100
2019-06-28 09:48:20.000000000,100226,217,100116,217,100374,214,100086,214,100434,214,100066,214,100567,100,100033,100,100610,100,99981,100,100632,100,99980,100,100702,100,99977,100,100735,100,99957,100,100768,100,99901,100,100793,100,99897,100
2019-06-28 09:48:30.000000000,100226,272,100116,272,100374,272,100086,272,100434,100,100066,100,100567,100,100033,100,100610,100,99981,100,100632,100,99980,100,100702,100,99977,100,100735,100,99957,100,100768,100,99901,100,100793,100,99897,100
2019-06-28 09:48:40.000000000,100226,169,100116,169,100374,169,100086,169,100434,169,100066,169,100567,169,100033,169,100610,169,99981,169,100632,100,99980,100,100702,100,99977,100,100735,100,99957,100,100768,100,99901,100,100793,100,99897,100
2019-06-28 09:48:50.000000000,100226,444,100116,444,100374,100,100086,100,100434,100,100066,100,100567,100,100033,100,100610,100,99981,100,100632,100,99980,100,100702,100,99977,100,100735,100,99957,100,100768,100,99901,100,100793,100,99897,100
2019-06-28 09:49:00.000000000,100226,217,100116,217,100374,214,100086,214,100434,214,100066,214,100567,100,100033,100,100610,100,99981,100,100632,100,99980,100,100702,100,99977,100,100735,100,99957,100,100768,100,99901,100,100793,100,99897,100
2019-06-28 09:49:00.567618277,100226,217,100116,217,100374,214,100086,214,100434,214,100066,214,100567,100,100033,100,100610,100,99981,100,100632,100,99980,100,100702,100,99977,100,100735,100,99957,100,100768,100,99901,100,100793,100,99897,100
2019-06-28 09:49:10.000000000,100226,217,100116,217,100374,214,100086,214,100434,214,100066,214,100567,100,100033,100,100610,100,99981,100,100632,100,99980,100,100702,100,99977,100,100735,100,99957,100,100768,100,99901,100,100793,100,99897,100
2019-06-28 09:49:10.469937221,100226,217,100116,217,100374,214,100086,214,100434,214,100066,214,100567,100,100033,100,100610,100,99981,100,100632,100,99980,100,100702,100,99977,100,100735,100,99957,100,100768,100,99901,100,100793,100,99897,100
2019-06-28 09:49:10.689250188,100226,117,100116,217,100374,114,100086,214,100434,214,100066,214,100567,100,100033,100,100610,100,99981,100,100632,100,99980,100,100702,100,99977,100,100735,100,99957,100,100768,100,99901,100,100793,100,99897,100
2019-06-28 09:49:20.000000000,100434,444,100116,444,100567,100,100086,100,100610,100,100066,100,100632,100,100033,100,100702,100,99981,100,100735,100,99980,100,100768,100,99977,100,100793,100,99957,100,100958,100,99901,100,101033,100,99897,100
2019-06-28 09:49:23.200575555,100434,344,100116,444,100567,100,100086,100,100610,100,100066,100,100632,100,100033,100,100702,100,99981,100,100735,100,99980,100,100768,100,99977,100,100793,100,99957,100,100958,100,99901,100,101033,100,99897,100
2019-06-28 09:49:30.000000000,100567,217,100116,217,100610,214,100086,214,100632,214,100066,214,100702,100,100033,100,100735,100,99981,100,100768,100,99980,100,100793,100,99977,100,100958,100,99957,100,101033,100,99901,100,101037,100,99897,100
2019-06-28 09:49:40.000000000,100567,272,100116,272,100610,272,100086,272,100632,100,100066,100,100702,100,100033,100,100735,100,99981,100,100768,100,99980,100,100793,100,99977,100,100958,100,99957,100,101033,100,99901,100,101037,100,99897,100
2019-06-28 09:49:50.000000000,100567,217,100116,217,100610,214,100086,214,100632,214,100066,214,100702,100,100033,100,100735,100,99981,100,100768,100,99980,100,100793,100,99977,100,100958,100,99957,100,101033,100,99901,100,101037,100,99897,100
2019-06-28 09:50:00.000000000,100567,444,100116,444,100610,100,100086,100,100632,100,100066,100,100702,100,100033,100,100735,100,99981,100,100768,100,99980,100,100793,100,99977,100,100958,100,99957,100,101033,100,99901,100,101037,100,99897,100
2019-06-28 09:50:03.210047031,100567,444,100116,444,100610,100,100086,100,100632,100,100066,100,100702,100,100033,100,100735,100,99981,100,100768,100,99980,100,100793,100,99977,100,100916,100,99957,100,100958,100,99901,100,101033,100,99897,100
2019-06-28 09:50:10.000000000,100567,444,100116,444,100610,100,100086,100,100632,100,100066,100,100702,100,100033,100,100735,100,99981,100,100768,100,99980,100,100793,100,99977,100,100916,100,99957,100,100958,100,99901,100,101033,100,99897,100
2019-06-28 09:50:20.000000000,100567,272,100116,272,100610,272,100086,272,100632,100,100066,100,100702,100,100033,100,100735,100,99981,100,100768,100,99980,100,100793,100,99977,100,100916,100,99957,100,100958,100,99901,100,101033,100,99897,100
2019-06-28 09:50:30.000000000,100567,186,100116,186,100610,186,100086,186,100632,186,100066,186,100702,186,100033,186,100735,100,99981,100,100768,100,99980,100,100793,100,99977,100,100916,100,99957,100,100958,100,99901,100,101033,100,99897,100
2019-06-28 09:50:33.234681945,100567,186,100222,100,100610,186,100116,186,100632,186,100086,186,100702,186,100066,186,100735,100,100033,186,100768,100,99981,100,100793,100,99980,100,100916,100,99977,100,100958,100,99957,100,101033,100,99897,100
2019-06-28 09:50:40.000000000,100567,272,100222,272,100610,272,100116,272,100632,100,100086,100,100702,100,100066,100,100735,100,100033,100,100768,100,99981,100,100793,100,99980,100,100916,100,99977,100,100958,100,99957,100,101033,100,99897,100
2019-06-28 09:50:48.899044835,100567,272,100516,100,100610,272,100222,272,100632,100,100116,272,100702,100,100086,100,100735,100,100066,100,100768,100,100033,100,100793,100,99981,100,100916,100,99980,100,100958,100,99977,100,101033,100,99957,100
2019-06-28 09:50:49.834605166,100567,172,100516,100,100610,272,100222,272,100632,100,100116,272,100702,100,100086,100,100735,100,100066,100,100768,100,100033,100,100793,100,99981,100,100916,100,99980,100,100958,100,99977,100,101033,100,99957,100
2019-06-28 09:50:50.000000000,100610,217,100516,217,100632,214,100222,214,100702,214,100116,214,100735,100,100086,100,100768,100,100066,100,100793,100,100033,100,100916,100,99981,100,100958,100,99980,100,101033,100,99977,100,101037,100,99957,100
2019-06-28 09:51:00.000000000,100610,186,100516,186,100632,186,100222,186,100702,186,100116,186,100735,186,100086,186,100768,100,100066,100,100793,100,100033,100,100916,100,99981,100,100958,100,99980,100,101033,100,99977,100,101037,100,99957,100
2019-06-28 09:51:09.964086943,100610,86,100516,186,100632,186,100222,186,100702,186,100116,186,100735,186,100086,186,100768,100,100066,100,100793,100,100033,100,100916,100,99981,100,100958,100,99980,100,101033,100,99977,100,101037,100,99957,100
2019-06-28 09:51:10.000000000,100632,217,100516,217,100702,214,100222,214,100735,214,100116,214,100768,100,100086,100,100793,100,100066,100,100916,100,100033,100,100958,100,99981,100,101033,100,99980,100,101037,100,99977,100,101053,100,99957,100
2019-06-28 09:51:16.129111439,100632,217,100516,117,100702,214,100222,214,100735,214,100116,214,100768,100,100086,100,100793,100,100066,100,100916,100,100033,100,100958,100,99981,100,101033,100,99980,100,101037,100,99977,100,101053,100,99957,100
2019-06-28 09:51:18.498859682,100632,217,100516,117,100702,214,100222,214,100735,214,100116,214,100768,100,100086,100,100793,100,100066,100,100916,100,100033,100,100958,100,99981,100,101033,100,99977,100,101037,100,99957,100,101053,100,99942,100
2019-06-28 09:51:20.000000000,100632,186,100222,186,100702,186,100116,186,100735,186,100086,186,100768,186,100066,186,100793,100,100033,100,100916,100,99981,100,100958,100,99977,100,101033,100,99957,100,101037,100,99942,100,101053,100,99897,100
2019-06-28 09:51:29.997364620,100632,186,100222,86,100702,186,100116,186,100735,186,100086,186,100768,186,100066,186,100793,100,100033,100,100916,100,99981,100,100958,100,99977,100,101033,100,99957,100,101037,100,99942,100,101053,100,99897,100
2019-06-28 09:51:30.000000000,100632,169,100116,169,100702,169,100086,169,100735,169,100066,169,100768,169,100033,169,100793,169,99981,169,100916,100,99977,100,100958,100,99957,100,101033,100,99942,100,101037,100,99897,100,101053,100,99874,100
2019-06-28 09:51:36.280086328,100516,100,100116,169,100632,169,100086,169,100702,169,100066,169,100735,169,100033,169,100768,169,99981,169,100793,169,99977,100,100916,100,99957,100,100958,100,99942,100,101033,100,99897,100,101037,100,99874,100
2019-06-28 09:51:40.000000000,100516,444,100116,444,100632,100,100086,100,100702,100,100066,100,100735,100,100033,100,100768,100,99981,100,100793,100,99977,100,100916,100,99957,100,100958,100,99942,100,101033,100,99897,100,101037,100,99874,100
2019-06-28 09:51:50.000000000,100516,217,100116,217,100632,214,100086,214,100702,214,100066,214,100735,100,100033,100,100768,100,99981,100,100793,100,99977,100,100916,100,99957,100,100958,100,99942,100,101033,100,99897,100,101037,100,99874,100
2019-06-28 09:52:00.000000000,100516,444,100116,444,100632,100,100086,100,100702,100,100066,100,100735,100,100033,100,100768,100,99981,100,100793,100,99977,100,100916,100,99957,100,100958,100,99942,100,101033,100,99897,100,101037,100,99874,100
2019-06-28 09:52:10.000000000,100516,272,100116,272,100632,272,100086,272,100702,100,100066,100,100735,100,100033,100,100768,100,99981,100,100793,100,99977,100,100916,100,99957,100,100958,100,99942,100,101033,100,99897,100,101037,100,99874,100
2019-06-28 09:52:13.785977931,100516,272,100116,272,100632,272,100086,272,100735,100,100066,100,100768,100,100033,100,100793,100,99981,100,100916,100,99977,100,100958,100,99957,100,101033,100,99942,100,101037,100,99897,100,101053,100,99874,100
2019-06-28 09:52:16.184976326,100516,272,100116,172,100632,272,100086,272,100735,100,100066,100,100768,100,100033,100,100793,100,99981,100,100916,100,99957,100,100958,100,99942,100,101033,100,99897,100,101037,100,99874,100,101053,100,99864,100
2019-06-28 09:52:20.000000000,100516,186,100086,186,100632,186,100066,186,100735,186,100033,186,100768,186,99981,186,100793,100,99957,100,100916,100,99942,100,100958,100,99897,100,101033,100,99874,100,101037,100,99864,100,101053,100,99849,100
2019-06-28 09:52:30.000000000,100516,444,100086,444,100632,100,100066,100,100735,100,100033,100,100768,100,99981,100,100793,100,99957,100,100916,100,99942,100,100958,100,99897,100,101033,100,99874,100,101037,100,99864,100,101053,100,99849,100
2019-06-28 09:52:40.000000000,100516,217,100086,217,100632,214,100066,214,100735,214,100033,214,100768,100,99981,100,100793,100,99957,100,100916,100,99942,100,100958,100,99897,100,101033,100,99874,100,101037,100,99864,100,101053,100,99849,100
2019-06-28 09:52:46.836168151,100516,217,100086,117,100632,214,100066,214,100735,214,100033,214,100768,100,99981,100,100793,100,99957,100,100916,100,99942,100,100958,100,99897,100,101033,100,99874,100,101037,100,99864,100,101053,100,99849,100
2019-06-28 09:52:50.000000000,100516,217,100066,217,100632,214,100033,214,100735,214,99981,214,100768,100,99957,100,100793,100,99942,100,100916,100,99897,100,100958,100,99874,100,101033,100,99864,100,101037,100,99849,100,101053,100,99843,100
2019-06-28 09:53:00.000000000,100516,272,100066,272,100632,272,100033,272,100735,100,99981,100,100768,100,99957,100,100793,100,99942,100,100916,100,99897,100,100958,100,99874,100,101033,100,99864,100,101037,100,99849,100,101053,100,99843,100
2019-06-28 09:53:10.000000000,100516,169,100066,169,100632,169,100033,169,100735,169,99981,169,100768,169,99957,169,100793,169,99942,169,100916,100,99897,100,100958,100,99874,100,101033,100,99864,100,101037,100,99849,100,101053,100,99843,100
2019-06-28 09:53:20.000000000,100516,217,100066,217,100632,214,100033,214,100735,214,99981,214,100768,100,99957,100,100793,100,99942,100,100916,100,99897,100,100958,100,99874,100,101033,100,99864,100,101037,100,99849,100,101053,100,99843,100
2019-06-28 09:53:30.000000000,100516,217,100066,217,100632,214,100033,214,100735,214,99981,214,100768,100,99957,100,100793,100,99942,100,100916,100,99897,100,100958,100,99874,100,101033,100,99864,100,101037,100,99849,100,101053,100,99843,100
2019-06-28 09:53:38.373528497,100116,100,100066,217,100516,217,100033,214,100632,214,99981,214,100735,214,99957,100,100768,100,99942,100,100793,100,99897,100,100916,100,99874,100,100958,100,99864,100,101033,100,99849,100,101037,100,99843,100
2019-06-28 09:53:40.000000000,100116,444,100066,444,100516,100,100033,100,100632,100,99981,100,100735,100,99957,100,100768,100,99942,100,100793,100,99897,100,100916,100,99874,100,100958,100,99864,100,101033,100,99849,100,101037,100,99843,100
2019-06-28 09:53:41.658844155,100116,444,100066,344,100516,100,100033,100,100632,100,99981,100,100735,100,99942,100,100768,100,99897,100,100793,100,99874,100,100916,100,99864,100,100958,100,99849,100,101033,100,99843,100,101037,100,99663,100
2019-06-28 09:53:50.000000000,100116,217,100033,217,100516,214,99981,214,100632,214,99942,214,100735,100,99897,100,100768,100,99874,100,100793,100,99864,100,100916,100,99849,100,100958,100,99843,100,101033,100,99663,100,101037,100,,
2019-06-28 09:54:00.000000000,100116,186,100033,186,100516,186,99981,186,100632,186,99942,186,100735,186,99897,186,100768,100,99874,100,100793,100,99864,100,100916,100,99849,100,100958,100,99843,100,101033,100,99663,100,101037,100,,
2019-06-28 09:54:10.000000000,100116,444,100033,444,100516,100,99981,100,100632,100,99942,100,100735,100,99897,100,100768,100,99874,100,100793,100,99864,100,100916,100,99849,100,100958,100,99843,100,101033,100,99663,100,101037,100,,
2019-06-28 09:54:20.000000000,100116,444,100033,444,100516,100,99981,100,100632,100,99942,100,100735,100,99897,100,100768,100,99874,100,100793,100,99864,100,100916,100,99849,100,100958,100,99843,100,101033,100,99663,100,101037,100,,
2019-06-28 09:54:25.718130331,100116,444,100033,344,100516,100,99981,100,100632,100,99942,100,100735,100,99897,100,100768,100,99874,100,100793,100,99864,100,100916,100,99849,100,100958,100,99843,100,101033,100,99663,100,101037,100,,
2019-06-28 09:54:27.271283981,100116,444,100033,244,100516,100,99981,100,100632,100,99942,100,100735,100,99897,100,100768,100,99874,100,100793,100,99864,100,100916,100,99849,100,100958,100,99843,100,101033,100,99663,100,101037,100,,
2019-06-28 09:54:30.000000000,100116,444,99981,444,100516,100,99942,100,100632,100,99897,100,100735,100,99874,100,100768,100,99864,100,100793,100,99849,100,100916,100,99843,100,100958,100,99663,100,101033,100,,,101037,100,,
2019-06-28 09:54:32.040828146,100116,444,99981,444,100516,100,99942,100,100632,100,99897,100,100735,100,99874,100,100768,100,99864,100,100793,100,99849,100,100916,100,99843,100,100958,100,99731,100,101033,100,99663,100,101037,100,,
2019-06-28 09:54:35.184735071,100116,444,99981,344,100516,100,99942,100,100632,100,99897,100,100735,100,99874,100,100768,100,99864,100,100793,100,99849,100,100916,100,99843,100,100958,100,99731,100,101033,100,99663,100,101037,100,,
2019-06-28 09:54:40.000000000,100116,217,99942,217,100516,214,99897,214,100632,214,99874,214,100735,100,99864,100,100768,100,99849,100,100793,100,99843,100,100916,100,99731,100,100958,100,99663,100,101033,100,,,101037,100,,
2019-06-28 09:54:40.695885327,100116,217,99942,217,100516,214,99897,214,100632,214,99874,214,100735,100,99864,100,100768,100,99849,100,100793,100,99843,100,100916,100,99731,100,100958,100,99663,100,101033,100,99539,100,101037,100,,
2019-06-28 09:54:48.421743317,100116,217,99942,117,100516,214,99897,214,100632,114,99874,214,100735,100,99864,100,100768,100,99849,100,100793,100,99843,100,100916,100,99731,100,100958,100,99663,100,101033,100,99539,100,101037,100,,
2019-06-28 09:54:50.000000000,100116,186,99897,186,100516,186,99874,186,100735,186,99864,186,100768,186,99849,186,100793,100,99843,100,100916,100,99731,100,100958,100,99663,100,101033,100,99539,100,101037,100,,,101053,100,,
2019-06-28 09:55:00.000000000,100116,272,99897,272,100516,272,99874,272,100735,100,99864,100,100768,100,99849,100,100793,100,99843,100,100916,100,99731,100,100958,100,99663,100,101033,100,99539,100,101037,100,,,101053,100,,
2019-06-28 09:55:04.433859556,100116,272,99897,272,100516,272,99874,272,100735,100,99864,100,100768,100,99849,100,100793,100,99843,100,100916,100,99731,100,100958,100,99663,100,101033,100,99600,100,101037,100,99539,100,101053,100,,
2019-06-28 09:55:10.000000000,100116,186,99897,186,100516,186,99874,186,100735,186,99864,186,100768,186,99849,186,100793,100,99843,100,100916,100,99731,100,100958,100,99663,100,101033,100,99600,100,101037,100,99539,100,101053,100,,
2019-06-28 09:55:13.908281423,100116,186,99897,86,100516,186,99874,186,100735,186,99864,186,100768,186,99849,186,100793,100,99843,100,100916,100,99731,100,100958,100,99663,100,101033,100,99600,100,101037,100,99539,100,101053,100,,
2019-06-28 09:55:20.000000000,100116,272,99874,272,100516,272,99864,272,100735,100,99849,100,100768,100,99843,100,100793,100,99731,100,100916,100,99663,100,100958,100,99600,100,101033,100,99539,100,101037,100,,,101053,100,,
2019-06-28 09:55:30.000000000,100116,169,99874,169,100516,169,99864,169,100735,169,99849,169,100768,169,99843,169,100793,169,99731,169,100916,100,99663,100,100958,100,99600,100,101033,100,99539,100,101037,100,,,101053,100,,
2019-06-28 09:55:33.070734226,100116,169,99874,169,100516,169,99864,169,100735,169,99849,169,100768,169,99843,169,100793,169,99841,100,100916,100,99731,169,100958,100,99663,100,101033,100,99539,100,101037,100,,,101053,100,,
2019-06-28 09:55:40.000000000,100116,186,99874,186,100516,186,99864,186,100735,186,99849,186,100768,186,99843,186,100793,100,99841,100,100916,100,99731,100,100958,100,99663,100,101033,100,99539,100,101037,100,,,101053,100,,
2019-06-28 09:55:43.214802723,99908,100,99874,186,100116,186,99864,186,100516,186,99849,86,100735,186,99843,186,100768,186,99841,100,100793,100,99731,100,100916,100,99663,100,100958,100,99539,100,101033,100,,,101037,100,,
2019-06-28 09:55:50.000000000,99908,217,99874,217,100116,214,99864,214,100516,214,99843,214,100735,100,99841,100,100768,100,99731,100,100793,100,99663,100,100916,100,99539,100,100958,100,,,101033,100,,,101037,100,,
2019-06-28 09:56:00.000000000,99908,186,99874,186,100116,186,99864,186,100516,186,99843,186,100735,186,99841,186,100768,100,99731,100,100793,100,99663,100,100916,100,99539,100,100958,100,,,101033,100,,,101037,100,,
2019-06-28 09:56:10.000000000,99908,186,99874,186,100116,186,99864,186,100516,186,99843,186,100735,186,99841,186,100768,100,99731,100,100793,100,99663,100,100916,100,99539,100,100958,100,,,101033,100,,,101037,100,,
2019-06-28 09:56:10.749068741,99908,186,99874,186,100043,100,99864,186,100116,186,99843,186,100516,186,99841,186,100735,186,99731,100,100768,100,99663,100,100793,100,99539,100,100916,100,,,100958,100,,,101033,100,,
2019-06-28 09:56:11.234507073,99892,100,99874,186,99908,186,99864,186,100043,100,99843,186,100116,186,99841,186,100516,186,99731,100,100735,186,99663,100,100768,100,99539,100,100793,100,,,100916,100,,,100958,100,,
2019-06-28 09:56:20.000000000,99892,186,99874,186,99908,186,99864,186,100043,186,99843,186,100116,186,99841,186,100516,100,99731,100,100735,100,99663,100,100768,100,99539,100,100793,100,,,100916,100,,,100958,100,,
2019-06-28 09:56:22.652534541,99892,86,99874,186,99908,186,99864,186,100043,186,99843,186,100116,186,99841,186,100516,100,99731,100,100735,100,99663,100,100768,100,99539,100,100793,100,,,100916,100,,,100958,100,,
2019-06-28 09:56:30.000000000,99908,217,99874,217,100043,214,99864,214,100116,214,99843,214,100516,100,99841,100,100735,100,99731,100,100768,100,99663,100,100793,100,99539,100,100916,100,,,100958,100,,,101033,100,,
2019-06-28 09:56:30.520350571,99908,217,99874,217,100043,214,99864,214,100116,214,99847,100,100516,100,99843,214,100735,100,99841,100,100768,100,99731,100,100793,100,99663,100,100916,100,99539,100,100958,100,,,101033,100,,
2019-06-28 09:56:40.000000000,99908,186,99874,186,100043,186,99864,186,100116,186,99847,186,100516,186,99843,186,100735,100,99841,100,100768,100,99731,100,100793,100,99663,100,100916,100,99539,100,100958,100,,,101033,100,,
2019-06-28 09:56:50.000000000,99908,444,99874,444,100043,100,99864,100,100116,100,99847,100,100516,100,99843,100,100735,100,99841,100,100768,100,99731,100,100793,100,99663,100,100916,100,99539,100,100958,100,,,101033,100,,
2019-06-28 09:57:00.000000000,99908,444,99874,444,100043,100,99864,100,100116,100,99847,100,100516,100,99843,100,100735,100,99841,100,100768,100,99731,100,100793,100,99663,100,100916,100,99539,100,100958,100,,,101033,100,,
2019-06-28 09:57:06.848344640,99908,444,99874,444,100043,100,99864,100,100116,100,99843,100,100446,100,99841,100,100516,100,99731,100,100735,100,99663,100,100768,100,99539,100,100793,100,,,100916,100,,,100958,100,,
2019-06-28 09:57:10.000000000,99908,186,99874,186,100043,186,99864,186,100116,186,99843,186,100446,186,99841,186,100516,100,99731,100,100735,100,99663,100,100768,100,99539,100,100793,100,,,100916,100,,,100958,100,,
2019-06-28 09:57:20.000000000,99908,272,99874,272,100043,272,99864,272,100116,100,99843,100,100446,100,99841,100,100516,100,99731,100,100735,100,99663,100,100768,100,99539,100,100793,100,,,100916,100,,,100958,100,,
2019-06-28 09:57:24.537334691,99908,272,99874,272,100043,272,99864,272,100116,100,99843,100,100145,100,99841,100,100446,100,99663,100,100516,100,99539,100,100735,100,,,100768,100,,,100793,100,,,100916,100,,
2019-06-28 09:57:30.000000000,99908,272,99874,272,100043,272,99864,272,100116,100,99843,100,100145,100,99841,100,100446,100,99663,100,100516,100,99539,100,100735,100,,,100768,100,,,100793,100,,,100916,100,,
2019-06-28 09:57:40.000000000,99908,444,99874,444,100043,100,99864,100,100116,100,99843,100,100145,100,99841,100,100446,100,99663,100,100516,100,99539,100,100735,100,,,100768,100,,,100793,100,,,100916,100,,
2019-06-28 09:57:41.064492923,99908,444,99874,444,100043,100,99864,100,100116,100,99843,100,100145,100,99841,100,100259,100,99663,100,100446,100,99539,100,100516,100,,,100735,100,,,100768,100,,,100793,100,,
2019-06-28 09:57:50.000000000,99908,217,99874,217,100043,214,99864,214,100116,214,99843,214,100145,100,99841,100,100259,100,99663,100,100446,100,99539,100,100516,100,,,100735,100,,,100768,100,,,100793,100,,
2019-06-28 09:58:00.000000000,99908,272,99874,272,100043,272,99864,272,100116,100,99843,100,100145,100,99841,100,100259,100,99663,100,100446,100,99539,100,100516,100,,,100735,100,,,100768,100,,,100793,100,,
2019-06-28 09:58:10.000000000,99908,444,99874,444,100043,100,99864,100,100116,100,99843,100,100145,100,99841,100,100259,100,99663,100,100446,100,99539,100,100516,100,,,100735,100,,,100768,100,,,100793,100,,
2019-06-28 09:58:20.000000000,99908,186,99874,186,100043,186,99864,186,100116,186,99843,186,100145,186,99841,186,100259,100,99663,100,100446,100,99539,100,100516,100,,,100735,100,,,100768,100,,,100793,100,,
2019-06-28 09:58:20.552420889,99908,186,99874,186,100043,186,99864,186,100116,186,99844,100,100145,186,99843,186,100259,100,99841,186,100446,100,99663,100,100516,100,99539,100,100735,100,,,100768,100,,,100793,100,,
2019-06-28 09:58:30.000000000,99908,444,99874,444,100043,100,99864,100,100116,100,99844,100,100145,100,99843,100,100259,100,99841,100,100446,100,99663,100,100516,100,99539,100,100735,100,,,100768,100,,,100793,100,,
2019-06-28 09:58:36.460665290,99908,444,99874,444,100043,100,99864,100,100116,100,99843,100,100144,100,99841,100,100145,100,99663,100,100259,100,99539,100,100446,100,,,100516,100,,,100735,100,,,100768,100,,
2019-06-28 09:58:40.000000000,99908,444,99874,444,100043,100,99864,100,100116,100,99843,100,100144,100,99841,100,100145,100,99663,100,100259,100,99539,100,100446,100,,,100516,100,,,100735,100,,,100768,100,,
2019-06-28 09:58:50.000000000,99908,272,99874,272,100043,272,99864,272,100116,100,99843,100,100144,100,99841,100,100145,100,99663,100,100259,100,99539,100,100446,100,,,100516,100,,,100735,100,,,100768,100,,
2019-06-28 09:59:00.000000000,99908,169,99874,169,100043,169,99864,169,100116,169,99843,169,100144,169,99841,169,100145,169,99663,169,100259,100,99539,100,100446,100,,,100516,100,,,100735,100,,,100768,100,,
2019-06-28 09:59:10.000000000,99908,169,99874,169,100043,169,99864,169,100116,169,99843,169,100144,169,99841,169,100145,169,99663,169,100259,100,99539,100,100446,100,,,100516,100,,,100735,100,,,100768,100,,
2019-06-28 09:59:20.000000000,99908,186,99874,186,100043,186,99864,186,100116,186,99843,186,100144,186,99841,186,100145,100,99663,100,100259,100,99539,100,100446,100,,,100516,100,,,100735,100,,,100768,100,,
2019-06-28 09:59:30.000000000,99908,169,99874,169,100043,169,99864,169,100116,169,99843,169,100144,169,99841,169,100145,169,99663,169,100259,100,99539,100,100446,100,,,100516,100,,,100735,100,,,100768,100,,
2019-06-28 09:59:30.794770291,99908,169,99874,169,100043,169,99864,169,100116,169,99843,169,100144,169,99841,169,100145,169,99663,169,100259,100,99539,100,100311,100,,,100446,100,,,100516,100,,,100735,100,,
2019-06-28 09:59:36.347037031,99908,69,99874,69,100043,169,99864,169,100116,169,99843,169,100144,169,99841,169,100145,169,99663,169,100259,100,99539,100,100311,100,,,100446,100,,,100516,100,,,100735,100,,
2019-06-28 09:59:40.000000000,100043,217,99864,217,100116,214,99843,214,100144,214,99841,214,100145,100,99663,100,100259,100,99539,100,100311,100,,,100446,100,,,100516,100,,,100735,100,,,100768,100,,
2019-06-28 09:59:43.012890708,100043,217,99892,100,100116,214,99864,217,100144,214,99843,214,100145,100,99841,214,100259,100,99663,100,100311,100,99539,100,100446,100,,,100516,100,,,100735,100,,,100768,100,,
2019-06-28 09:59:46.763610183,100043,117,99892,100,100116,214,99864,217,100144,214,99843,214,100145,100,99841,214,100259,100,99663,100,100311,100,99539,100,100446,100,,,100516,100,,,100735,100,,,100768,100,,
2019-06-28 09:59:50.000000000,100116,169,99892,169,100144,169,99864,169,100145,169,99843,169,100259,169,99841,169,100311,169,99663,169,100446,100,99539,100,100516,100,,,100735,100,,,100768,100,,,100793,100,,
2019-06-28 10:00:00.000000000,100116,169,99892,169,100144,169,99864,169,100145,169,99843,169,100259,169,99841,169,100311,169,99663,169,100446,100,99539,100,100516,100,,,100735,100,,,100768,100,,,100793,100,,
2019-06-28 10:00:03.525534093,100116,169,99892,169,100144,169,99864,169,100145,169,99843,169,100259,169,99841,169,100311,169,99686,100,100446,100,99663,169,100516,100,99539,100,100735,100,,,100768,100,,,100793,100,,
2019-06-28 10:00:10.000000000,100116,272,99892,272,100144,272,99864,272,100145,100,99843,100,100259,100,99841,100,100311,100,99686,100,100446,100,99663,100,100516,100,99539,100,100735,100,,,100768,100,,,100793,100,,
2019-06-28 10:00:20.000000000,100116,217,99892,217,100144,214,99864,214,100145,214,99843,214,100259,100,99841,100,100311,100,99686,100,100446,100,99663,100,100516,100,99539,100,100735,100,,,100768,100,,,100793,100,,
2019-06-28 10:00:30.000000000,100116,169,99892,169,100144,169,99864,169,100145,169,99843,169,100259,169,99841,169,100311,169,99686,169,100446,100,99663,100,100516,100,99539,100,100735,100,,,100768,100,,,100793,100,,
2019-06-28 10:00:40.000000000,100116,169,99892,169,100144,169,99864,169,100145,169,99843,169,100259,169,99841,169,100311,169,99686,169,100446,100,99663,100,100516,100,99539,100,100735,100,,,100768,100,,,100793,100,,
2019-06-28 10:00:50.000000000,100116,169,99892,169,100144,169,99864,169,100145,169,99843,169,100259,169,99841,169,100311,169,99686,169,100446,100,99663,100,100516,100,99539,100,100735,100,,,100768,100,,,100793,100,,
2019-06-28 10:01:00.000000000,100116,444,99892,444,100144,100,99864,100,100145,100,99843,100,100259,100,99841,100,100311,100,99686,100,100446,100,99663,100,100516,100,99539,100,100735,100,,,100768,100,,,100793,100,,
2019-06-28 10:01:02.677126637,100116,444,99892,344,100144,100,99864,100,100145,100,99843,100,100259,100,99841,100,100311,100,99686,100,100446,100,99663,100,100516,100,99539,100,100735,100,,,100768,100,,,100793,100,,
2019-06-28 10:01:10.000000000,100116,272,99864,272,100144,272,99843,272,100145,100,99841,100,100259,100,99686,100,100311,100,99663,100,100446,100,99539,100,100516,100,,,100735,100,,,100768,100,,,100793,100,,
2019-06-28 10:01:13.750764777,100116,272,99864,272,100144,272,99843,272,100145,100,99841,100,100259,100,99686,100,100311,100,99663,100,100446,100,99539,100,100516,100,99316,100,100735,100,,,100768,100,,,100793,100,,
2019-06-28 10:01:20.000000000,100116,186,99864,186,100144,186,99843,186,100145,186,99841,186,100259,186,99686,186,100311,100,99663,100,100446,100,99539,100,100516,100,99316,100,100735,100,,,100768,100,,,100793,100,,
2019-06-28 10:01:30.000000000,100116,169,99864,169,100144,169,99843,169,100145,169,99841,169,100259,169,99686,169,100311,169,99663,169,100446,100,99539,100,100516,100,99316,100,100735,100,,,100768,100,,,100793,100,,
2019-06-28 10:01:40.000000000,100116,186,99864,186,100144,186,99843,186,100145,186,99841,186,100259,186,99686,186,100311,100,99663,100,100446,100,99539,100,100516,100,99316,100,100735,100,,,100768,100,,,100793,100,,
2019-06-28 10:01:42.087667679,100116,186,99864,186,100144,186,99843,186,100145,186,99841,186,100259,186,99686,186,100311,100,99663,100,100446,100,99539,100,100735,100,99316,100,100768,100,,,100793,100,,,100916,100,,
2019-06-28 10:01:50.000000000,100116,444,99864,444,100144,100,99843,100,100145,100,99841,100,100259,100,99686,100,100311,100,99663,100,100446,100,99539,100,100735,100,99316,100,100768,100,,,100793,100,,,100916,100,,
2019-06-28 10:01:52.710300905,100116,444,99864,344,100144,100,99843,100,100145,100,99841,100,100259,100,99686,100,100311,100,99663,100,100446,100,99539,100,100735,100,99316,100,100768,100,,,100793,100,,,100916,100,,
2019-06-28 10:01:56.667464981,99892,100,99864,344,100116,444,99843,100,100144,100,99841,100,100145,100,99686,100,100259,100,99663,100,100311,100,99539,100,100446,100,99316,100,100735,100,,,100768,100,,,100793,100,,
2019-06-28 10:02:00.000000000,99892,169,99843,169,100116,169,99841,169,100144,169,99686,169,100145,169,99663,169,100259,169,99539,169,100311,100,99316,100,100446,100,,,100735,100,,,100768,100,,,100793,100,,
2019-06-28 10:02:10.000000000,99892,217,99843,217,100116,214,99841,214,100144,214,99686,214,100145,100,99663,100,100259,100,99539,100,100311,100,99316,100,100446,100,,,100735,100,,,100768,100,,,100793,100,,
2019-06-28 10:02:20.000000000,99892,217,99843,217,100116,214,99841,214,100144,214,99686,214,100145,100,99663,100,100259,100,99539,100,100311,100,99316,100,100446,100,,,100735,100,,,100768,100,,,100793,100,,
2019-06-28 10:02:26.833870815,99892,217,99843,217,100116,214,99841,214,100144,214,99686,214,100145,100,99663,100,100259,100,99539,100,100311,100,99518,100,100446,100,99316,100,100735,100,,,100768,100,,,100793,100,,
2019-06-28 10:02:30.000000000,99892,272,99843,272,100116,272,99841,272,100144,100,99686,100,100145,100,99663,100,100259,100,99539,100,100311,100,99518,100,100446,100,99316,100,100735,100,,,100768,100,,,100793,100,,
2019-06-28 10:02:40.000000000,99892,217,99843,217,100116,214,99841,214,100144,214,99686,214,100145,100,99663,100,100259,100,99539,100,100311,100,99518,100,100446,100,99316,100,100735,100,,,100768,100,,,100793,100,,
2019-06-28 10:02:50.000000000,99892,186,99843,186,100116,186,99841,186,100144,186,99686,186,100145,186,99663,186,100259,100,99539,100,100311,100,99518,100,100446,100,99316,100,100735,100,,,100768,100,,,100793,100,,
2019-06-28 10:02:55.668309652,99862,100,99843,186,99892,186,99841,186,100116,186,99686,186,100144,186,99663,186,100145,186,99539,100,100259,100,99518,100,100311,100,99316,100,100446,100,,,100735,100,,,100768,100,,
2019-06-28 10:03:00.000000000,99862,272,99843,272,99892,272,99841,272,100116,100,99686,100,100144,100,99663,100,100145,100,99539,100,100259,100,99518,100,100311,100,99316,100,100446,100,,,100735,100,,,100768,100,,
2019-06-28 10:03:10.000000000,99862,444,99843,444,99892,100,99841,100,100116,100,99686,100,100144,100,99663,100,100145,100,99539,100,100259,100,99518,100,100311,100,99316,100,100446,100,,,100735,100,,,100768,100,,
2019-06-28 10:03:11.488640811,99862,444,99843,444,99892,100,99841,100,100116,100,99705,100,100144,100,99686,100,100145,100,99663,100,100259,100,99539,100,100311,100,99518,100,100446,100,,,100735,100,,,100768,100,,
2019-06-28 10:03:11.685821497,99862,344,99843,444,99892,100,99841,100,100116,100,99705,100,100144,100,99686,100,100145,100,99663,100,100259,100,99539,100,100311,100,99518,100,100446,100,,,100735,100,,,100768,100,,
2019-06-28 10:03:20.000000000,99892,272,99843,272,100116,272,99841,272,100144,100,99705,100,100145,100,99686,100,100259,100,99663,100,100311,100,99539,100,100446,100,99518,100,100735,100,,,100768,100,,,100793,100,,
2019-06-28 10:03:24.335770952,99892,272,99843,272,99897,100,99841,272,100116,272,99705,100,100144,100,99686,100,100145,100,99663,100,100259,100,99539,100,100311,100,,,100446,100,,,100735,100,,,100768,100,,
2019-06-28 10:03:30.000000000,99892,444,99843,444,99897,100,99841,100,100116,100,99705,100,100144,100,99686,100,100145,100,99663,100,100259,100,99539,100,100311,100,,,100446,100,,,100735,100,,,100768,100,,
2019-06-28 10:03:40.000000000,99892,444,99843,444,99897,100,99841,100,100116,100,99705,100,100144,100,99686,100,100145,100,99663,100,100259,100,99539,100,100311,100,,,100446,100,,,100735,100,,,100768,100,,
2019-06-28 10:03:50.000000000,99892,272,99843,272,99897,272,99841,272,100116,100,99705,100,100144,100,99686,100,100145,100,99663,100,100259,100,99539,100,100311,100,,,100446,100,,,100735,100,,,100768,100,,
2019-06-28 10:03:54.248755399,99892,272,99843,272,99897,272,99841,272,99912,100,99705,100,100116,100,99686,100,100144,100,99663,100,100145,100,99539,100,100259,100,,,100446,100,,,100735,100,,,100768,100,,
2019-06-28 10:04:00.000000000,99892,272,99843,272,99897,272,99841,272,99912,100,99705,100,100116,100,99686,100,100144,100,99663,100,100145,100,99539,100,100259,100,,,100446,100,,,100735,100,,,100768,100,,
2019-06-28 10:04:10.000000000,99892,272,99843,272,99897,272,99841,272,99912,100,99705,100,100116,100,99686,100,100144,100,99663,100,100145,100,99539,100,100259,100,,,100446,100,,,100735,100,,,100768,100,,
2019-06-28 10:04:15.427858236,99891,100,99843,272,99892,272,99841,272,99897,272,99705,100,99912,100,99686,100,100116,100,99663,100,100144,100,99539,100,100145,100,,,100259,100,,,100446,100,,,100735,100,,
2019-06-28 10:04:20.000000000,99891,217,99843,217,99892,214,99841,214,99897,214,99705,214,99912,100,99686,100,100116,100,99663,100,100144,100,99539,100,100145,100,,,100259,100,,,100446,100,,,100735,100,,
2019-06-28 10:04:24.957506719,99891,217,99843,217,99892,214,99841,214,99897,214,99705,214,99912,100,99686,100,100004,100,99663,100,100116,100,99539,100,100144,100,,,100145,100,,,100259,100,,,100446,100,,
2019-06-28 10:04:25.421181135,99891,217,99843,217,99892,214,99841,214,99897,214,99705,214,99912,100,99686,100,100004,100,99663,100,100058,100,99539,100,100116,100,,,100144,100,,,100145,100,,,100259,100,,
2019-06-28 10:04:30.000000000,99891,217,99843,217,99892,214,99841,214,99897,214,99705,214,99912,100,99686,100,100004,100,99663,100,100058,100,99539,100,100116,100,,,100144,100,,,100145,100,,,100259,100,,
2019-06-28 10:04:40.000000000,99891,217,99843,217,99892,214,99841,214,99897,214,99705,214,99912,100,99686,100,100004,100,99663,100,100058,100,99539,100,100116,100,,,100144,100,,,100145,100,,,100259,100,,
2019-06-28 10:04:50.000000000,99891,217,99843,217,99892,214,99841,214,99897,214,99705,214,99912,100,99686,100,100004,100,99663,100,100058,100,99539,100,100116,100,,,100144,100,,,100145,100,,,100259,100,,
2019-06-28 10:04:54.889649470,99891,217,99843,217,99892,214,99841,214,99897,214,99705,214,99912,100,99686,100,100004,100,99663,100,100058,100,99539,100,100116,100,99509,100,100144,100,,,100145,100,,,100259,100,,
2019-06-28 10:04:56.519766954,99891,217,99843,217,99892,214,99841,214,99897,214,99705,214,100004,100,99686,100,100058,100,99663,100,100116,100,99574,100,100144,100,99539,100,100145,100,99509,100,100259,100,,,100446,100,,
2019-06-28 10:05:00.000000000,99891,444,99843,444,99892,100,99841,100,99897,100,99705,100,100004,100,99686,100,100058,100,99663,100,100116,100,99574,100,100144,100,99539,100,100145,100,99509,100,100259,100,,,100446,100,,
2019-06-28 10:05:05.899641515,99891,444,99843,444,99892,100,99841,100,99897,100,99705,100,100004,100,99686,100,100058,100,99663,100,100116,100,99650,100,100144,100,99574,100,100145,100,99539,100,100259,100,99509,100,100446,100,,
2019-06-28 10:05:10.000000000,99891,444,99843,444,99892,100,99841,100,99897,100,99705,100,100004,100,99686,100,100058,100,99663,100,100116,100,99650,100,100144,100,99574,100,100145,100,99539,100,100259,100,99509,100,100446,100,,
2019-06-28 10:05:20.000000000,99891,217,99843,217,99892,214,99841,214,99897,214,99705,214,100004,100,99686,100,100058,100,99663,100,100116,100,99650,100,100144,100,99574,100,100145,100,99539,100,100259,100,99509,100,100446,100,,
2019-06-28 10:05:22.204683909,99891,217,99843,217,99892,214,99841,214,99897,214,99705,214,100004,100,99686,100,100058,100,99663,100,100102,100,99650,100,100116,100,99574,100,100144,100,99539,100,100145,100,99509,100,100259,100,,
2019-06-28 10:05:25.914771190,99891,217,99843,217,99892,214,99841,214,99897,214,99705,214,99905,100,99686,100,100004,100,99663,100,100058,100,99650,100,100102,100,99574,100,100116,100,99539,100,100144,100,99509,100,100145,100,,
2019-06-28 10:05:26.634231034,99861,100,99843,217,99891,217,99841,214,99892,214,99705,214,99897,214,99686,100,99905,100,99663,100,100004,100,99650,100,100058,100,99574,100,100102,100,99539,100,100116,100,99509,100,100144,100,,
2019-06-28 10:05:30.000000000,99861,186,99843,186,99891,186,99841,186,99892,186,99705,186,99897,186,99686,186,99905,100,99663,100,100004,100,99650,100,100058,100,99574,100,100102,100,99539,100,100116,100,99509,100,100144,100,,
2019-06-28 10:05:32.116969470,99860,100,99843,186,99861,186,99841,186,99891,186,99705,186,99892,186,99686,186,99897,186,99663,100,99905,100,99650,100,100004,100,99574,100,100058,100,99539,100,100102,100,99509,100,100116,100,,
2019-06-28 10:05:37.893982748,99860,100,99843,186,99861,186,99841,186,99891,186,99705,186,99892,186,99686,186,99897,186,99663,100,99905,100,99650,100,100004,100,99640,100,100058,100,99574,100,100102,100,99539,100,100116,100,99509,100
2019-06-28 10:05:40.000000000,99860,186,99843,186,99861,186,99841,186,99891,186,99705,186,99892,186,99686,186,99897,100,99663,100,99905,100,99650,100,100004,100,99640,100,100058,100,99574,100,100102,100,99539,100,100116,100,99509,100
2019-06-28 10:05:46.040027785,99860,186,99843,186,99861,186,99841,186,99891,186,99705,186,99892,186,99686,186,99897,100,99663,100,99905,100,99650,100,100004,100,99640,100,100058,100,99574,100,100102,100,99539,100,100116,100,99509,100
2019-06-28 10:05:50.000000000,99860,186,99843,186,99861,186,99841,186,99891,186,99705,186,99892,186,99686,186,99897,100,99663,100,99905,100,99650,100,100004,100,99640,100,100058,100,99574,100,100102,100,99539,100,100116,100,99509,100
2019-06-28 10:06:00.000000000,99860,217,99843,217,99861,214,99841,214,99891,214,99705,214,99892,100,99686,100,99897,100,99663,100,99905,100,99650,100,100004,100,99640,100,100058,100,99574,100,100102,100,99539,100,100116,100,99509,100
2019-06-28 10:06:10.000000000,99860,186,99843,186,99861,186,99841,186,99891,186,99705,186,99892,186,99686,186,99897,100,99663,100,99905,100,99650,100,100004,100,99640,100,100058,100,99574,100,100102,100,99539,100,100116,100,99509,100
2019-06-28 10:06:14.119070408,99860,186,99843,186,99861,186,99841,186,99891,186,99705,186,99892,186,99686,186,99897,100,99663,100,99905,100,99650,100,100004,100,99641,100,100058,100,99640,100,100102,100,99574,100,100116,100,99539,100
2019-06-28 10:06:20.000000000,99860,186,99843,186,99861,186,99841,186,99891,186,99705,186,99892,186,99686,186,99897,100,99663,100,99905,100,99650,100,100004,100,99641,100,100058,100,99640,100,100102,100,99574,100,100116,100,99539,100
2019-06-28 10:06:21.139308939,99860,186,99843,186,99861,186,99841,186,99891,186,99705,186,99892,186,99686,186,99897,100,99681,100,99905,100,99663,100,100004,100,99650,100,100058,100,99641,100,100102,100,99640,100,100116,100,99574,100
2019-06-28 10:06:24.785480500,99860,186,99843,86,99861,186,99841,186,99891,186,99705,186,99892,186,99686,186,99897,100,99681,100,99905,100,99663,100,100004,100,99650,100,100102,100,99641,100,100116,100,99640,100,100144,100,99574,100
2019-06-28 10:06:30.000000000,99860,186,99841,186,99861,186,99705,186,99891,186,99686,186,99892,186,99681,186,99897,100,99663,100,99905,100,99650,100,100004,100,99641,100,100102,100,99640,100,100116,100,99574,100,100144,100,99539,100
2019-06-28 10:06:37.100994991,99860,186,99841,186,99861,186,99768,100,99891,186,99705,186,99892,186,99686,186,99897,100,99681,186,99905,100,99663,100,100004,100,99650,100,100102,100,99641,100,100116,100,99640,100,100144,100,99574,100
2019-06-28 10:06:40.000000000,99860,169,99841,169,99861,169,99768,169,99891,169,99705,169,99892,169,99686,169,99897,169,99681,169,99905,100,99663,100,100004,100,99650,100,100102,100,99641,100,100116,100,99640,100,100144,100,99574,100
2019-06-28 10:06:42.425460391,99860,169,99844,100,99861,169,99841,169,99891,169,99768,169,99892,169,99705,169,99897,169,99686,169,99905,100,99681,169,100004,100,99663,100,100102,100,99650,100,100116,100,99641,100,100144,100,99640,100
2019-06-28 10:06:50.000000000,99860,186,99844,186,99861,186,99841,186,99891,186,99768,186,99892,186,99705,186,99897,100,99686,100,99905,100,99681,100,100004,100,99663,100,100102,100,99650,100,100116,100,99641,100,100144,100,99640,100
2019-06-28 10:06:55.042149748,99860,186,99844,186,99861,186,99841,186,99891,186,99768,186,99892,186,99705,186,99897,100,99686,100,99905,100,99681,100,100004,100,99663,100,100102,100,99650,100,100116,100,99641,100,100144,100,99640,100
2019-06-28 10:07:00.000000000,99860,272,99844,272,99861,272,99841,272,99891,100,99768,100,99892,100,99705,100,99897,100,99686,100,99905,100,99681,100,100004,100,99663,100,100102,100,99650,100,100116,100,99641,100,100144,100,99640,100
2019-06-28 10:07:04.255340328,99860,272,99844,172,99861,272,99841,272,99891,100,99768,100,99892,100,99705,100,99897,100,99686,100,99905,100,99681,100,100004,100,99663,100,100102,100,99650,100,100116,100,99641,100,100144,100,99640,100
2019-06-28 10:07:10.000000000,99860,186,99841,186,99861,186,99768,186,99891,186,99705,186,99892,186,99686,186,99897,100,99681,100,99905,100,99663,100,100004,100,99650,100,100102,100,99641,100,100116,100,99640,100,100144,100,99574,100
2019-06-28 10:07:10.627839943,99860,186,99841,86,99861,186,99768,186,99891,186,99705,186,99892,186,99686,186,99897,100,99681,100,99905,100,99663,100,100004,100,99650,100,100102,100,99641,100,100116,100,99640,100,100144,100,99574,100
2019-06-28 10:07:14.404874781,99860,186,99841,86,99861,186,99768,186,99891,186,99719,100,99892,186,99705,186,99897,100,99686,186,99905,100,99681,100,100004,100,99663,100,100102,100,99650,100,100116,100,99641,100,100144,100,99640,100
2019-06-28 10:07:17.039176225,99860,186,99841,86,99861,186,99768,186,99891,186,99719,100,99892,186,99705,186,99897,100,99686,186,99905,100,99681,100,100004,100,99663,100,100102,100,99650,100,100116,100,99641,100,100144,100,99640,100
2019-06-28 10:07:20.000000000,99860,217,99768,217,99861,214,99719,214,99891,214,99705,214,99892,100,99686,100,99897,100,99681,100,99905,100,99663,100,100004,100,99650,100,100102,100,99641,100,100116,100,99640,100,100144,100,99539,100
2019-06-28 10:07:30.000000000,99860,444,99768,444,99861,100,99719,100,99891,100,99705,100,99892,100,99686,100,99897,100,99681,100,99905,100,99663,100,100004,100,99650,100,100102,100,99641,100,100116,100,99640,100,100144,100,99539,100
2019-06-28 10:07:40.000000000,99860,272,99768,272,99861,272,99719,272,99891,100,99705,100,99892,100,99686,100,99897,100,99681,100,99905,100,99663,100,100004,100,99650,100,100102,100,99641,100,100116,100,99640,100,100144,100,99539,100
2019-06-28 10:07:50.000000000,99860,444,99768,444,99861,100,99719,100,99891,100,99705,100,99892,100,99686,100,99897,100,99681,100,99905,100,99663,100,100004,100,99650,100,100102,100,99641,100,100116,100,99640,100,100144,100,99539,100
2019-06-28 10:08:00.000000000,99860,272,99768,272,99861,272,99719,272,99891,100,99705,100,99892,100,99686,100,99897,100,99681,100,99905,100,99663,100,100004,100,99650,100,100102,100,99641,100,100116,100,99640,100,100144,100,99539,100
2019-06-28 10:08:10.000000000,99860,186,99768,186,99861,186,99719,186,99891,186,99705,186,99892,186,99686,186,99897,100,99681,100,99905,100,99663,100,100004,100,99650,100,100102,100,99641,100,100116,100,99640,100,100144,100,99539,100
2019-06-28 10:08:12.962515853,99860,186,99768,86,99861,186,99719,186,99891,186,99705,186,99892,186,99686,186,99897,100,99681,100,99905,100,99663,100,100004,100,99650,100,100102,100,99641,100,100116,100,99640,100,100144,100,99539,100
2019-06-28 10:08:14.427098137,99860,186,99769,100,99861,186,99768,86,99891,186,99719,186,99892,186,99705,186,99897,100,99686,186,99905,100,99681,100,100004,100,99663,100,100102,100,99650,100,100116,100,99641,100,100144,100,99640,100
2019-06-28 10:08:20.000000000,99860,272,99769,272,99861,272,99719,272,99891,100,99705,100,99892,100,99686,100,99897,100,99681,100,99905,100,99663,100,100004,100,99650,100,100102,100,99641,100,100116,100,99640,100,100144,100,99539,100
2019-06-28 10:08:30.000000000,99860,169,99769,169,99861,169,99719,169,99891,169,99705,169,99892,169,99686,169,99897,169,99681,169,99905,100,99663,100,100004,100,99650,100,100102,100,99641,100,100116,100,99640,100,100144,100,99539,100
2019-06-28 10:08:31.334370986,99841,100,99769,169,99860,169,99719,169,99861,169,99705,169,99891,169,99686,169,99892,169,99681,169,99897,169,99663,100,99905,100,99650,100,100004,100,99641,100,100102,100,99640,100,100116,100,99539,100
2019-06-28 10:08:40.000000000,99841,272,99769,272,99860,272,99719,272,99861,100,99705,100,99891,100,99686,100,99892,100,99681,100,99897,100,99663,100,99905,100,99650,100,100004,100,99641,100,100102,100,99640,100,100116,100,99539,100
2019-06-28 10:08:41.917102424,99841,272,99769,272,99860,272,99719,272,99861,100,99705,100,99891,100,99686,100,99892,100,99681,100,99897,100,99663,100,99905,100,99650,100,100004,100,99641,100,100102,100,99640,100,100144,100,99539,100
2019-06-28 10:08:44.851804514,99841,272,99769,272,99860,272,99719,272,99861,100,99705,100,99891,100,99686,100,99892,100,99681,100,99897,100,99663,100,99905,100,99650,100,100004,100,99641,100,100102,100,99640,100,100144,100,99621,100
2019-06-28 10:08:50.000000000,99841,169,99769,169,99860,169,99719,169,99861,169,99705,169,99891,169,99686,169,99892,169,99681,169,99897,100,99663,100,99905,100,99650,100,100004,100,99641,100,100102,100,99640,100,100144,100,99621,100
2019-06-28 10:09:00.000000000,99841,444,99769,444,99860,100,99719,100,99861,100,99705,100,99891,100,99686,100,99892,100,99681,100,99897,100,99663,100,99905,100,99650,100,100004,100,99641,100,100102,100,99640,100,100144,100,99621,100
2019-06-28 10:09:10.000000000,99841,444,99769,444,99860,100,99719,100,99861,100,99705,100,99891,100,99686,100,99892,100,99681,100,99897,100,99663,100,99905,100,99650,100,100004,100,99641,100,100102,100,99640,100,100144,100,99621,100
