,ask_price_1,ask_size_1,bid_price_1,bid_size_1,ask_price_2,ask_size_2,bid_price_2,bid_size_2,ask_price_3,ask_size_3,bid_price_3,bid_size_3,ask_price_4,ask_size_4,bid_price_4,bid_size_4,ask_price_5,ask_size_5,bid_price_5,bid_size_5,ask_price_6,ask_size_6,bid_price_6,bid_size_6,ask_price_7,ask_size_7,bid_price_7,bid_size_7,ask_price_8,ask_size_8,bid_price_8,bid_size_8,ask_price_9,ask_size_9,bid_price_9,bid_size_9,ask_price_10,ask_size_10,bid_price_10,bid_size_10
2019-06-28 09:30:00.000000000,100097,100,,,,,,,,,,,,,,,,,,,,,,,,,,,,,,,,,,,,,,
2019-06-28 09:30:00.000000001,100097,100,99828,100,,,,,,,,,,,,,,,,,,,,,,,,,,,,,,,,,,,,
2019-06-28 09:30:00.000000002,100097,100,99957,100,,,99828,100,,,,,,,,,,,,,,,,,,,,,,,,,,,,,,,,
2019-06-28 09:30:00.000000003,100097,100,99957,100,,,99916,100,,,99828,100,,,,,,,,,,,,,,,,,,,,,,,,,,,,
2019-06-28 09:30:00.000000004,100097,100,99957,100,,,99941,100,,,99916,100,,,99828,100,,,,,,,,,,,,,,,,,,,,,,,,
2019-06-28 09:30:00.000000005,100065,100,99957,100,100097,100,99941,100,,,99916,100,,,99828,100,,,,,,,,,,,,,,,,,,,,,,,,
2019-06-28 09:30:00.000000010,100065,100,100035,100,100097,100,99957,100,,,99949,100,,,99941,100,,,99916,100,,,99847,100,,,99828,100,,,,,,,,,,,,
2019-06-28 09:30:00.000000013,100065,100,100035,100,100097,100,99962,100,,,99957,100,,,99949,100,,,99941,100,,,99916,100,,,99847,100,,,99828,100,,,,,,,,
2019-06-28 09:30:00.000000017,100065,100,100035,100,100097,100,99962,100,,,99957,100,,,99949,100,,,99941,100,,,99923,100,,,99916,100,,,99847,100,,,99828,100,,,,
2019-06-28 09:30:00.000000019,100063,100,100035,100,100065,100,99962,100,100097,100,99957,100,,,99949,100,,,99941,100,,,99923,100,,,99916,100,,,99847,100,,,99828,100,,,,
2019-06-28 09:30:00.000000020,100063,100,100035,100,100065,100,100008,100,100097,100,99962,100,,,99957,100,,,99949,100,,,99941,100,,,99923,100,,,99916,100,,,99847,100,,,99828,100
2019-06-28 09:30:00.000000021,100063,100,99962,100,100065,100,99957,100,100097,100,99949,100,,,99941,100,,,99923,100,,,99916,100,,,99847,100,,,99828,100,,,,,,,,
2019-06-28 09:30:00.000000023,100024,100,99962,100,100063,100,99957,100,100065,100,99949,100,100097,100,99941,100,,,99923,100,,,99916,100,,,99847,100,,,99828,100,,,,,,,,
2019-06-28 09:30:00.000000025,100024,100,99962,100,100063,100,99957,100,100065,100,99949,100,100097,100,99941,100,100109,100,99923,100,,,99916,100,,,99847,100,,,99828,100,,,,,,,,
2019-06-28 09:30:00.000000027,100024,100,99962,100,100063,100,99957,100,100065,100,99949,100,100097,100,99941,100,100109,100,99923,100,,,99916,100,,,99908,100,,,99847,100,,,99828,100,,,,
2019-06-28 09:30:00.000000028,100022,100,99982,100,100024,100,99962,100,100063,100,99957,100,100065,100,99949,100,100097,100,99941,100,100109,100,99923,100,,,99916,100,,,99908,100,,,99847,100,,,99828,100
2019-06-28 09:30:00.000000030,100022,100,99986,100,100024,100,99982,100,100063,100,99962,100,100065,100,99957,100,100097,100,99949,100,100109,100,99941,100,,,99923,100,,,99916,100,,,99908,100,,,99847,100
2019-06-28 09:30:00.000000031,100012,100,99986,100,100022,100,99982,100,100024,100,99962,100,100063,100,99957,100,100065,100,99949,100,100097,100,99941,100,100109,100,99923,100,,,99916,100,,,99908,100,,,99847,100
2019-06-28 09:30:00.000000032,100022,100,99986,100,100024,100,99982,100,100063,100,99962,100,100065,100,99957,100,100097,100,99949,100,100109,100,99941,100,,,99923,100,,,99916,100,,,99908,100,,,99847,100
2019-06-28 09:30:00.000000033,100022,100,99986,100,100024,100,99982,100,100063,100,99962,100,100065,100,99957,100,100097,100,99949,100,100109,100,99941,100,,,99923,100,,,99916,100,,,99908,100,,,99847,100
2019-06-28 09:30:00.000000034,100022,100,99986,100,100024,100,99982,100,100063,100,99967,100,100065,100,99962,100,100097,100,99957,100,100109,100,99949,100,,,99941,100,,,99923,100,,,99916,100,,,99908,100
2019-06-28 09:30:00.000000038,100022,100,99986,100,100024,100,99982,100,100025,100,99967,100,100063,100,99962,100,100065,100,99957,100,100097,100,99949,100,100104,100,99941,100,100109,100,99923,100,,,99916,100,,,99908,100
2019-06-28 09:30:00.000000039,100022,100,99986,100,100024,100,99982,100,100025,100,99967,100,100063,100,99962,100,100065,100,99957,100,100097,100,99952,100,100104,100,99949,100,100109,100,99941,100,,,99923,100,,,99916,100
2019-06-28 09:30:00.000000045,100022,100,99986,100,100024,100,99982,100,100025,100,99967,100,100063,100,99962,100,100065,100,99957,100,100085,100,99952,100,100097,100,99949,100,100104,100,99941,100,100109,100,99923,100,,,99916,100
2019-06-28 09:30:00.000000046,100022,100,99986,100,100024,100,99982,100,100025,100,99967,100,100063,100,99962,100,100065,100,99957,100,100073,100,99952,100,100085,100,99949,100,100097,100,99941,100,100104,100,99923,100,100109,100,99916,100
2019-06-28 09:30:00.000000048,100012,100,99986,100,100022,100,99982,100,100024,100,99967,100,100025,100,99962,100,100063,100,99957,100,100065,100,99952,100,100073,100,99949,100,100085,100,99941,100,100097,100,99923,100,100104,100,99916,100
2019-06-28 09:30:00.000000050,100012,100,99986,100,100014,100,99982,100,100022,200,99967,100,100024,100,99962,100,100025,100,99957,100,100063,100,99952,100,100065,100,99949,100,100073,100,99941,100,100085,100,99923,100,100097,100,99916,100
2019-06-28 09:30:00.000000051,100012,100,99986,100,100014,100,99982,100,100022,200,99967,100,100024,100,99962,100,100025,100,99957,100,100063,100,99952,100,100065,100,99949,100,100073,100,99941,100,100085,100,99923,100,100097,100,99916,100
2019-06-28 09:30:00.000000052,100014,100,99986,100,100017,100,99982,100,100022,200,99967,100,100024,100,99962,100,100025,100,99957,100,100063,100,99952,100,100065,100,99949,100,100073,100,99941,100,100085,100,99923,100,100097,100,99916,100
2019-06-28 09:30:00.000000054,100014,100,99986,100,100017,100,99982,100,100022,200,99967,100,100024,100,99962,100,100025,200,99960,100,100063,100,99957,100,100065,100,99952,100,100073,100,99949,100,100085,100,99941,100,100097,100,99923,100
2019-06-28 09:30:00.000000058,100014,100,100012,100,100017,100,99986,100,100022,200,99982,100,100024,100,99967,100,100025,200,99962,100,100063,100,99960,100,100065,100,99957,100,100073,100,99952,100,100085,100,99949,100,100097,100,99941,100
2019-06-28 09:30:00.000000060,100014,100,100012,100,100017,100,99986,100,100022,200,99982,100,100024,100,99967,100,100025,200,99962,100,100063,100,99960,100,100065,100,99957,100,100073,100,99952,100,100085,100,99949,100,100097,100,99941,100
2019-06-28 09:30:00.000000061,100014,100,99986,100,100017,100,99982,100,100022,200,99967,100,100024,100,99962,100,100025,200,99960,100,100063,100,99957,100,100065,100,99952,100,100073,100,99949,100,100085,100,99941,100,100097,100,99923,100
2019-06-28 09:30:00.000000065,100012,100,99986,100,100014,100,99982,100,100017,100,99967,100,100022,200,99962,100,100024,100,99960,100,100025,200,99957,100,100063,100,99952,100,100065,100,99949,100,100073,100,99941,100,100085,100,99923,100
2019-06-28 09:30:00.000000066,100012,100,99986,100,100014,100,99982,100,100017,100,99967,100,100022,200,99962,100,100024,100,99960,100,100025,200,99957,100,100056,100,99952,100,100063,100,99949,100,100065,100,99941,100,100073,100,99923,100
2019-06-28 09:30:00.000000070,100012,100,99986,100,100014,100,99982,100,100017,100,99967,100,100022,200,99962,100,100024,100,99960,100,100025,200,99957,100,100056,100,99952,100,100063,100,99949,100,100065,100,99941,100,100073,100,99923,100
2019-06-28 09:30:00.000000072,100012,100,99982,100,100014,100,99967,100,100017,100,99962,100,100022,200,99960,100,100024,100,99957,100,100025,200,99952,100,100056,100,99949,100,100063,100,99941,100,100065,100,99923,100,100073,100,99916,200
2019-06-28 09:30:00.000000078,100012,100,99982,100,100014,100,99967,100,100017,100,99962,100,100022,200,99960,100,100024,100,99957,100,100025,200,99952,100,100054,100,99949,100,100056,100,99941,100,100063,100,99923,100,100065,100,99916,200
2019-06-28 09:30:00.000000079,100012,100,99982,100,100014,100,99967,100,100017,100,99962,100,100022,200,99960,100,100024,100,99957,100,100025,200,99952,100,100054,100,99949,100,100056,100,99941,100,100063,100,99923,100,100065,100,99916,200
2019-06-28 09:30:00.000000082,100011,100,99982,100,100012,100,99967,100,100014,100,99962,100,100017,100,99960,100,100022,200,99957,100,100024,100,99952,100,100025,200,99949,100,100054,100,99948,100,100056,100,99941,100,100063,100,99923,100
2019-06-28 09:30:00.000000089,100011,100,99967,100,100012,100,99962,100,100014,100,99960,100,100017,100,99957,100,100022,200,99952,100,100024,100,99949,100,100025,200,99948,100,100054,100,99941,100,100056,100,99923,100,100063,100,99916,200
2019-06-28 09:30:00.000000090,99977,100,99967,100,100011,100,99962,100,100012,100,99960,100,100014,100,99957,100,100017,100,99952,100,100022,200,99949,100,100024,100,99948,100,100025,200,99941,100,100054,100,99923,100,100056,100,99916,200
2019-06-28 09:30:00.000000095,99977,100,99967,100,100011,100,99962,100,100012,100,99960,100,100014,100,99957,100,100017,100,99952,100,100022,200,99949,100,100024,100,99948,100,100025,200,99941,100,100054,100,99923,100,100056,100,99916,200
2019-06-28 09:30:04.065651707,99977,100,99967,100,100011,100,99962,100,100012,100,99960,100,100014,100,99952,100,100017,100,99949,100,100022,200,99948,100,100024,100,99941,100,100025,200,99923,100,100054,100,99916,200,100056,100,99910,100
2019-06-28 09:30:10.000000000,99977,186,99967,186,100011,186,99962,186,100012,186,99960,186,100014,186,99952,186,100017,100,99949,100,100022,200,99948,100,100024,100,99941,100,100025,200,99923,100,100054,100,99916,200,100056,100,99910,100
2019-06-28 09:30:12.639203144,99977,186,99967,186,100011,186,99962,186,100012,186,99960,186,100014,186,99952,186,100017,100,99949,100,100022,200,99948,100,100024,100,99943,100,100025,200,99941,100,100054,100,99923,100,100056,100,99916,200
2019-06-28 09:30:20.000000000,99977,218,99967,218,100011,214,99962,214,100012,214,99960,214,100014,100,99952,100,100017,100,99949,100,100022,200,99948,100,100024,100,99943,100,100025,200,99941,100,100054,100,99923,100,100056,100,99916,200
2019-06-28 09:30:20.799277250,99977,218,99967,118,100011,214,99962,214,100012,214,99960,214,100014,100,99952,100,100017,100,99949,100,100022,100,99948,100,100024,100,99943,100,100025,200,99941,100,100054,100,99923,100,100056,100,99916,200
2019-06-28 09:30:30.000000000,99977,218,99962,218,100011,214,99960,214,100012,214,99952,214,100014,100,99949,100,100017,100,99948,100,100022,100,99943,100,100024,100,99941,100,100025,200,99923,100,100054,100,99916,200,100056,100,99910,100
2019-06-28 09:30:36.756104689,99977,218,99962,218,99987,100,99960,214,100011,214,99952,214,100012,214,99949,100,100014,100,99948,100,100017,100,99943,100,100022,100,99941,100,100024,100,99923,100,100025,200,99916,200,100054,100,99910,100
2019-06-28 09:30:40.000000000,99977,186,99962,186,99987,186,99960,186,100011,186,99952,186,100012,186,99949,186,100014,100,99948,100,100017,100,99943,100,100022,100,99941,100,100024,100,99923,100,100025,200,99916,200,100054,100,99910,100
2019-06-28 09:30:50.000000000,99977,218,99962,218,99987,214,99960,214,100011,214,99952,214,100012,100,99949,100,100014,100,99948,100,100017,100,99943,100,100022,100,99941,100,100024,100,99923,100,100025,200,99916,200,100054,100,99910,100
2019-06-28 09:31:00.000000000,99977,218,99962,218,99987,214,99960,214,100011,214,99952,214,100012,100,99949,100,100014,100,99948,100,100017,100,99943,100,100022,100,99941,100,100024,100,99923,100,100025,200,99916,200,100054,100,99910,100
2019-06-28 09:31:01.225207830,99977,218,99962,218,99987,214,99960,214,100011,214,99952,214,100012,100,99949,100,100014,100,99948,100,100017,100,99943,100,100022,100,99941,100,100024,100,99923,100,100025,200,99916,200,100054,100,99910,100
2019-06-28 09:31:10.000000000,99977,186,99962,186,99987,186,99960,186,100011,186,99952,186,100012,186,99949,186,100014,100,99948,100,100017,100,99943,100,100022,100,99941,100,100024,100,99923,100,100025,200,99916,200,100054,100,99910,100
2019-06-28 09:31:19.123689642,99977,86,99962,186,99987,186,99960,186,100011,186,99952,186,100012,186,99949,86,100014,100,99948,100,100017,100,99943,100,100022,100,99941,100,100024,100,99923,100,100025,200,99916,200,100054,100,99910,100
2019-06-28 09:31:20.000000000,99987,446,99962,446,100011,100,99960,100,100012,100,99952,100,100014,100,99948,100,100017,100,99943,100,100022,100,99941,100,100024,100,99923,100,100025,200,99916,200,100054,100,99910,100,100056,100,99908,100
2019-06-28 09:31:22.973009004,99987,346,99962,446,100011,100,99960,100,100012,100,99952,100,100014,100,99948,100,100022,100,99943,100,100024,100,99941,100,100025,200,99923,100,100054,100,99916,200,100056,100,99910,100,100063,100,99908,100
2019-06-28 09:31:29.307874490,99987,246,99962,446,100011,100,99960,100,100012,100,99952,100,100014,100,99948,100,100022,100,99943,100,100024,100,99941,100,100025,200,99923,100,100054,100,99916,200,100056,100,99910,100,100063,100,99908,100
2019-06-28 09:31:30.000000000,100011,446,99962,446,100012,100,99960,100,100014,100,99952,100,100022,100,99948,100,100024,100,99943,100,100025,200,99941,100,100054,100,99923,100,100056,100,99916,200,100063,100,99910,100,100065,100,99908,100
2019-06-28 09:31:31.080504096,100011,446,99962,446,100012,100,99960,100,100014,100,99952,100,100022,100,99948,100,100024,100,99943,100,100025,200,99941,100,100054,100,99923,100,100056,100,99916,200,100063,100,99910,100,100065,100,99908,100
2019-06-28 09:31:40.000000000,100011,169,99962,169,100012,169,99960,169,100014,169,99952,169,100022,169,99948,169,100024,169,99943,169,100025,200,99941,100,100054,100,99923,100,100056,100,99916,200,100063,100,99910,100,100065,100,99908,100
2019-06-28 09:31:50.000000000,100011,186,99962,186,100012,186,99960,186,100014,186,99952,186,100022,186,99948,186,100024,100,99943,100,100025,200,99941,100,100054,100,99923,100,100056,100,99916,200,100063,100,99910,100,100065,100,99908,100
2019-06-28 09:32:00.000000000,100011,273,99962,273,100012,273,99960,273,100014,100,99952,100,100022,100,99948,100,100024,100,99943,100,100025,200,99941,100,100054,100,99923,100,100056,100,99916,200,100063,100,99910,100,100065,100,99908,100
2019-06-28 09:32:07.875089383,100011,273,99962,273,100012,273,99960,273,100014,100,99952,100,100022,100,99948,100,100024,100,99943,100,100025,200,99941,100,100054,100,99923,100,100063,100,99916,200,100065,100,99910,100,100073,100,99908,100
2019-06-28 09:32:10.000000000,100011,446,99962,446,100012,100,99960,100,100014,100,99952,100,100022,100,99948,100,100024,100,99943,100,100025,200,99941,100,100054,100,99923,100,100063,100,99916,200,100065,100,99910,100,100073,100,99908,100
2019-06-28 09:32:20.000000000,100011,186,99962,186,100012,186,99960,186,100014,186,99952,186,100022,186,99948,186,100024,100,99943,100,100025,200,99941,100,100054,100,99923,100,100063,100,99916,200,100065,100,99910,100,100073,100,99908,100
2019-06-28 09:32:30.000000000,100011,218,99962,218,100012,214,99960,214,100014,214,99952,214,100022,100,99948,100,100024,100,99943,100,100025,200,99941,100,100054,100,99923,100,100063,100,99916,200,100065,100,99910,100,100073,100,99908,100
2019-06-28 09:32:32.991875947,100011,218,99983,100,100012,214,99962,218,100014,214,99960,214,100022,100,99952,214,100024,100,99948,100,100025,200,99943,100,100054,100,99941,100,100063,100,99923,100,100065,100,99916,200,100073,100,99908,100
2019-06-28 09:32:36.389363308,100011,118,99983,100,100012,214,99962,218,100014,214,99960,214,100022,100,99952,214,100024,100,99948,100,100025,200,99943,100,100054,100,99941,100,100063,100,99923,100,100065,100,99916,200,100073,100,99908,100
2019-06-28 09:32:40.000000000,100012,218,99983,218,100014,214,99962,214,100022,214,99960,214,100024,100,99952,100,100025,200,99948,100,100054,100,99943,100,100063,100,99941,100,100065,100,99923,100,100073,100,99916,200,100097,100,99908,100
2019-06-28 09:32:50.000000000,100012,446,99983,446,100014,100,99962,100,100022,100,99960,100,100024,100,99952,100,100025,200,99948,100,100054,100,99943,100,100063,100,99941,100,100065,100,99923,100,100073,100,99916,200,100097,100,99908,100
2019-06-28 09:32:58.068442238,100012,446,99983,446,100014,100,99962,100,100024,100,99960,100,100025,200,99952,100,100054,100,99948,100,100063,100,99943,100,100065,100,99941,100,100073,100,99923,100,100097,100,99916,200,100098,100,99908,100
2019-06-28 09:33:00.000000000,100012,273,99983,273,100014,273,99962,273,100024,100,99960,100,100025,200,99952,100,100054,100,99948,100,100063,100,99943,100,100065,100,99941,100,100073,100,99923,100,100097,100,99916,200,100098,100,99908,100
2019-06-28 09:33:10.000000000,100012,186,99983,186,100014,186,99962,186,100024,186,99960,186,100025,286,99952,186,100054,100,99948,100,100063,100,99943,100,100065,100,99941,100,100073,100,99923,100,100097,100,99916,200,100098,100,99908,100
2019-06-28 09:33:20.000000000,100012,273,99983,273,100014,273,99962,273,100024,100,99960,100,100025,200,99952,100,100054,100,99948,100,100063,100,99943,100,100065,100,99941,100,100073,100,99923,100,100097,100,99916,200,100098,100,99908,100
2019-06-28 09:33:30.000000000,100012,218,99983,218,100014,214,99962,214,100024,214,99960,214,100025,200,99952,100,100054,100,99948,100,100063,100,99943,100,100065,100,99941,100,100073,100,99923,100,100097,100,99916,200,100098,100,99908,100
2019-06-28 09:33:30.181914040,100012,218,99983,218,100014,214,99962,214,100024,214,99960,214,100025,200,99952,100,100054,100,99948,100,100063,100,99943,100,100065,100,99941,100,100073,100,99923,100,100097,100,99916,200,100098,100,99908,100
2019-06-28 09:33:40.000000000,100012,446,99983,446,100014,100,99962,100,100024,100,99960,100,100025,200,99952,100,100054,100,99948,100,100063,100,99943,100,100065,100,99941,100,100073,100,99923,100,100097,100,99916,200,100098,100,99908,100
2019-06-28 09:33:45.172581277,100012,446,99983,446,100014,100,99962,100,100024,100,99960,100,100025,200,99952,100,100054,100,99948,100,100063,100,99943,100,100065,100,99941,100,100073,100,99923,100,100097,100,99916,200,100098,100,99908,100
2019-06-28 09:33:50.000000000,100012,218,99983,218,100014,214,99962,214,100024,214,99960,214,100025,200,99952,100,100054,100,99948,100,100063,100,99943,100,100065,100,99941,100,100073,100,99923,100,100097,100,99916,200,100098,100,99908,100
2019-06-28 09:34:00.000000000,100012,218,99983,218,100014,214,99962,214,100024,214,99960,214,100025,200,99952,100,100054,100,99948,100,100063,100,99943,100,100065,100,99941,100,100073,100,99923,100,100097,100,99916,200,100098,100,99908,100
2019-06-28 09:34:00.481413857,100012,118,99983,218,100014,214,99962,214,100024,214,99960,214,100025,200,99952,100,100054,100,99948,100,100063,100,99943,100,100065,100,99941,100,100073,100,99923,100,100097,100,99916,200,100098,100,99908,100
2019-06-28 09:34:01.737591905,100012,18,99983,218,100014,214,99962,214,100024,214,99960,214,100025,200,99952,100,100054,100,99943,100,100063,100,99941,100,100065,100,99923,100,100073,100,99916,200,100097,100,99908,100,100098,100,99906,100
2019-06-28 09:34:07.855862426,100012,18,99983,218,100014,214,99962,214,100024,214,99960,214,100025,200,99952,100,100054,100,99943,100,100063,100,99941,100,100065,100,99923,100,100073,100,99916,200,100097,100,99908,100,100098,100,99906,100
2019-06-28 09:34:10.000000000,100014,186,99983,186,100024,186,99962,186,100025,286,99960,186,100054,186,99952,186,100063,100,99943,100,100065,100,99941,100,100073,100,99923,100,100097,100,99916,200,100098,100,99908,100,100109,100,99906,100
2019-06-28 09:34:12.776475171,100014,186,100012,100,100024,186,99983,186,100025,286,99962,186,100054,186,99960,186,100063,100,99952,186,100065,100,99943,100,100073,100,99941,100,100097,100,99923,100,100098,100,99916,200,100109,100,99908,100
2019-06-28 09:34:20.000000000,100014,186,100012,186,100024,186,99983,186,100025,286,99962,186,100054,186,99960,186,100063,100,99952,100,100065,100,99943,100,100073,100,99941,100,100097,100,99923,100,100098,100,99916,200,100109,100,99908,100
2019-06-28 09:34:26.357449801,100014,186,100012,186,100024,186,99983,186,100025,286,99962,186,100054,186,99960,186,100063,100,99952,100,100065,100,99943,100,100097,100,99941,100,100098,100,99923,100,100109,100,99916,200,100118,100,99908,100
2019-06-28 09:34:28.418182527,100014,186,100012,86,100024,186,99983,186,100025,286,99962,186,100054,186,99960,186,100063,100,99952,100,100065,100,99943,100,100097,100,99941,100,100098,100,99923,100,100109,100,99916,200,100118,100,99908,100
2019-06-28 09:34:30.000000000,100014,186,99983,186,100024,186,99962,186,100025,286,99960,186,100054,186,99952,186,100063,100,99943,100,100065,100,99941,100,100097,100,99923,100,100098,100,99916,200,100109,100,99908,100,100118,100,99906,100
2019-06-28 09:34:40.000000000,100014,186,99983,186,100024,186,99962,186,100025,286,99960,186,100054,186,99952,186,100063,100,99943,100,100065,100,99941,100,100097,100,99923,100,100098,100,99916,200,100109,100,99908,100,100118,100,99906,100
2019-06-28 09:34:46.915907349,100014,186,99983,186,100024,186,99962,186,100025,286,99960,186,100054,186,99952,186,100063,100,99943,100,100065,100,99941,100,100097,100,99923,100,100098,100,99916,200,100109,100,99908,100,100118,100,99906,100
2019-06-28 09:34:50.000000000,100014,218,99983,218,100024,214,99962,214,100025,314,99960,214,100054,100,99952,100,100063,100,99943,100,100065,100,99941,100,100097,100,99923,100,100098,100,99916,200,100109,100,99908,100,100118,100,99906,100
2019-06-28 09:35:00.000000000,100014,169,99983,169,100024,169,99962,169,100025,269,99960,169,100054,169,99952,169,100063,169,99943,169,100065,100,99941,100,100097,100,99923,100,100098,100,99916,200,100109,100,99908,100,100118,100,99906,100
2019-06-28 09:35:00.434202690,100014,169,100012,100,100024,169,99983,169,100025,269,99962,169,100054,169,99960,169,100063,169,99952,169,100065,100,99943,169,100097,100,99941,100,100098,100,99923,100,100109,100,99916,200,100118,100,99908,100
2019-06-28 09:35:10.000000000,100014,273,100012,273,100024,273,99983,273,100025,200,99962,100,100054,100,99960,100,100063,100,99952,100,100065,100,99943,100,100097,100,99941,100,100098,100,99923,100,100109,100,99916,200,100118,100,99908,100
2019-06-28 09:35:20.000000000,100014,169,100012,169,100024,169,99983,169,100025,269,99962,169,100054,169,99960,169,100063,169,99952,169,100065,100,99943,100,100097,100,99941,100,100098,100,99923,100,100109,100,99916,200,100118,100,99908,100
2019-06-28 09:35:20.688497704,100014,169,100012,269,100024,169,99983,169,100025,269,99962,169,100054,169,99960,169,100063,169,99952,169,100065,100,99943,100,100097,100,99941,100,100098,100,99923,100,100109,100,99916,200,100118,100,99908,100
2019-06-28 09:35:24.695389754,100014,69,100012,269,100024,169,99983,169,100025,169,99962,169,100054,169,99960,169,100063,169,99952,169,100065,100,99943,100,100097,100,99941,100,100098,100,99923,100,100109,100,99916,200,100118,100,99908,100
2019-06-28 09:35:30.000000000,100024,218,100012,318,100025,214,99983,214,100054,214,99962,214,100063,100,99960,100,100065,100,99952,100,100097,100,99943,100,100098,100,99941,100,100109,100,99923,100,100118,100,99916,200,100143,100,99908,100
2019-06-28 09:35:40.000000000,100024,169,100012,269,100025,169,99983,169,100054,169,99962,169,100063,169,99960,169,100065,169,99952,169,100097,100,99943,100,100098,100,99941,100,100109,100,99923,100,100118,100,99916,200,100143,100,99908,100
2019-06-28 09:35:40.719533332,100024,169,100012,269,100025,169,99983,169,100054,169,99962,169,100063,169,99960,169,100065,169,99952,169,100097,100,99943,100,100098,100,99941,100,100109,100,99923,100,100118,100,99916,200,100143,100,99908,100
2019-06-28 09:35:50.000000000,100024,273,100012,373,100025,273,99983,273,100054,100,99962,100,100063,100,99960,100,100065,100,99952,100,100097,100,99943,100,100098,100,99941,100,100109,100,99923,100,100118,100,99916,200,100143,100,99908,100
2019-06-28 09:36:00.000000000,100024,273,100012,373,100025,273,99983,273,100054,100,99962,100,100063,100,99960,100,100065,100,99952,100,100097,100,99943,100,100098,100,99941,100,100109,100,99923,100,100118,100,99916,200,100143,100,99908,100
2019-06-28 09:36:10.000000000,100024,446,100012,546,100025,100,99983,100,100054,100,99962,100,100063,100,99960,100,100065,100,99952,100,100097,100,99943,100,100098,100,99941,100,100109,100,99923,100,100118,100,99916,200,100143,100,99908,100
2019-06-28 09:36:18.731423739,100024,446,100012,546,100025,100,99983,100,100054,100,99962,100,100063,100,99960,100,100065,100,99952,100,100097,100,99943,100,100098,100,99941,100,100109,100,99923,100,100118,100,99916,200,100143,100,99908,100
2019-06-28 09:36:20.000000000,100024,446,100012,546,100025,100,99983,100,100054,100,99962,100,100063,100,99960,100,100065,100,99952,100,100097,100,99943,100,100098,100,99941,100,100109,100,99923,100,100118,100,99916,200,100143,100,99908,100
2019-06-28 09:36:30.000000000,100024,169,100012,269,100025,169,99983,169,100054,169,99962,169,100063,169,99960,169,100065,169,99952,169,100097,100,99943,100,100098,100,99941,100,100109,100,99923,100,100118,100,99916,200,100143,100,99908,100
2019-06-28 09:36:31.052985959,100024,169,100012,269,100025,169,99983,169,100054,169,99962,169,100063,169,99960,169,100065,169,99952,169,100097,100,99943,100,100098,100,99941,100,100109,100,99923,100,100118,100,99916,200,100143,100,99908,100
2019-06-28 09:36:34.013154560,100024,169,100013,100,100025,169,100012,169,100054,169,99983,169,100063,169,99962,169,100065,169,99960,169,100097,100,99952,169,100098,100,99943,100,100109,100,99941,100,100118,100,99923,100,100143,100,99916,200
2019-06-28 09:36:40.000000000,100024,186,100013,186,100025,186,100012,186,100054,186,99983,186,100063,186,99962,186,100065,100,99960,100,100097,100,99952,100,100098,100,99943,100,100109,100,99941,100,100118,100,99923,100,100143,100,99916,200
2019-06-28 09:36:42.104685539,100025,186,100024,14,100054,186,100013,186,100063,186,100012,186,100065,100,99983,186,100097,100,99962,186,100098,100,99960,100,100109,100,99952,100,100118,100,99943,100,100143,100,99941,100,100159,100,99923,100
2019-06-28 09:36:48.038060820,100025,86,100024,14,100054,186,100013,186,100063,186,100012,186,100065,100,99983,186,100097,100,99962,186,100098,100,99960,100,100109,100,99952,100,100118,100,99943,100,100143,100,99941,100,100159,100,99923,100
2019-06-28 09:36:50.000000000,100054,273,100024,187,100063,273,100013,273,100065,100,100012,100,100097,100,99983,100,100098,100,99962,100,100109,100,99960,100,100118,100,99952,100,100143,100,99943,100,100159,100,99941,100,100212,100,99923,100
2019-06-28 09:37:00.000000000,100054,273,100024,187,100063,273,100013,273,100065,100,100012,100,100097,100,99983,100,100098,100,99962,100,100109,100,99960,100,100118,100,99952,100,100143,100,99943,100,100159,100,99941,100,100212,100,99923,100
2019-06-28 09:37:02.933112558,100054,273,100024,187,100063,273,100013,273,100065,100,99983,100,100097,100,99962,100,100098,100,99960,100,100109,100,99952,100,100118,100,99943,100,100143,100,99941,100,100159,100,99923,100,100212,100,99916,200
2019-06-28 09:37:10.000000000,100054,273,100024,187,100063,273,100013,273,100065,100,99983,100,100097,100,99962,100,100098,100,99960,100,100109,100,99952,100,100118,100,99943,100,100143,100,99941,100,100159,100,99923,100,100212,100,99916,200
2019-06-28 09:37:16.211762470,100054,273,100024,187,100063,273,100013,273,100065,100,99983,100,100097,100,99962,100,100098,100,99960,100,100109,100,99952,100,100118,100,99943,100,100143,100,99941,100,100159,100,99923,100,100212,100,99916,200
2019-06-28 09:37:20.000000000,100054,186,100024,100,100063,186,100013,186,100065,186,99983,186,100097,186,99962,186,100098,100,99960,100,100109,100,99952,100,100118,100,99943,100,100143,100,99941,100,100159,100,99923,100,100212,100,99916,200
2019-06-28 09:37:30.000000000,100054,186,100024,100,100063,186,100013,186,100065,186,99983,186,100097,186,99962,186,100098,100,99960,100,100109,100,99952,100,100118,100,99943,100,100143,100,99941,100,100159,100,99923,100,100212,100,99916,200
2019-06-28 09:37:40.000000000,100054,218,100024,132,100063,214,100013,214,100065,214,99983,214,100097,100,99962,100,100098,100,99960,100,100109,100,99952,100,100118,100,99943,100,100143,100,99941,100,100159,100,99923,100,100212,100,99916,200
2019-06-28 09:37:42.649077259,100054,218,100024,232,100063,214,100013,214,100065,214,99983,214,100097,100,99962,100,100098,100,99960,100,100109,100,99952,100,100118,100,99943,100,100143,100,99941,100,100159,100,99923,100,100212,100,99916,200
2019-06-28 09:37:50.000000000,100054,218,100024,232,100063,214,100013,214,100065,214,99983,214,100097,100,99962,100,100098,100,99960,100,100109,100,99952,100,100118,100,99943,100,100143,100,99941,100,100159,100,99923,100,100212,100,99916,200
2019-06-28 09:37:52.271970877,100054,118,100024,232,100063,214,100013,214,100065,214,99983,214,100097,100,99962,100,100098,100,99960,100,100109,100,99952,100,100118,100,99943,100,100143,100,99941,100,100159,100,99923,100,100212,100,99916,200
2019-06-28 09:38:00.000000000,100063,169,100024,183,100065,169,100013,169,100097,169,99983,169,100098,169,99962,169,100109,169,99960,169,100118,100,99952,100,100143,100,99943,100,100159,100,99941,100,100212,100,99923,100,100218,100,99916,200
2019-06-28 09:38:10.000000000,100063,218,100024,232,100065,214,100013,214,100097,214,99983,214,100098,100,99962,100,100109,100,99960,100,100118,100,99952,100,100143,100,99943,100,100159,100,99941,100,100212,100,99923,100,100218,100,99916,200
2019-06-28 09:38:15.376361943,100063,118,100024,232,100065,214,100013,214,100097,214,99983,214,100098,100,99962,100,100109,100,99960,100,100118,100,99952,100,100143,100,99943,100,100159,100,99941,100,100212,100,99923,100,100218,100,99916,200
2019-06-28 09:38:20.000000000,100065,446,100024,460,100097,100,100013,100,100098,100,99983,100,100109,100,99962,100,100118,100,99960,100,100143,100,99952,100,100159,100,99943,100,100212,100,99941,100,100218,100,99923,100,100402,100,99916,200
2019-06-28 09:38:27.281682167,100065,446,100054,100,100097,100,100024,460,100098,100,100013,100,100109,100,99983,100,100118,100,99962,100,100143,100,99960,100,100159,100,99952,100,100212,100,99943,100,100218,100,99941,100,100402,100,99923,100
2019-06-28 09:38:28.840217326,100065,446,100054,200,100097,100,100024,460,100098,100,100013,100,100109,100,99983,100,100118,100,99962,100,100143,100,99960,100,100159,100,99952,100,100212,100,99943,100,100218,100,99941,100,100402,100,99923,100
2019-06-28 09:38:30.000000000,100065,169,100054,269,100097,169,100024,183,100098,169,100013,169,100109,169,99983,169,100118,169,99962,169,100143,100,99960,100,100159,100,99952,100,100212,100,99943,100,100218,100,99941,100,100402,100,99923,100
2019-06-28 09:38:40.000000000,100065,218,100054,318,100097,214,100024,228,100098,214,100013,214,100109,100,99983,100,100118,100,99962,100,100143,100,99960,100,100159,100,99952,100,100212,100,99943,100,100218,100,99941,100,100402,100,99923,100
2019-06-28 09:38:40.317058536,100065,218,100054,418,100097,214,100024,228,100098,214,100013,214,100109,100,99983,100,100118,100,99962,100,100143,100,99960,100,100159,100,99952,100,100212,100,99943,100,100218,100,99941,100,100402,100,99923,100
2019-06-28 09:38:43.926100025,100065,118,100054,418,100097,214,100024,228,100098,214,100013,214,100109,100,99983,100,100118,100,99962,100,100143,100,99960,100,100159,100,99952,100,100212,100,99943,100,100218,100,99941,100,100402,100,99923,100
2019-06-28 09:38:47.513184878,100065,118,100054,418,100097,214,100024,214,100098,214,100013,214,100109,100,99983,100,100118,100,99962,100,100143,100,99960,100,100159,100,99952,100,100212,100,99943,100,100218,100,99941,100,100402,100,99923,100
2019-06-28 09:38:50.000000000,100097,273,100054,473,100098,273,100024,273,100109,100,100013,100,100118,100,99983,100,100143,100,99962,100,100159,100,99960,100,100212,100,99952,100,100218,100,99943,100,100402,100,99941,100,100427,100,99923,100
2019-06-28 09:39:00.000000000,100097,446,100054,646,100098,100,100024,100,100109,100,100013,100,100118,100,99983,100,100143,100,99962,100,100159,100,99960,100,100212,100,99952,100,100218,100,99943,100,100402,100,99941,100,100427,100,99923,100
2019-06-28 09:39:08.952399891,100097,446,100054,646,100098,100,100024,100,100118,100,100013,100,100143,100,99983,100,100159,100,99962,100,100212,100,99960,100,100218,100,99952,100,100402,100,99943,100,100427,100,99941,100,100495,100,99923,100
2019-06-28 09:39:10.000000000,100097,446,100054,646,100098,100,100024,100,100118,100,100013,100,100143,100,99983,100,100159,100,99962,100,100212,100,99960,100,100218,100,99952,100,100402,100,99943,100,100427,100,99941,100,100495,100,99923,100
2019-06-28 09:39:13.913487438,100097,346,100054,646,100098,100,100024,100,100118,100,100013,100,100143,100,99983,100,100159,100,99962,100,100212,100,99960,100,100218,100,99952,100,100402,100,99943,100,100427,100,99941,100,100495,100,99923,100
2019-06-28 09:39:20.000000000,100098,446,100054,646,100118,100,100024,100,100143,100,100013,100,100159,100,99983,100,100212,100,99962,100,100218,100,99960,100,100402,100,99952,100,100427,100,99943,100,100495,100,99941,100,100589,100,99923,100
2019-06-28 09:39:23.371665425,100098,346,100054,646,100118,100,100024,100,100143,100,100013,100,100159,100,99983,100,100212,100,99962,100,100218,100,99960,100,100402,100,99952,100,100427,100,99943,100,100495,100,99941,100,100597,100,99923,100
2019-06-28 09:39:30.000000000,100118,186,100054,386,100143,186,100024,186,100159,186,100013,186,100212,186,99983,186,100218,100,99962,100,100402,100,99960,100,100427,100,99952,100,100495,100,99943,100,100597,100,99941,100,100622,100,99923,100
2019-06-28 09:39:32.853749951,100118,186,100054,386,100143,186,100024,186,100159,186,100013,186,100212,186,99983,186,100218,100,99962,100,100402,100,99960,100,100427,100,99943,100,100495,100,99941,100,100597,100,99923,100,100622,100,99916,100
2019-06-28 09:39:39.653133852,100118,86,100054,386,100143,186,100024,186,100159,186,100013,186,100212,186,99983,186,100218,100,99962,100,100402,100,99960,100,100427,100,99943,100,100597,100,99941,100,100622,100,99923,100,100705,100,99916,100
2019-06-28 09:39:40.000000000,100143,273,100054,473,100159,273,100024,273,100212,100,100013,100,100218,100,99983,100,100402,100,99962,100,100427,100,99960,100,100597,100,99943,100,100622,100,99941,100,100705,100,99923,100,100715,100,99916,100
2019-06-28 09:39:43.353434700,100143,173,100054,473,100159,273,100024,273,100218,100,100013,100,100402,100,99983,100,100427,100,99962,100,100597,100,99960,100,100622,100,99943,100,100705,100,99941,100,100715,100,99923,100,100749,100,99916,100
2019-06-28 09:39:43.572725725,100143,173,100054,473,100159,273,100024,273,100218,100,100013,100,100402,100,99983,100,100427,100,99962,100,100540,100,99960,100,100597,100,99943,100,100622,100,99941,100,100705,100,99923,100,100715,100,99916,100
2019-06-28 09:39:44.706416262,100143,173,100054,373,100159,273,100024,273,100218,100,100013,100,100402,100,99983,100,100427,100,99962,100,100540,100,99960,100,100597,100,99943,100,100622,100,99941,100,100705,100,99923,100,100715,100,99916,100
2019-06-28 09:39:50.000000000,100159,186,100054,286,100218,186,100024,186,100402,186,100013,186,100427,186,99983,186,100540,100,99962,100,100597,100,99960,100,100622,100,99943,100,100705,100,99941,100,100715,100,99923,100,100749,100,99916,100
2019-06-28 09:40:00.000000000,100159,169,100054,269,100218,169,100024,169,100402,169,100013,169,100427,169,99983,169,100540,169,99962,169,100597,100,99960,100,100622,100,99943,100,100705,100,99941,100,100715,100,99923,100,100749,100,99916,100
2019-06-28 09:40:02.121534885,100159,169,100118,100,100218,169,100054,269,100402,169,100024,169,100427,169,100013,169,100540,169,99983,169,100597,100,99962,169,100622,100,99960,100,100705,100,99943,100,100715,100,99941,100,100749,100,99923,100
2019-06-28 09:40:10.000000000,100159,169,100118,169,100218,169,100054,269,100402,169,100024,169,100427,169,100013,169,100540,169,99983,169,100597,100,99962,100,100622,100,99960,100,100705,100,99943,100,100715,100,99941,100,100749,100,99923,100
2019-06-28 09:40:20.000000000,100159,273,100118,273,100218,273,100054,373,100402,100,100024,100,100427,100,100013,100,100540,100,99983,100,100597,100,99962,100,100622,100,99960,100,100705,100,99943,100,100715,100,99941,100,100749,100,99923,100
2019-06-28 09:40:30.000000000,100159,273,100118,273,100218,273,100054,373,100402,100,100024,100,100427,100,100013,100,100540,100,99983,100,100597,100,99962,100,100622,100,99960,100,100705,100,99943,100,100715,100,99941,100,100749,100,99923,100
2019-06-28 09:40:31.520078791,100159,173,100118,273,100218,273,100054,373,100402,100,100024,100,100427,100,100013,100,100540,100,99983,100,100597,100,99962,100,100622,100,99960,100,100705,100,99943,100,100715,100,99941,100,100749,100,99923,100
2019-06-28 09:40:40.000000000,100218,218,100118,218,100402,214,100054,314,100427,214,100024,214,100540,100,100013,100,100597,100,99983,100,100622,100,99962,100,100705,100,99960,100,100715,100,99943,100,100749,100,99941,100,100796,100,99923,100
2019-06-28 09:40:45.463236400,100218,218,100118,218,100402,214,100054,314,100427,214,100024,214,100540,100,100013,100,100560,100,99983,100,100597,100,99962,100,100622,100,99960,100,100705,100,99943,100,100715,100,99941,100,100749,100,99923,100
2019-06-28 09:40:46.500594566,100218,118,100118,218,100402,214,100054,314,100427,214,100024,214,100540,100,100013,100,100560,100,99983,100,100597,100,99962,100,100622,100,99960,100,100705,100,99943,100,100715,100,99941,100,100749,100,99923,100
2019-06-28 09:40:50.000000000,100402,273,100118,273,100427,273,100054,373,100540,100,100024,100,100560,100,100013,100,100597,100,99983,100,100622,100,99962,100,100705,100,99960,100,100715,100,99943,100,100749,100,99941,100,100796,100,99923,100
2019-06-28 09:40:56.973114252,100351,100,100118,273,100402,273,100054,373,100427,273,100024,100,100540,100,100013,100,100560,100,99983,100,100597,100,99962,100,100622,100,99960,100,100705,100,99943,100,100715,100,99941,100,100749,100,99923,100
2019-06-28 09:41:00.000000000,100351,169,100118,169,100402,169,100054,269,100427,169,100024,169,100540,169,100013,169,100560,169,99983,169,100597,100,99962,100,100622,100,99960,100,100705,100,99943,100,100715,100,99941,100,100749,100,99923,100
2019-06-28 09:41:08.289720051,100351,169,100118,169,100402,169,100054,169,100427,169,100024,169,100540,169,100013,169,100560,169,99983,169,100597,100,99962,100,100622,100,99960,100,100705,100,99943,100,100715,100,99941,100,100749,100,99923,100
2019-06-28 09:41:09.215267646,100351,169,100118,69,100402,169,100054,169,100427,169,100024,169,100540,169,100013,169,100560,169,99983,169,100597,100,99962,100,100622,100,99960,100,100705,100,99943,100,100715,100,99923,100,100749,100,99916,100
2019-06-28 09:41:10.000000000,100351,446,100054,446,100402,100,100024,100,100427,100,100013,100,100540,100,99983,100,100560,100,99962,100,100597,100,99960,100,100622,100,99943,100,100705,100,99923,100,100715,100,99916,100,100749,100,99908,100
2019-06-28 09:41:20.000000000,100351,169,100054,169,100402,169,100024,169,100427,169,100013,169,100540,169,99983,169,100560,169,99962,169,100597,100,99960,100,100622,100,99943,100,100705,100,99923,100,100715,100,99916,100,100749,100,99908,100
2019-06-28 09:41:24.888809320,100351,169,100066,100,100402,169,100054,169,100427,169,100024,169,100540,169,100013,169,100560,169,99983,169,100597,100,99962,169,100622,100,99960,100,100705,100,99943,100,100715,100,99923,100,100796,100,99916,100
2019-06-28 09:41:30.000000000,100351,169,100066,169,100402,169,100054,169,100427,169,100024,169,100540,169,100013,169,100560,169,99983,169,100597,100,99962,100,100622,100,99960,100,100705,100,99943,100,100715,100,99923,100,100796,100,99916,100
2019-06-28 09:41:37.059925498,100211,100,100066,169,100351,169,100054,169,100402,169,100024,169,100427,169,100013,169,100540,169,99983,169,100560,169,99962,100,100597,100,99960,100,100622,100,99943,100,100705,100,99923,100,100715,100,99916,100
2019-06-28 09:41:40.000000000,100211,186,100066,186,100351,186,100054,186,100402,186,100024,186,100427,186,100013,186,100540,100,99983,100,100560,100,99962,100,100597,100,99960,100,100622,100,99943,100,100705,100,99923,100,100715,100,99916,100
2019-06-28 09:41:50.000000000,100211,218,100066,218,100351,214,100054,214,100402,214,100024,214,100427,100,100013,100,100540,100,99983,100,100560,100,99962,100,100597,100,99960,100,100622,100,99943,100,100705,100,99923,100,100715,100,99916,100
2019-06-28 09:41:55.875410639,100211,218,100119,100,100351,214,100066,218,100402,214,100054,214,100427,100,100024,214,100540,100,100013,100,100560,100,99983,100,100597,100,99962,100,100622,100,99960,100,100705,100,99943,100,100715,100,99923,100
2019-06-28 09:42:00.000000000,100211,169,100119,169,100351,169,100066,169,100402,169,100054,169,100427,169,100024,169,100540,169,100013,169,100560,100,99983,100,100597,100,99962,100,100622,100,99960,100,100705,100,99943,100,100715,100,99923,100
2019-06-28 09:42:10.000000000,100211,186,100119,186,100351,186,100066,186,100402,186,100054,186,100427,186,100024,186,100540,100,100013,100,100560,100,99983,100,100597,100,99962,100,100622,100,99960,100,100705,100,99943,100,100715,100,99923,100
2019-06-28 09:42:12.278140995,100211,186,100119,186,100351,186,100066,186,100402,186,100054,186,100427,86,100024,186,100540,100,100013,100,100560,100,99983,100,100597,100,99962,100,100622,100,99960,100,100705,100,99943,100,100715,100,99923,100
2019-06-28 09:42:20.000000000,100211,273,100119,273,100351,273,100066,273,100402,100,100054,100,100540,100,100024,100,100560,100,100013,100,100597,100,99983,100,100622,100,99962,100,100705,100,99960,100,100715,100,99943,100,100796,100,99923,100
2019-06-28 09:42:30.000000000,100211,446,100119,446,100351,100,100066,100,100402,100,100054,100,100540,100,100024,100,100560,100,100013,100,100597,100,99983,100,100622,100,99962,100,100705,100,99960,100,100715,100,99943,100,100796,100,99923,100
2019-06-28 09:42:40.000000000,100211,446,100119,446,100351,100,100066,100,100402,100,100054,100,100540,100,100024,100,100560,100,100013,100,100597,100,99983,100,100622,100,99962,100,100705,100,99960,100,100715,100,99943,100,100796,100,99923,100
2019-06-28 09:42:50.000000000,100211,273,100119,273,100351,273,100066,273,100402,100,100054,100,100540,100,100024,100,100560,100,100013,100,100597,100,99983,100,100622,100,99962,100,100705,100,99960,100,100715,100,99943,100,100796,100,99923,100
2019-06-28 09:42:50.027271311,100211,273,100119,173,100351,273,100066,273,100402,100,100054,100,100540,100,100024,100,100560,100,100013,100,100597,100,99983,100,100622,100,99962,100,100705,100,99960,100,100715,100,99943,100,100796,100,99923,100
2019-06-28 09:43:00.000000000,100211,169,100066,169,100351,169,100054,169,100402,169,100024,169,100540,169,100013,169,100560,169,99983,169,100597,100,99962,100,100622,100,99960,100,100705,100,99943,100,100715,100,99923,100,100796,100,99916,100
2019-06-28 09:43:10.000000000,100211,169,100066,169,100351,169,100054,169,100402,169,100024,169,100540,169,100013,169,100560,169,99983,169,100597,100,99962,100,100622,100,99960,100,100705,100,99943,100,100715,100,99923,100,100796,100,99916,100
2019-06-28 09:43:17.247906483,100211,169,100066,69,100351,169,100054,169,100402,169,100024,169,100540,169,100013,169,100560,169,99983,169,100597,100,99962,100,100622,100,99960,100,100705,100,99943,100,100715,100,99923,100,100796,100,99916,100
2019-06-28 09:43:20.000000000,100211,218,100054,218,100351,214,100024,214,100402,214,100013,214,100540,100,99983,100,100560,100,99962,100,100597,100,99960,100,100622,100,99943,100,100705,100,99923,100,100715,100,99916,100,100796,100,99908,100
2019-06-28 09:43:30.000000000,100211,169,100054,169,100351,169,100024,169,100402,169,100013,169,100540,169,99983,169,100560,169,99962,169,100597,100,99960,100,100622,100,99943,100,100705,100,99923,100,100715,100,99916,100,100796,100,99908,100
2019-06-28 09:43:36.313861938,100211,169,100054,69,100351,169,100024,169,100402,169,100013,169,100540,169,99983,169,100560,169,99962,169,100597,100,99960,100,100622,100,99943,100,100705,100,99923,100,100715,100,99916,100,100796,100,99908,100
2019-06-28 09:43:40.000000000,100211,446,100024,446,100351,100,100013,100,100402,100,99983,100,100540,100,99962,100,100560,100,99960,100,100597,100,99943,100,100622,100,99923,100,100705,100,99916,100,100715,100,99908,100,100796,100,99906,100
2019-06-28 09:43:50.000000000,100211,273,100024,273,100351,273,100013,273,100402,100,99983,100,100540,100,99962,100,100560,100,99960,100,100597,100,99943,100,100622,100,99923,100,100705,100,99916,100,100715,100,99908,100,100796,100,99906,100
2019-06-28 09:44:00.000000000,100211,273,100024,273,100351,273,100013,273,100402,100,99983,100,100540,100,99962,100,100560,100,99960,100,100597,100,99943,100,100622,100,99923,100,100705,100,99916,100,100715,100,99908,100,100796,100,99906,100
2019-06-28 09:44:06.878028909,100211,273,100149,100,100351,273,100024,273,100402,100,100013,273,100540,100,99983,100,100560,100,99962,100,100597,100,99943,100,100622,100,99923,100,100705,100,99916,100,100715,100,99908,100,100796,100,99906,100
2019-06-28 09:44:10.000000000,100211,169,100149,169,100351,169,100024,169,100402,169,100013,169,100540,169,99983,169,100560,169,99962,169,100597,100,99943,100,100622,100,99923,100,100705,100,99916,100,100715,100,99908,100,100796,100,99906,100
2019-06-28 09:44:17.524487690,100211,169,100149,169,100251,100,100024,169,100351,169,100013,169,100402,169,99983,169,100540,169,99962,169,100560,169,99943,100,100597,100,99923,100,100622,100,99916,100,100705,100,99908,100,100715,100,99906,100
2019-06-28 09:44:20.000000000,100211,273,100149,273,100251,273,100024,273,100351,100,100013,100,100402,100,99983,100,100540,100,99962,100,100560,100,99943,100,100597,100,99923,100,100622,100,99916,100,100705,100,99908,100,100715,100,99906,100
2019-06-28 09:44:30.000000000,100211,273,100149,273,100251,273,100024,273,100351,100,100013,100,100402,100,99983,100,100540,100,99962,100,100560,100,99943,100,100597,100,99923,100,100622,100,99916,100,100705,100,99908,100,100715,100,99906,100
2019-06-28 09:44:40.000000000,100211,273,100149,273,100251,273,100024,273,100351,100,100013,100,100402,100,99983,100,100540,100,99962,100,100560,100,99943,100,100597,100,99923,100,100622,100,99916,100,100705,100,99908,100,100715,100,99906,100
2019-06-28 09:44:50.000000000,100211,169,100149,169,100251,169,100024,169,100351,169,100013,169,100402,169,99983,169,100540,169,99962,169,100560,100,99943,100,100597,100,99923,100,100622,100,99916,100,100705,100,99908,100,100715,100,99906,100
2019-06-28 09:45:00.000000000,100211,218,100149,218,100251,214,100024,214,100351,214,100013,214,100402,100,99983,100,100540,100,99962,100,100560,100,99943,100,100597,100,99923,100,100622,100,99916,100,100705,100,99908,100,100715,100,99906,100
2019-06-28 09:45:10.000000000,100211,169,100149,169,100251,169,100024,169,100351,169,100013,169,100402,169,99983,169,100540,169,99962,169,100560,100,99943,100,100597,100,99923,100,100622,100,99916,100,100705,100,99908,100,100715,100,99906,100
2019-06-28 09:45:18.825254830,100211,169,100149,69,100251,169,100024,169,100351,169,100013,169,100402,169,99983,169,100540,169,99962,169,100560,100,99943,100,100597,100,99923,100,100622,100,99916,100,100705,100,99908,100,100715,100,99906,100
2019-06-28 09:45:19.499176166,100149,31,100024,169,100211,169,100013,169,100251,169,99983,169,100351,169,99962,169,100402,169,99943,100,100540,169,99923,100,100560,100,99916,100,100597,100,99908,100,100622,100,99906,100,100705,100,99899,100
2019-06-28 09:45:20.000000000,100149,149,100024,218,100211,214,100013,214,100251,214,99983,214,100351,100,99962,100,100402,100,99943,100,100540,100,99923,100,100560,100,99916,100,100597,100,99908,100,100622,100,99906,100,100705,100,99899,100
2019-06-28 09:45:30.000000000,100149,117,100024,186,100211,186,100013,186,100251,186,99983,186,100351,186,99962,186,100402,100,99943,100,100540,100,99923,100,100560,100,99916,100,100597,100,99908,100,100622,100,99906,100,100705,100,99899,100
2019-06-28 09:45:30.992456879,100149,217,100024,186,100211,186,100013,186,100251,186,99983,186,100351,186,99962,186,100402,100,99943,100,100540,100,99923,100,100560,100,99916,100,100597,100,99908,100,100622,100,99906,100,100705,100,99899,100
2019-06-28 09:45:40.000000000,100149,477,100024,446,100211,100,100013,100,100251,100,99983,100,100351,100,99962,100,100402,100,99943,100,100540,100,99923,100,100560,100,99916,100,100597,100,99908,100,100622,100,99906,100,100705,100,99899,100
2019-06-28 09:45:47.539530790,100086,100,100024,446,100149,477,100013,100,100211,100,99983,100,100251,100,99962,100,100351,100,99943,100,100402,100,99923,100,100540,100,99916,100,100560,100,99908,100,100597,100,99906,100,100622,100,99899,100
2019-06-28 09:45:50.000000000,100086,446,100024,446,100149,131,100013,100,100211,100,99983,100,100251,100,99962,100,100351,100,99943,100,100402,100,99923,100,100540,100,99916,100,100560,100,99908,100,100597,100,99906,100,100622,100,99899,100
2019-06-28 09:45:50.081286389,100041,100,100024,446,100086,446,100013,100,100149,131,99983,100,100211,100,99962,100,100251,100,99943,100,100351,100,99923,100,100402,100,99916,100,100540,100,99908,100,100560,100,99906,100,100622,100,99899,100
2019-06-28 09:46:00.000000000,100041,218,100024,218,100086,214,100013,214,100149,245,99983,214,100211,100,99962,100,100251,100,99943,100,100351,100,99923,100,100402,100,99916,100,100540,100,99908,100,100560,100,99906,100,100622,100,99899,100
2019-06-28 09:46:10.000000000,100041,218,100024,218,100086,214,100013,214,100149,245,99983,214,100211,100,99962,100,100251,100,99943,100,100351,100,99923,100,100402,100,99916,100,100540,100,99908,100,100560,100,99906,100,100622,100,99899,100
2019-06-28 09:46:20.000000000,100041,446,100024,446,100086,100,100013,100,100149,131,99983,100,100211,100,99962,100,100251,100,99943,100,100351,100,99923,100,100402,100,99916,100,100540,100,99908,100,100560,100,99906,100,100622,100,99899,100
2019-06-28 09:46:30.000000000,100041,273,100024,273,100086,273,100013,273,100149,131,99983,100,100211,100,99962,100,100251,100,99943,100,100351,100,99923,100,100402,100,99916,100,100540,100,99908,100,100560,100,99906,100,100622,100,99899,100
2019-06-28 09:46:34.683416710,100041,273,100024,273,100086,273,100013,273,100149,131,100009,100,100211,100,99983,100,100251,100,99962,100,100351,100,99943,100,100402,100,99923,100,100540,100,99916,100,100560,100,99908,100,100622,100,99906,100
2019-06-28 09:46:40.000000000,100041,169,100024,169,100086,169,100013,169,100149,200,100009,169,100211,169,99983,169,100251,169,99962,169,100351,100,99943,100,100402,100,99923,100,100540,100,99916,100,100560,100,99908,100,100622,100,99906,100
2019-06-28 09:46:50.000000000,100041,273,100024,273,100086,273,100013,273,100149,131,100009,100,100211,100,99983,100,100251,100,99962,100,100351,100,99943,100,100402,100,99923,100,100540,100,99916,100,100560,100,99908,100,100622,100,99906,100
2019-06-28 09:46:52.569477939,100041,173,100024,273,100086,273,100013,273,100149,31,100009,100,100211,100,99983,100,100251,100,99962,100,100351,100,99943,100,100402,100,99923,100,100540,100,99916,100,100560,100,99908,100,100622,100,99906,100
2019-06-28 09:47:00.000000000,100086,446,100024,446,100149,31,100013,100,100211,100,100009,100,100251,100,99983,100,100351,100,99962,100,100402,100,99943,100,100540,100,99923,100,100560,100,99916,100,100622,100,99908,100,100705,100,99906,100
2019-06-28 09:47:10.000000000,100086,186,100024,186,100149,117,100013,186,100211,186,100009,186,100251,186,99983,186,100351,100,99962,100,100402,100,99943,100,100540,100,99923,100,100560,100,99916,100,100622,100,99908,100,100705,100,99906,100
2019-06-28 09:47:20.000000000,100086,186,100024,186,100149,117,100013,186,100211,186,100009,186,100251,186,99983,186,100351,100,99962,100,100402,100,99943,100,100540,100,99923,100,100560,100,99916,100,100622,100,99908,100,100705,100,99906,100
2019-06-28 09:47:30.000000000,100086,169,100024,169,100149,100,100013,169,100211,169,100009,169,100251,169,99983,169,100351,169,99962,169,100402,100,99943,100,100540,100,99923,100,100560,100,99916,100,100622,100,99908,100,100705,100,99906,100
2019-06-28 09:47:40.000000000,100086,218,100024,218,100149,145,100013,214,100211,214,100009,214,100251,100,99983,100,100351,100,99962,100,100402,100,99943,100,100540,100,99923,100,100560,100,99916,100,100622,100,99908,100,100705,100,99906,100
2019-06-28 09:47:49.017225766,100086,218,100024,118,100149,145,100013,214,100211,214,100009,214,100251,100,99983,100,100351,100,99943,100,100402,100,99923,100,100540,100,99916,100,100560,100,99908,100,100622,100,99906,100,100705,100,99899,100
2019-06-28 09:47:50.000000000,100086,218,100013,218,100149,145,100009,214,100211,214,99983,214,100251,100,99943,100,100351,100,99923,100,100402,100,99916,100,100540,100,99908,100,100560,100,99906,100,100622,100,99899,100,100705,100,99894,100
2019-06-28 09:47:56.012325979,100040,100,100013,218,100086,218,100009,214,100149,145,99983,214,100211,214,99943,100,100251,100,99923,100,100351,100,99916,100,100402,100,99908,100,100540,100,99906,100,100560,100,99899,100,100622,100,99894,100
2019-06-28 09:47:57.827721514,100040,100,100013,218,100086,218,100009,214,100149,145,99983,214,100211,214,99943,100,100251,100,99923,100,100351,100,99916,100,100402,100,99908,100,100540,100,99906,100,100560,100,99899,100,100622,100,99894,100
2019-06-28 09:48:00.000000000,100040,218,100013,218,100086,214,100009,214,100149,145,99983,214,100211,100,99943,100,100251,100,99923,100,100351,100,99916,100,100402,100,99908,100,100540,100,99906,100,100560,100,99899,100,100622,100,99894,100
2019-06-28 09:48:08.921512089,100040,218,100013,118,100086,214,100009,214,100149,145,99983,214,100211,100,99943,100,100251,100,99923,100,100351,100,99916,100,100402,100,99908,100,100540,100,99906,100,100560,100,99899,100,100622,100,99894,100
2019-06-28 09:48:10.000000000,100040,273,100009,273,100086,273,99983,273,100149,31,99943,100,100211,100,99923,100,100251,100,99916,100,100351,100,99908,100,100402,100,99906,100,100540,100,99899,100,100560,100,99894,100,100622,100,99885,100
2019-06-28 09:48:20.000000000,100040,186,100009,186,100086,186,99983,186,100149,117,99943,186,100211,186,99923,186,100251,100,99916,100,100351,100,99908,100,100402,100,99906,100,100540,100,99899,100,100560,100,99894,100,100622,100,99885,100
2019-06-28 09:48:27.678248027,100040,186,100009,186,100086,186,99983,186,100149,117,99943,186,100211,186,99923,186,100251,100,99916,100,100351,100,99908,100,100402,100,99906,100,100540,100,99899,100,100560,100,99894,100,100622,100,99885,100
2019-06-28 09:48:30.000000000,100040,273,100009,273,100086,273,99983,273,100149,31,99943,100,100211,100,99923,100,100251,100,99916,100,100351,100,99908,100,100402,100,99906,100,100540,100,99899,100,100560,100,99894,100,100622,100,99885,100
2019-06-28 09:48:34.344927762,100040,273,100009,173,100086,273,99983,273,100149,31,99943,100,100211,100,99923,100,100251,100,99916,100,100351,100,99908,100,100402,100,99906,100,100540,100,99899,100,100560,100,99894,100,100622,100,99885,100
2019-06-28 09:48:40.000000000,100040,446,99983,446,100086,100,99943,100,100149,31,99923,100,100211,100,99916,100,100251,100,99908,100,100351,100,99906,100,100402,100,99899,100,100540,100,99894,100,100560,100,99885,100,100622,100,99862,100
2019-06-28 09:48:50.000000000,100040,218,99983,218,100086,214,99943,214,100149,145,99923,214,100211,100,99916,100,100251,100,99908,100,100351,100,99906,100,100402,100,99899,100,100540,100,99894,100,100560,100,99885,100,100622,100,99862,100
2019-06-28 09:48:54.625990062,100040,218,99983,218,100086,214,99943,214,100149,145,99923,214,100211,100,99916,100,100251,100,99908,100,100351,100,99906,100,100402,100,99899,100,100540,100,99894,100,100560,100,99885,100,100622,100,99704,100
2019-06-28 09:49:00.000000000,100040,273,99983,273,100086,273,99943,273,100149,31,99923,100,100211,100,99916,100,100251,100,99908,100,100351,100,99906,100,100402,100,99899,100,100540,100,99894,100,100560,100,99885,100,100622,100,99704,100
2019-06-28 09:49:10.000000000,100040,273,99983,273,100086,273,99943,273,100149,31,99923,100,100211,100,99916,100,100251,100,99908,100,100351,100,99906,100,100402,100,99899,100,100540,100,99894,100,100560,100,99885,100,100622,100,99704,100
2019-06-28 09:49:20.000000000,100040,446,99983,446,100086,100,99943,100,100149,31,99923,100,100211,100,99916,100,100251,100,99908,100,100351,100,99906,100,100402,100,99899,100,100540,100,99894,100,100560,100,99885,100,100622,100,99704,100
2019-06-28 09:49:21.861465306,100013,100,99983,446,100040,446,99943,100,100086,100,99923,100,100149,31,99916,100,100211,100,99908,100,100251,100,99906,100,100351,100,99899,100,100402,100,99894,100,100540,100,99885,100,100560,100,99704,100
2019-06-28 09:49:30.000000000,100013,273,99983,273,100040,273,99943,273,100086,100,99923,100,100149,31,99916,100,100211,100,99908,100,100251,100,99906,100,100351,100,99899,100,100402,100,99894,100,100540,100,99885,100,100560,100,99704,100
2019-06-28 09:49:40.000000000,100013,186,99983,186,100040,186,99943,186,100086,186,99923,186,100149,117,99916,186,100211,100,99908,100,100251,100,99906,100,100351,100,99899,100,100402,100,99894,100,100540,100,99885,100,100560,100,99704,100
2019-06-28 09:49:50.000000000,100013,446,99983,446,100040,100,99943,100,100086,100,99923,100,100149,31,99916,100,100211,100,99908,100,100251,100,99906,100,100351,100,99899,100,100402,100,99894,100,100540,100,99885,100,100560,100,99704,100
2019-06-28 09:50:00.000000000,100013,273,99983,273,100040,273,99943,273,100086,100,99923,100,100149,31,99916,100,100211,100,99908,100,100251,100,99906,100,100351,100,99899,100,100402,100,99894,100,100540,100,99885,100,100560,100,99704,100
2019-06-28 09:50:10.000000000,100013,446,99983,446,100040,100,99943,100,100086,100,99923,100,100149,31,99916,100,100211,100,99908,100,100251,100,99906,100,100351,100,99899,100,100402,100,99894,100,100540,100,99885,100,100560,100,99704,100
2019-06-28 09:50:20.000000000,100013,446,99983,446,100040,100,99943,100,100086,100,99923,100,100149,31,99916,100,100211,100,99908,100,100251,100,99906,100,100351,100,99899,100,100402,100,99894,100,100540,100,99885,100,100560,100,99704,100
2019-06-28 09:50:30.000000000,100013,273,99983,273,100040,273,99943,273,100086,100,99923,100,100149,31,99916,100,100211,100,99908,100,100251,100,99906,100,100351,100,99899,100,100402,100,99894,100,100540,100,99885,100,100560,100,99704,100
2019-06-28 09:50:40.000000000,100013,218,99983,218,100040,214,99943,214,100086,214,99923,214,100149,31,99916,100,100211,100,99908,100,100251,100,99906,100,100351,100,99899,100,100402,100,99894,100,100540,100,99885,100,100560,100,99704,100
2019-06-28 09:50:40.317432895,100013,218,99983,118,100040,214,99943,214,100086,214,99923,214,100149,31,99916,100,100211,100,99908,100,100251,100,99906,100,100351,100,99899,100,100402,100,99894,100,100540,100,99885,100,100560,100,99704,100
2019-06-28 09:50:50.000000000,100013,218,99943,218,100040,214,99923,214,100086,214,99916,214,100149,31,99908,100,100211,100,99906,100,100251,100,99899,100,100351,100,99894,100,100402,100,99885,100,100540,100,99704,100,100560,100,99652,100
2019-06-28 09:50:58.880389183,100013,218,99943,118,100040,214,99923,214,100086,214,99916,214,100149,31,99906,100,100211,100,99899,100,100251,100,99894,100,100351,100,99885,100,100402,100,99704,100,100540,100,99652,100,100560,100,99541,100
2019-06-28 09:51:00.000000000,100013,218,99923,218,100040,214,99916,214,100086,214,99906,214,100149,31,99899,100,100211,100,99894,100,100251,100,99885,100,100351,100,99704,100,100402,100,99652,100,100540,100,99541,100,100560,100,,
2019-06-28 09:51:10.000000000,100013,218,99923,218,100040,214,99916,214,100086,214,99906,214,100149,31,99899,100,100211,100,99894,100,100251,100,99885,100,100351,100,99704,100,100402,100,99652,100,100540,100,99541,100,100560,100,,
2019-06-28 09:51:17.582972799,100013,218,99923,118,100040,214,99916,214,100086,214,99906,214,100149,31,99899,100,100211,100,99894,100,100251,100,99885,100,100351,100,99704,100,100402,100,99652,100,100540,100,99541,100,100560,100,,
2019-06-28 09:51:20.000000000,100013,169,99916,169,100040,169,99906,169,100086,169,99899,169,100149,100,99894,169,100211,169,99885,169,100251,100,99704,100,100351,100,99652,100,100402,100,99541,100,100540,100,,,100560,100,,
2019-06-28 09:51:30.000000000,100013,273,99916,273,100040,273,99906,273,100086,100,99899,100,100149,31,99894,100,100211,100,99885,100,100251,100,99704,100,100351,100,99652,100,100402,100,99541,100,100540,100,,,100560,100,,
2019-06-28 09:51:40.000000000,100013,446,99916,446,100040,100,99906,100,100086,100,99899,100,100149,31,99894,100,100211,100,99885,100,100251,100,99704,100,100351,100,99652,100,100402,100,99541,100,100540,100,,,100560,100,,
2019-06-28 09:51:50.000000000,100013,169,99916,169,100040,169,99906,169,100086,169,99899,169,100149,100,99894,169,100211,169,99885,169,100251,100,99704,100,100351,100,99652,100,100402,100,99541,100,100540,100,,,100560,100,,
2019-06-28 09:52:00.000000000,100013,186,99916,186,100040,186,99906,186,100086,186,99899,186,100149,117,99894,186,100211,100,99885,100,100251,100,99704,100,100351,100,99652,100,100402,100,99541,100,100540,100,,,100560,100,,
2019-06-28 09:52:01.912559807,100013,186,99916,86,100040,186,99906,186,100086,186,99899,186,100149,117,99894,186,100211,100,99885,100,100251,100,99704,100,100351,100,99652,100,100402,100,99541,100,100540,100,,,100560,100,,
2019-06-28 09:52:07.949364464,100013,186,99916,86,100040,186,99906,186,100086,186,99899,186,100149,117,99894,186,100211,100,99885,100,100251,100,99704,100,100351,100,99652,100,100402,100,99541,100,100540,100,99537,100,100560,100,,
2019-06-28 09:52:10.000000000,100013,273,99906,273,100040,273,99899,273,100086,100,99894,100,100149,31,99885,100,100211,100,99704,100,100251,100,99652,100,100351,100,99541,100,100402,100,99537,100,100540,100,,,100560,100,,
2019-06-28 09:52:13.171193635,100013,273,99906,273,100040,273,99899,173,100086,100,99894,100,100149,31,99885,100,100211,100,99704,100,100251,100,99652,100,100351,100,99541,100,100402,100,99537,100,100540,100,99454,100,100560,100,,
2019-06-28 09:52:20.000000000,100013,186,99906,186,100040,186,99894,186,100086,186,99885,186,100149,117,99704,186,100211,100,99652,100,100251,100,99541,100,100351,100,99537,100,100402,100,99454,100,100540,100,,,100560,100,,
2019-06-28 09:52:30.000000000,100013,218,99906,218,100040,214,99894,214,100086,214,99885,214,100149,31,99704,100,100211,100,99652,100,100251,100,99541,100,100351,100,99537,100,100402,100,99454,100,100540,100,,,100560,100,,
2019-06-28 09:52:40.000000000,100013,446,99906,446,100040,100,99894,100,100086,100,99885,100,100149,31,99704,100,100211,100,99652,100,100251,100,99541,100,100351,100,99537,100,100402,100,99454,100,100540,100,,,100560,100,,
2019-06-28 09:52:45.239205476,100013,446,99906,346,100040,100,99894,100,100086,100,99885,100,100149,31,99704,100,100251,100,99652,100,100351,100,99541,100,100402,100,99537,100,100540,100,99454,100,100560,100,,,100622,100,,
2019-06-28 09:52:50.000000000,100013,186,99894,186,100040,186,99885,186,100086,186,99704,186,100149,117,99652,186,100251,100,99541,100,100351,100,99537,100,100402,100,99454,100,100540,100,,,100560,100,,,100622,100,,
2019-06-28 09:52:53.849320187,100013,186,99894,86,100040,186,99885,186,100086,186,99704,186,100149,117,99652,186,100251,100,99541,100,100351,100,99537,100,100402,100,99454,100,100540,100,,,100560,100,,,100622,100,,
2019-06-28 09:53:00.000000000,100013,218,99885,218,100040,214,99704,214,100086,214,99652,214,100149,31,99541,100,100251,100,99537,100,100351,100,99454,100,100402,100,,,100540,100,,,100560,100,,,100622,100,,
2019-06-28 09:53:06.516566005,99906,100,99885,218,100013,218,99704,214,100040,214,99652,214,100086,214,99541,100,100149,31,99537,100,100251,100,99454,100,100351,100,,,100402,100,,,100540,100,,,100560,100,,
2019-06-28 09:53:10.000000000,99906,186,99885,186,100013,186,99704,186,100040,186,99652,186,100086,186,99541,186,100149,31,99537,100,100251,100,99454,100,100351,100,,,100402,100,,,100540,100,,,100560,100,,
2019-06-28 09:53:12.647505882,99906,186,99885,86,100013,186,99704,186,100040,186,99652,186,100086,186,99541,186,100149,31,99537,100,100251,100,99454,100,100351,100,,,100402,100,,,100540,100,,,100560,100,,
2019-06-28 09:53:20.000000000,99906,169,99704,169,100013,169,99652,169,100040,169,99541,169,100086,169,99537,169,100149,100,99454,169,100251,100,,,100351,100,,,100402,100,,,100540,100,,,100560,100,,
2019-06-28 09:53:25.064254184,99894,100,99704,169,99906,169,99652,169,100013,169,99541,169,100040,169,99537,169,100086,169,99454,169,100149,100,,,100251,100,,,100351,100,,,100402,100,,,100540,100,,
2019-06-28 09:53:30.000000000,99894,186,99704,186,99906,186,99652,186,100013,186,99541,186,100040,186,99537,186,100086,100,99454,100,100149,31,,,100251,100,,,100351,100,,,100402,100,,,100540,100,,
2019-06-28 09:53:39.445992779,99894,186,99704,186,99906,186,99652,186,100013,186,99541,186,100040,186,99537,186,100086,100,99454,100,100149,31,99442,100,100251,100,,,100351,100,,,100540,100,,,100560,100,,
2019-06-28 09:53:40.000000000,99894,273,99704,273,99906,273,99652,273,100013,100,99541,100,100040,100,99537,100,100086,100,99454,100,100149,31,99442,100,100251,100,,,100351,100,,,100540,100,,,100560,100,,
2019-06-28 09:53:50.000000000,99894,446,99704,446,99906,100,99652,100,100013,100,99541,100,100040,100,99537,100,100086,100,99454,100,100149,31,99442,100,100251,100,,,100351,100,,,100540,100,,,100560,100,,
2019-06-28 09:53:51.328591858,99894,446,99704,446,99906,100,99652,100,100013,100,99541,100,100040,100,99537,100,100086,100,99454,100,100149,31,99442,100,100251,100,99399,100,100351,100,,,100540,100,,,100622,100,,
2019-06-28 09:53:59.493774774,99894,546,99704,446,99906,100,99652,100,100013,100,99541,100,100040,100,99537,100,100086,100,99454,100,100149,31,99442,100,100251,100,99399,100,100351,100,,,100540,100,,,100622,100,,
2019-06-28 09:54:00.000000000,99894,546,99704,446,99906,100,99652,100,100013,100,99541,100,100040,100,99537,100,100086,100,99454,100,100149,31,99442,100,100251,100,99399,100,100351,100,,,100540,100,,,100622,100,,
2019-06-28 09:54:05.316445935,99894,546,99704,346,99906,100,99652,100,100013,100,99541,100,100040,100,99537,100,100086,100,99454,100,100149,31,99442,100,100251,100,99399,100,100351,100,,,100540,100,,,100622,100,,
2019-06-28 09:54:10.000000000,99894,546,99652,446,99906,100,99541,100,100013,100,99537,100,100040,100,99454,100,100086,100,99442,100,100149,31,99399,100,100251,100,,,100351,100,,,100540,100,,,100622,100,,
2019-06-28 09:54:20.000000000,99894,269,99652,169,99906,169,99541,169,100013,169,99537,169,100040,169,99454,169,100086,169,99442,169,100149,31,99399,100,100251,100,,,100351,100,,,100540,100,,,100622,100,,
2019-06-28 09:54:30.000000000,99894,286,99652,186,99906,186,99541,186,100013,186,99537,186,100040,186,99454,186,100086,100,99442,100,100149,31,99399,100,100251,100,,,100351,100,,,100540,100,,,100622,100,,
2019-06-28 09:54:31.468683797,99894,286,99652,186,99906,186,99541,186,100013,186,99537,186,100040,186,99454,186,100086,100,99442,100,100149,31,99399,100,100251,100,99343,100,100351,100,,,100540,100,,,100622,100,,
2019-06-28 09:54:34.222111593,99652,14,99541,186,99894,286,99537,186,99906,186,99454,186,100013,186,99442,100,100040,186,99399,100,100086,100,99343,100,100149,31,,,100251,100,,,100351,100,,,100540,100,,
2019-06-28 09:54:40.000000000,99652,83,99541,169,99894,269,99537,169,99906,169,99454,169,100013,169,99442,169,100040,169,99399,169,100086,100,99343,100,100149,31,,,100251,100,,,100351,100,,,100540,100,,
2019-06-28 09:54:49.029031029,99652,83,99541,69,99894,269,99537,169,99906,169,99454,169,100013,169,99442,169,100040,169,99399,169,100086,100,99343,100,100149,31,,,100251,100,,,100351,100,,,100540,100,,
2019-06-28 09:54:50.000000000,99652,360,99537,446,99894,200,99454,100,99906,100,99442,100,100013,100,99399,100,100040,100,99343,100,100086,100,,,100149,31,,,100251,100,,,100351,100,,,100540,100,,
2019-06-28 09:55:00.000000000,99652,132,99537,218,99894,314,99454,214,99906,214,99442,214,100013,100,99399,100,100040,100,99343,100,100086,100,,,100149,31,,,100251,100,,,100351,100,,,100540,100,,
2019-06-28 09:55:10.000000000,99652,100,99537,186,99894,286,99454,186,99906,186,99442,186,100013,186,99399,186,100040,100,99343,100,100086,100,,,100149,31,,,100251,100,,,100351,100,,,100540,100,,
2019-06-28 09:55:20.000000000,99652,100,99537,186,99894,286,99454,186,99906,186,99442,186,100013,186,99399,186,100040,100,99343,100,100086,100,,,100149,31,,,100251,100,,,100351,100,,,100540,100,,
2019-06-28 09:55:30.000000000,99652,132,99537,218,99894,314,99454,214,99906,214,99442,214,100013,100,99399,100,100040,100,99343,100,100086,100,,,100149,31,,,100251,100,,,100351,100,,,100540,100,,
2019-06-28 09:55:35.305547068,99652,32,99537,218,99894,314,99454,114,99906,214,99442,214,100013,100,99399,100,100040,100,99343,100,100086,100,,,100149,31,,,100251,100,,,100351,100,,,100540,100,,
2019-06-28 09:55:35.521580883,99652,32,99542,100,99894,314,99537,218,99906,214,99454,114,100013,100,99442,214,100040,100,99399,100,100086,100,99343,100,100149,31,,,100251,100,,,100351,100,,,100540,100,,
2019-06-28 09:55:40.000000000,99894,318,99542,218,99906,214,99537,214,100013,214,99442,214,100040,100,99399,100,100086,100,99343,100,100149,31,,,100251,100,,,100351,100,,,100540,100,,,100622,100,,
2019-06-28 09:55:42.709545778,99894,318,99542,318,99906,214,99537,214,100013,114,99442,214,100040,100,99399,100,100086,100,99343,100,100149,31,,,100251,100,,,100351,100,,,100540,100,,,100622,100,,
2019-06-28 09:55:43.122935682,99745,100,99542,318,99894,318,99537,214,99906,214,99442,214,100013,114,99399,100,100040,100,99343,100,100086,100,,,100149,31,,,100251,100,,,100351,100,,,100540,100,,
2019-06-28 09:55:50.000000000,99745,273,99542,373,99894,373,99537,273,99906,100,99442,100,100040,100,99399,100,100086,100,99343,100,100149,31,,,100251,100,,,100351,100,,,100540,100,,,100622,100,,
2019-06-28 09:56:00.000000000,99745,273,99542,373,99894,373,99537,273,99906,100,99442,100,100040,100,99399,100,100086,100,99343,100,100149,31,,,100251,100,,,100351,100,,,100540,100,,,100622,100,,
2019-06-28 09:56:04.465152023,99745,173,99542,373,99894,373,99537,273,99906,100,99442,100,100040,100,99399,100,100086,100,99343,100,100149,31,,,100251,100,,,100351,100,,,100540,100,,,100622,100,,
2019-06-28 09:56:10.000000000,99894,373,99542,373,99906,273,99537,273,100040,100,99442,100,100086,100,99399,100,100149,31,99343,100,100251,100,,,100351,100,,,100540,100,,,100622,100,,,100705,100,,
2019-06-28 09:56:14.239793779,99894,373,99542,373,99906,273,99537,273,99971,100,99442,100,100040,100,99399,100,100086,100,99343,100,100149,31,,,100251,100,,,100351,100,,,100540,100,,,100622,100,,
2019-06-28 09:56:20.000000000,99894,269,99542,269,99906,169,99537,169,99971,169,99442,169,100040,169,99399,169,100086,169,99343,169,100149,31,,,100251,100,,,100351,100,,,100540,100,,,100622,100,,
2019-06-28 09:56:30.000000000,99894,269,99542,269,99906,169,99537,169,99971,169,99442,169,100040,169,99399,169,100086,169,99343,169,100149,31,,,100251,100,,,100351,100,,,100540,100,,,100622,100,,
2019-06-28 09:56:35.785403568,99894,269,99542,269,99899,100,99537,169,99906,169,99442,169,99971,169,99399,169,100040,169,99343,169,100086,169,,,100149,31,,,100251,100,,,100351,100,,,100540,100,,
2019-06-28 09:56:40.000000000,99894,373,99542,373,99899,273,99537,273,99906,100,99442,100,99971,100,99399,100,100040,100,99343,100,100086,100,,,100149,31,,,100251,100,,,100351,100,,,100540,100,,
2019-06-28 09:56:50.000000000,99894,269,99542,269,99899,169,99537,169,99906,169,99442,169,99971,169,99399,169,100040,169,99343,169,100086,100,,,100149,31,,,100251,100,,,100351,100,,,100540,100,,
2019-06-28 09:56:53.373544289,99894,169,99542,269,99899,169,99537,169,99906,169,99442,169,99971,169,99399,169,100040,169,99343,169,100086,100,,,100149,31,,,100251,100,,,100351,100,,,100540,100,,
2019-06-28 09:56:56.589419994,99894,169,99542,269,99899,169,99537,169,99906,169,99442,169,99971,169,99399,169,100040,169,99343,169,100086,100,,,100119,100,,,100149,31,,,100251,100,,,100351,100,,
2019-06-28 09:56:57.689366242,99894,169,99831,100,99899,169,99542,269,99906,169,99537,169,99971,169,99442,169,100040,169,99399,169,100086,100,99343,169,100119,100,,,100149,31,,,100251,100,,,100351,100,,
2019-06-28 09:57:00.000000000,99894,218,99831,218,99899,214,99542,314,99906,214,99537,214,99971,100,99442,100,100040,100,99399,100,100086,100,99343,100,100119,100,,,100149,31,,,100251,100,,,100351,100,,
2019-06-28 09:57:04.026581826,99894,218,99831,218,99899,214,99542,314,99906,214,99537,214,99961,100,99442,100,100040,100,99399,100,100086,100,99343,100,100119,100,,,100149,31,,,100251,100,,,100351,100,,
2019-06-28 09:57:05.018873025,99894,118,99831,218,99899,214,99542,314,99906,214,99537,214,99961,100,99442,100,100040,100,99399,100,100086,100,99343,100,100119,100,,,100149,31,,,100251,100,,,100351,100,,
2019-06-28 09:57:10.000000000,99899,446,99831,446,99906,100,99542,200,99961,100,99537,100,100040,100,99442,100,100086,100,99399,100,100119,100,99343,100,100149,31,,,100251,100,,,100351,100,,,100540,100,,
2019-06-28 09:57:20.000000000,99899,218,99831,218,99906,214,99542,314,99961,214,99537,214,100040,100,99442,100,100086,100,99399,100,100119,100,99343,100,100149,31,,,100251,100,,,100351,100,,,100540,100,,
2019-06-28 09:57:30.000000000,99899,273,99831,273,99906,273,99542,373,99961,100,99537,100,100040,100,99442,100,100086,100,99399,100,100119,100,99343,100,100149,31,,,100251,100,,,100351,100,,,100540,100,,
2019-06-28 09:57:31.210424992,99899,273,99831,273,99906,273,99542,373,100040,100,99537,100,100086,100,99442,100,100119,100,99399,100,100149,31,99343,100,100177,100,,,100251,100,,,100351,100,,,100540,100,,
2019-06-28 09:57:37.884594737,99899,273,99831,273,99906,273,99723,100,100040,100,99542,373,100086,100,99537,100,100119,100,99442,100,100149,31,99399,100,100177,100,99343,100,100351,100,,,100540,100,,,100622,100,,
2019-06-28 09:57:40.000000000,99899,273,99831,273,99906,273,99723,273,100040,100,99542,200,100086,100,99537,100,100119,100,99442,100,100149,31,99399,100,100177,100,99343,100,100351,100,,,100540,100,,,100622,100,,
2019-06-28 09:57:50.000000000,99899,169,99831,169,99906,169,99723,169,100040,169,99542,269,100086,169,99537,169,100119,169,99442,169,100149,31,99399,100,100177,100,99343,100,100351,100,,,100540,100,,,100622,100,,
2019-06-28 09:57:55.335845397,99899,169,99831,69,99906,169,99723,169,100040,169,99542,269,100086,169,99537,169,100119,169,99442,169,100149,31,99399,100,100177,100,99343,100,100351,100,,,100540,100,,,100622,100,,
2019-06-28 09:58:00.000000000,99899,273,99723,273,99906,273,99542,373,100040,100,99537,100,100086,100,99442,100,100119,100,99399,100,100149,31,99343,100,100177,100,,,100351,100,,,100540,100,,,100622,100,,
2019-06-28 09:58:05.874398572,99899,273,99832,100,99906,273,99723,273,100040,100,99542,373,100086,100,99537,100,100119,100,99442,100,100149,31,99399,100,100177,100,99343,100,100351,100,,,100540,100,,,100622,100,,
2019-06-28 09:58:10.000000000,99899,186,99832,186,99906,186,99723,186,100040,186,99542,286,100086,186,99537,186,100119,100,99442,100,100149,31,99399,100,100177,100,99343,100,100351,100,,,100540,100,,,100622,100,,
2019-06-28 09:58:13.715172267,99899,186,99832,186,99906,186,99723,186,100040,186,99685,100,100086,186,99542,286,100119,100,99537,86,100149,31,99442,100,100177,100,99399,100,100351,100,99343,100,100540,100,,,100622,100,,
2019-06-28 09:58:20.000000000,99899,446,99832,446,99906,100,99723,100,100040,100,99685,100,100086,100,99542,200,100119,100,99442,100,100149,31,99399,100,100177,100,99343,100,100351,100,,,100540,100,,,100622,100,,
2019-06-28 09:58:30.000000000,99899,169,99832,169,99906,169,99723,169,100040,169,99685,169,100086,169,99542,269,100119,169,99442,169,100149,31,99399,100,100177,100,99343,100,100351,100,,,100540,100,,,100622,100,,
2019-06-28 09:58:36.794037389,99893,100,99832,169,99899,169,99723,169,99906,169,99685,169,100040,169,99542,269,100086,169,99442,169,100119,169,99399,100,100149,31,99343,100,100177,100,,,100351,100,,,100540,100,,
2019-06-28 09:58:40.000000000,99893,186,99832,186,99899,186,99723,186,99906,186,99685,186,100040,186,99542,286,100086,100,99442,100,100119,100,99399,100,100149,31,99343,100,100177,100,,,100351,100,,,100540,100,,
2019-06-28 09:58:50.000000000,99893,273,99832,273,99899,273,99723,273,99906,100,99685,100,100040,100,99542,200,100086,100,99442,100,100119,100,99399,100,100149,31,99343,100,100177,100,,,100351,100,,,100540,100,,
2019-06-28 09:59:00.000000000,99893,186,99832,186,99899,186,99723,186,99906,186,99685,186,100040,186,99542,286,100086,100,99442,100,100119,100,99399,100,100149,31,99343,100,100177,100,,,100351,100,,,100540,100,,
2019-06-28 09:59:02.603228966,99893,186,99832,286,99899,186,99723,186,99906,186,99685,186,100040,186,99542,186,100086,100,99442,100,100119,100,99399,100,100149,31,99343,100,100177,100,,,100351,100,,,100540,100,,
2019-06-28 09:59:10.000000000,99893,186,99832,286,99899,186,99723,186,99906,186,99685,186,100040,186,99542,186,100086,100,99442,100,100119,100,99399,100,100149,31,99343,100,100177,100,,,100351,100,,,100540,100,,
2019-06-28 09:59:11.495097222,99893,186,99832,386,99899,186,99723,186,99906,186,99685,186,100040,186,99542,186,100086,100,99442,100,100119,100,99399,100,100149,31,99343,100,100177,100,,,100351,100,,,100540,100,,
2019-06-28 09:59:20.000000000,99893,186,99832,386,99899,186,99723,186,99906,186,99685,186,100040,186,99542,186,100086,100,99442,100,100119,100,99399,100,100149,31,99343,100,100177,100,,,100351,100,,,100540,100,,
2019-06-28 09:59:20.432963335,99893,186,99832,286,99899,186,99723,186,99906,186,99685,186,100040,186,99542,186,100086,100,99442,100,100119,100,99399,100,100149,31,99343,100,100177,100,,,100351,100,,,100540,100,,
2019-06-28 09:59:30.000000000,99893,169,99832,269,99899,169,99723,169,99906,169,99685,169,100040,169,99542,169,100086,169,99442,169,100119,100,99399,100,100149,31,99343,100,100177,100,,,100351,100,,,100540,100,,
2019-06-28 09:59:32.362520807,99893,169,99832,269,99899,169,99787,100,99906,169,99723,169,100040,169,99685,169,100086,169,99542,169,100119,100,99442,169,100149,31,99399,100,100177,100,99343,100,100351,100,,,100540,100,,
2019-06-28 09:59:40.000000000,99893,446,99832,546,99899,100,99787,100,99906,100,99723,100,100040,100,99685,100,100086,100,99542,100,100119,100,99442,100,100149,31,99399,100,100177,100,99343,100,100351,100,,,100540,100,,
2019-06-28 09:59:50.000000000,99893,273,99832,373,99899,273,99787,273,99906,100,99723,100,100040,100,99685,100,100086,100,99542,100,100119,100,99442,100,100149,31,99399,100,100177,100,99343,100,100351,100,,,100540,100,,
2019-06-28 09:59:59.509620264,99893,273,99832,373,99899,273,99787,273,99906,100,99723,100,100040,100,99685,100,100086,100,99442,100,100119,100,99399,100,100149,31,99343,100,100177,100,,,100351,100,,,100540,100,,
2019-06-28 10:00:00.000000000,99893,273,99832,373,99899,273,99787,273,99906,100,99723,100,100040,100,99685,100,100086,100,99442,100,100119,100,99399,100,100149,31,99343,100,100177,100,,,100351,100,,,100540,100,,
2019-06-28 10:00:08.818890089,99893,173,99832,373,99899,273,99787,273,99906,100,99723,100,100040,100,99685,100,100086,100,99442,100,100119,100,99399,100,100149,31,99343,100,100177,100,,,100351,100,,,100540,100,,
2019-06-28 10:00:10.000000000,99899,169,99832,269,99906,169,99787,169,100040,169,99723,169,100086,169,99685,169,100119,169,99442,169,100149,31,99399,100,100177,100,99343,100,100351,100,,,100540,100,,,100622,100,,
2019-06-28 10:00:13.077006000,99899,169,99833,100,99906,169,99832,269,100040,169,99787,169,100086,169,99723,169,100119,169,99685,169,100149,31,99442,169,100177,100,99399,100,100351,100,99343,100,100540,100,,,100622,100,,
2019-06-28 10:00:20.000000000,99899,446,99833,446,99906,100,99832,200,100040,100,99787,100,100086,100,99723,100,100119,100,99685,100,100149,31,99442,100,100177,100,99399,100,100351,100,99343,100,100540,100,,,100622,100,,
2019-06-28 10:00:22.900715379,99899,446,99833,446,99906,100,99832,200,100040,100,99787,100,100086,100,99723,100,100119,100,99685,100,100149,31,99442,100,100177,100,99399,100,100351,100,99343,100,100540,100,,,100553,100,,
2019-06-28 10:00:30.000000000,99899,446,99833,446,99906,100,99832,200,100040,100,99787,100,100086,100,99723,100,100119,100,99685,100,100149,31,99442,100,100177,100,99399,100,100351,100,99343,100,100540,100,,,100553,100,,
2019-06-28 10:00:40.000000000,99899,273,99833,273,99906,273,99832,373,100040,100,99787,100,100086,100,99723,100,100119,100,99685,100,100149,31,99442,100,100177,100,99399,100,100351,100,99343,100,100540,100,,,100553,100,,
2019-06-28 10:00:44.955061078,99899,273,99833,373,99906,273,99832,273,100040,100,99787,100,100086,100,99723,100,100119,100,99685,100,100149,31,99442,100,100177,100,99399,100,100351,100,99343,100,100540,100,,,100553,100,,
2019-06-28 10:00:50.000000000,99899,273,99833,373,99906,273,99832,273,100040,100,99787,100,100086,100,99723,100,100119,100,99685,100,100149,31,99442,100,100177,100,99399,100,100351,100,99343,100,100540,100,,,100553,100,,
2019-06-28 10:01:00.000000000,99899,186,99833,286,99906,186,99832,186,100040,186,99787,186,100086,186,99723,186,100119,100,99685,100,100149,31,99442,100,100177,100,99399,100,100351,100,99343,100,100540,100,,,100553,100,,
2019-06-28 10:01:10.000000000,99899,218,99833,318,99906,214,99832,214,100040,214,99787,214,100086,100,99723,100,100119,100,99685,100,100149,31,99442,100,100177,100,99399,100,100351,100,99343,100,100540,100,,,100553,100,,
2019-06-28 10:01:20.000000000,99899,273,99833,373,99906,273,99832,273,100040,100,99787,100,100086,100,99723,100,100119,100,99685,100,100149,31,99442,100,100177,100,99399,100,100351,100,99343,100,100540,100,,,100553,100,,
2019-06-28 10:01:29.192533218,99899,273,99833,373,99906,273,99832,273,100040,100,99787,100,100086,100,99723,100,100119,100,99685,100,100149,31,99442,100,100177,100,99399,100,100351,100,99343,100,100540,100,,,100553,100,,
2019-06-28 10:01:30.000000000,99899,273,99833,373,99906,273,99832,273,100040,100,99787,100,100086,100,99723,100,100119,100,99685,100,100149,31,99442,100,100177,100,99399,100,100351,100,99343,100,100540,100,,,100553,100,,
2019-06-28 10:01:40.000000000,99899,186,99833,286,99906,186,99832,186,100040,186,99787,186,100086,186,99723,186,100119,100,99685,100,100149,31,99442,100,100177,100,99399,100,100351,100,99343,100,100540,100,,,100553,100,,
2019-06-28 10:01:40.411777192,99899,86,99833,286,99906,186,99832,186,100040,186,99787,186,100086,186,99723,186,100119,100,99685,100,100149,31,99442,100,100177,100,99399,100,100351,100,99343,100,100540,100,,,100553,100,,
2019-06-28 10:01:42.655843937,99899,86,99893,100,99906,86,99833,286,100040,186,99832,186,100086,186,99787,186,100119,100,99723,186,100149,31,99685,100,100177,100,99442,100,100351,100,99399,100,100540,100,99343,100,100553,100,,
2019-06-28 10:01:50.000000000,100040,186,99893,186,100086,186,99833,286,100119,186,99832,186,100149,117,99787,186,100177,100,99723,100,100351,100,99685,100,100540,100,99442,100,100553,100,99399,100,100622,100,99343,100,100705,100,,
2019-06-28 10:02:00.000000000,100040,169,99893,169,100086,169,99833,269,100119,169,99832,169,100149,100,99787,169,100177,169,99723,169,100351,100,99685,100,100540,100,99442,100,100553,100,99399,100,100622,100,99343,100,100705,100,,
2019-06-28 10:02:10.000000000,100040,186,99893,186,100086,186,99833,286,100119,186,99832,186,100149,117,99787,186,100177,100,99723,100,100351,100,99685,100,100540,100,99442,100,100553,100,99399,100,100622,100,99343,100,100705,100,,
2019-06-28 10:02:19.254322655,100040,86,99893,186,100086,186,99833,286,100119,186,99832,186,100149,117,99787,186,100177,100,99723,100,100351,100,99685,100,100540,100,99442,100,100553,100,99399,100,100622,100,99343,100,100705,100,,
2019-06-28 10:02:20.000000000,100086,273,99893,273,100119,273,99833,373,100149,31,99832,100,100177,100,99787,100,100351,100,99723,100,100540,100,99685,100,100553,100,99442,100,100622,100,99399,100,100705,100,99343,100,100714,100,,
2019-06-28 10:02:30.000000000,100086,273,99893,273,100119,273,99833,373,100149,31,99832,100,100177,100,99787,100,100351,100,99723,100,100540,100,99685,100,100553,100,99442,100,100622,100,99399,100,100705,100,99343,100,100714,100,,
2019-06-28 10:02:38.528433457,100086,273,99899,100,100119,273,99893,273,100149,31,99833,373,100177,100,99832,100,100351,100,99787,100,100540,100,99723,100,100553,100,99685,100,100622,100,99442,100,100705,100,99399,100,100714,100,99343,100
2019-06-28 10:02:40.000000000,100086,169,99899,169,100119,169,99893,169,100149,100,99833,269,100177,169,99832,169,100351,169,99787,169,100540,100,99723,100,100553,100,99685,100,100622,100,99442,100,100705,100,99399,100,100714,100,99343,100
2019-06-28 10:02:50.000000000,100086,169,99899,169,100119,169,99893,169,100149,100,99833,269,100177,169,99832,169,100351,169,99787,169,100540,100,99723,100,100553,100,99685,100,100622,100,99442,100,100705,100,99399,100,100714,100,99343,100
2019-06-28 10:03:00.000000000,100086,273,99899,273,100119,273,99893,273,100149,31,99833,200,100177,100,99832,100,100351,100,99787,100,100540,100,99723,100,100553,100,99685,100,100622,100,99442,100,100705,100,99399,100,100714,100,99343,100
2019-06-28 10:03:10.000000000,100086,446,99899,446,100119,100,99893,100,100149,31,99833,200,100177,100,99832,100,100351,100,99787,100,100540,100,99723,100,100553,100,99685,100,100622,100,99442,100,100705,100,99399,100,100714,100,99343,100
2019-06-28 10:03:13.556937856,100086,446,99899,446,100119,100,99893,100,100149,31,99833,200,100177,100,99832,100,100351,100,99787,100,100540,100,99723,100,100553,100,99685,100,100622,100,99442,100,100705,100,99399,100,100714,100,99343,100
2019-06-28 10:03:20.000000000,100086,186,99899,186,100119,186,99893,186,100149,117,99833,286,100177,186,99832,186,100351,100,99787,100,100540,100,99723,100,100553,100,99685,100,100622,100,99442,100,100705,100,99399,100,100714,100,99343,100
2019-06-28 10:03:22.761914392,100086,86,99899,186,100119,186,99893,186,100149,117,99833,286,100177,186,99832,186,100351,100,99787,100,100540,100,99685,100,100553,100,99442,100,100622,100,99399,100,100705,100,99343,100,100714,100,,
2019-06-28 10:03:26.690864945,100119,186,100086,14,100149,117,99899,186,100177,186,99893,186,100351,100,99833,286,100540,100,99832,186,100553,100,99685,100,100622,100,99442,100,100705,100,99399,100,100714,100,99343,100,101092,100,,
2019-06-28 10:03:30.000000000,100119,446,100086,360,100149,31,99899,100,100177,100,99893,100,100351,100,99833,200,100540,100,99832,100,100553,100,99685,100,100622,100,99442,100,100705,100,99399,100,100714,100,99343,100,101092,100,,
2019-06-28 10:03:30.671151000,100119,446,100086,360,100149,31,99899,100,100177,100,99893,100,100351,100,99833,200,100540,100,99832,100,100553,100,99685,100,100622,100,99442,100,100705,100,99399,100,100714,100,99343,100,100808,100,,
2019-06-28 10:03:40.000000000,100119,273,100086,187,100149,204,99899,273,100177,100,99893,100,100351,100,99833,200,100540,100,99832,100,100553,100,99685,100,100622,100,99442,100,100705,100,99399,100,100714,100,99343,100,100808,100,,
2019-06-28 10:03:50.000000000,100119,186,100086,100,100149,117,99899,186,100177,186,99893,186,100351,186,99833,286,100540,100,99832,100,100553,100,99685,100,100622,100,99442,100,100705,100,99399,100,100714,100,99343,100,100808,100,,
2019-06-28 10:03:53.235893237,100119,186,100086,100,100149,117,99899,186,100177,186,99893,186,100351,186,99833,286,100540,100,99832,100,100553,100,99685,100,100622,100,99442,100,100705,100,99399,100,100714,100,99343,100,100808,100,,
2019-06-28 10:04:00.000000000,100119,273,100086,187,100149,204,99899,273,100177,100,99893,100,100351,100,99833,200,100540,100,99832,100,100553,100,99685,100,100622,100,99442,100,100705,100,99399,100,100714,100,99343,100,100808,100,,
2019-06-28 10:04:02.161982665,100119,173,100086,187,100149,204,99899,273,100177,100,99893,100,100351,100,99833,200,100540,100,99832,100,100553,100,99685,100,100622,100,99442,100,100705,100,99399,100,100714,100,99343,100,100808,100,,
2019-06-28 10:04:10.000000000,100149,149,100086,132,100177,214,99899,214,100351,214,99893,214,100540,100,99833,200,100553,100,99832,100,100622,100,99685,100,100705,100,99442,100,100714,100,99399,100,100808,100,99343,100,101092,100,,
2019-06-28 10:04:18.346211913,100149,149,100086,132,100177,214,99899,114,100351,214,99893,214,100540,100,99833,200,100553,100,99832,100,100622,100,99685,100,100705,100,99442,100,100714,100,99399,100,100808,100,99343,100,101092,100,,
2019-06-28 10:04:20.000000000,100149,117,100086,100,100177,186,99893,186,100351,186,99833,286,100540,186,99832,186,100553,100,99685,100,100622,100,99442,100,100705,100,99399,100,100714,100,99343,100,100808,100,,,101092,100,,
2019-06-28 10:04:22.347095890,100149,117,100087,100,100177,186,100086,100,100351,186,99893,186,100540,186,99833,186,100553,100,99832,186,100622,100,99685,100,100705,100,99442,100,100714,100,99399,100,100808,100,99343,100,101092,100,,
2019-06-28 10:04:30.000000000,100149,377,100087,446,100177,100,100086,14,100351,100,99893,100,100540,100,99833,100,100553,100,99832,100,100622,100,99685,100,100705,100,99442,100,100714,100,99399,100,100808,100,99343,100,101092,100,,
2019-06-28 10:04:31.468153727,100149,377,100087,446,100177,100,100086,14,100351,100,99893,100,100540,100,99833,100,100553,100,99832,100,100622,100,99685,100,100705,100,99442,100,100714,100,99399,100,100808,100,99343,100,100957,100,,
2019-06-28 10:04:40.000000000,100149,117,100087,186,100177,186,100086,100,100351,186,99893,186,100540,186,99833,186,100553,100,99832,100,100622,100,99685,100,100705,100,99442,100,100714,100,99399,100,100808,100,99343,100,100957,100,,
2019-06-28 10:04:47.586178550,100149,117,100087,186,100177,186,100086,100,100351,186,99893,186,100540,186,99833,186,100553,100,99832,100,100622,100,99685,100,100705,100,99442,100,100714,100,99399,100,100718,100,99343,100,100808,100,,
2019-06-28 10:04:50.000000000,100149,204,100087,273,100177,273,100086,187,100351,100,99893,100,100540,100,99833,100,100553,100,99832,100,100622,100,99685,100,100705,100,99442,100,100714,100,99399,100,100718,100,99343,100,100808,100,,
2019-06-28 10:05:00.000000000,100149,377,100087,446,100177,100,100086,14,100351,100,99893,100,100540,100,99833,100,100553,100,99832,100,100622,100,99685,100,100705,100,99442,100,100714,100,99399,100,100718,100,99343,100,100808,100,,
2019-06-28 10:05:10.000000000,100149,100,100087,169,100177,169,100086,83,100351,169,99893,169,100540,169,99833,169,100553,169,99832,169,100622,100,99685,100,100705,100,99442,100,100714,100,99399,100,100718,100,99343,100,100808,100,,
2019-06-28 10:05:20.000000000,100149,377,100087,446,100177,100,100086,14,100351,100,99893,100,100540,100,99833,100,100553,100,99832,100,100622,100,99685,100,100705,100,99442,100,100714,100,99399,100,100718,100,99343,100,100808,100,,
2019-06-28 10:05:24.022584288,100149,246,100087,446,100177,100,100086,14,100351,100,99893,100,100540,100,99833,100,100553,100,99832,100,100622,100,99685,100,100705,100,99442,100,100714,100,99399,100,100718,100,99343,100,100808,100,,
2019-06-28 10:05:30.000000000,100177,446,100087,446,100351,100,100086,14,100540,100,99893,100,100553,100,99833,100,100622,100,99832,100,100705,100,99685,100,100714,100,99442,100,100718,100,99399,100,100808,100,99343,100,100957,100,,
2019-06-28 10:05:40.000000000,100177,218,100087,218,100351,214,100086,128,100540,214,99893,214,100553,100,99833,100,100622,100,99832,100,100705,100,99685,100,100714,100,99442,100,100718,100,99399,100,100808,100,99343,100,100957,100,,
2019-06-28 10:05:50.000000000,100177,186,100087,186,100351,186,100086,100,100540,186,99893,186,100553,186,99833,186,100622,100,99832,100,100705,100,99685,100,100714,100,99442,100,100718,100,99399,100,100808,100,99343,100,100957,100,,
2019-06-28 10:05:51.827043393,100177,186,100087,186,100351,186,100086,100,100540,186,99893,186,100553,186,99833,186,100622,100,99832,100,100705,100,99685,100,100714,100,99442,100,100718,100,99399,100,100871,100,99343,100,100957,100,,
2019-06-28 10:06:00.000000000,100177,169,100087,169,100351,169,100086,83,100540,169,99893,169,100553,169,99833,169,100622,169,99832,169,100705,100,99685,100,100714,100,99442,100,100718,100,99399,100,100871,100,99343,100,100957,100,,
2019-06-28 10:06:02.713034211,100177,69,100087,169,100351,169,100086,83,100540,169,99893,169,100553,169,99833,169,100622,169,99832,169,100705,100,99685,100,100714,100,99442,100,100718,100,99399,100,100871,100,99343,100,100957,100,,
2019-06-28 10:06:10.000000000,100351,218,100087,218,100540,214,100086,128,100553,214,99893,214,100622,100,99833,100,100705,100,99832,100,100714,100,99685,100,100718,100,99442,100,100871,100,99399,100,100957,100,99343,100,101130,100,,
2019-06-28 10:06:15.384270863,100351,118,100087,218,100540,214,100086,128,100553,214,99893,214,100622,100,99833,100,100705,100,99832,100,100714,100,99685,100,100718,100,99442,100,100871,100,99399,100,100957,100,99343,100,101130,100,,
2019-06-28 10:06:20.000000000,100540,273,100087,273,100553,273,100086,187,100622,100,99893,100,100705,100,99833,100,100714,100,99832,100,100718,100,99685,100,100871,100,99442,100,100957,100,99399,100,101130,100,99343,100,,,,
2019-06-28 10:06:21.088816838,100540,173,100087,273,100553,273,100086,187,100705,100,99893,100,100714,100,99833,100,100718,100,99832,100,100871,100,99685,100,100957,100,99442,100,101130,100,99399,100,,,99343,100,,,,
2019-06-28 10:06:30.000000000,100553,273,100087,273,100705,273,100086,187,100714,100,99893,100,100718,100,99833,100,100871,100,99832,100,100957,100,99685,100,101130,100,99442,100,,,99399,100,,,99343,100,,,,
2019-06-28 10:06:40.000000000,100553,169,100087,169,100705,169,100086,83,100714,169,99893,169,100718,169,99833,169,100871,169,99832,169,100957,100,99685,100,101130,100,99442,100,,,99399,100,,,99343,100,,,,
2019-06-28 10:06:50.000000000,100553,186,100087,186,100705,186,100086,100,100714,186,99893,186,100718,186,99833,186,100871,100,99832,100,100957,100,99685,100,101130,100,99442,100,,,99399,100,,,99343,100,,,,
2019-06-28 10:06:56.326109310,100553,186,100087,186,100705,186,100086,100,100714,186,99893,186,100718,186,99833,186,100805,100,99832,100,100871,100,99685,100,100957,100,99442,100,101130,100,99399,100,,,99343,100,,,,
2019-06-28 10:07:00.000000000,100553,169,100087,169,100705,169,100086,83,100714,169,99893,169,100718,169,99833,169,100805,169,99832,169,100871,100,99685,100,100957,100,99442,100,101130,100,99399,100,,,99343,100,,,,
2019-06-28 10:07:10.000000000,100553,446,100087,446,100705,100,100086,14,100714,100,99893,100,100718,100,99833,100,100805,100,99832,100,100871,100,99685,100,100957,100,99442,100,101130,100,99399,100,,,99343,100,,,,
2019-06-28 10:07:20.000000000,100553,446,100087,446,100705,100,100086,14,100714,100,99893,100,100718,100,99833,100,100805,100,99832,100,100871,100,99685,100,100957,100,99442,100,101130,100,99399,100,,,99343,100,,,,
2019-06-28 10:07:24.295263990,100553,346,100087,446,100705,100,100086,14,100714,100,99893,100,100718,100,99833,100,100805,100,99832,100,100871,100,99685,100,100957,100,99442,100,101130,100,99399,100,,,99343,100,,,,
2019-06-28 10:07:30.000000000,100705,186,100087,186,100714,186,100086,100,100718,186,99893,186,100805,186,99833,186,100871,100,99832,100,100957,100,99685,100,101130,100,99442,100,,,99399,100,,,99343,100,,,,
2019-06-28 10:07:33.941928727,100594,100,100087,186,100705,186,100086,100,100714,186,99893,186,100718,186,99833,186,100805,186,99832,100,100871,100,99685,100,100957,100,99442,100,101130,100,99399,100,,,99343,100,,,,
2019-06-28 10:07:40.000000000,100594,273,100087,273,100705,273,100086,187,100714,100,99893,100,100718,100,99833,100,100805,100,99832,100,100871,100,99685,100,100957,100,99442,100,101130,100,99399,100,,,99343,100,,,,
2019-06-28 10:07:46.929905256,100594,173,100087,273,100705,273,100086,187,100714,100,99893,100,100718,100,99833,100,100805,100,99832,100,100871,100,99685,100,100957,100,99442,100,101130,100,99399,100,,,,,,,,
2019-06-28 10:07:50.000000000,100705,446,100087,446,100714,100,100086,14,100718,100,99893,100,100805,100,99833,100,100871,100,99832,100,100957,100,99685,100,101130,100,99442,100,,,99399,100,,,,,,,,
2019-06-28 10:07:53.488168955,100705,446,100541,100,100714,100,100087,446,100718,100,100086,14,100805,100,99893,100,100871,100,99833,100,100957,100,99832,100,101130,100,99685,100,,,99442,100,,,99399,100,,,,
2019-06-28 10:07:54.797602821,100622,100,100541,100,100705,446,100087,446,100714,100,100086,14,100718,100,99893,100,100805,100,99833,100,100871,100,99832,100,100957,100,99685,100,101130,100,99442,100,,,99399,100,,,,
2019-06-28 10:07:59.304711115,100705,446,100541,100,100714,100,100087,446,100718,100,100086,14,100805,100,99893,100,100871,100,99833,100,100957,100,99832,100,101130,100,99685,100,,,99442,100,,,99399,100,,,,
2019-06-28 10:08:00.000000000,100705,446,100541,446,100714,100,100087,100,100718,100,100086,14,100805,100,99893,100,100871,100,99833,100,100957,100,99832,100,101130,100,99685,100,,,99442,100,,,99399,100,,,,
2019-06-28 10:08:04.994152121,100705,346,100541,446,100714,100,100087,100,100718,100,100086,14,100805,100,99893,100,100871,100,99833,100,100957,100,99832,100,101130,100,99685,100,,,99442,100,,,99399,100,,,,
2019-06-28 10:08:10.000000000,100714,186,100541,186,100718,186,100087,186,100805,186,100086,100,100871,186,99893,186,100957,100,99833,100,101130,100,99832,100,,,99685,100,,,99442,100,,,99399,100,,,,
2019-06-28 10:08:20.000000000,100714,446,100541,446,100718,100,100087,100,100805,100,100086,14,100871,100,99893,100,100957,100,99833,100,101130,100,99832,100,,,99685,100,,,99442,100,,,99399,100,,,,
2019-06-28 10:08:24.079525724,100714,446,100541,446,100718,100,100443,100,100805,100,100087,100,100871,100,100086,14,100957,100,99893,100,101130,100,99833,100,,,99832,100,,,99685,100,,,99442,100,,,99399,100
2019-06-28 10:08:30.000000000,100714,169,100541,169,100718,169,100443,169,100805,169,100087,169,100871,169,100086,83,100957,169,99893,169,101130,100,99833,100,,,99832,100,,,99685,100,,,99442,100,,,99399,100
2019-06-28 10:08:40.000000000,100714,218,100541,218,100718,214,100443,214,100805,214,100087,214,100871,100,100086,14,100957,100,99893,100,101130,100,99833,100,,,99832,100,,,99685,100,,,99442,100,,,99399,100
2019-06-28 10:08:50.000000000,100714,169,100541,169,100718,169,100443,169,100805,169,100087,169,100871,169,100086,83,100957,169,99893,169,101130,100,99833,100,,,99832,100,,,99685,100,,,99442,100,,,99399,100
2019-06-28 10:08:57.148703078,100704,100,100541,169,100714,169,100443,169,100718,169,100087,169,100805,169,100086,83,100871,169,99893,169,100957,169,99833,100,101130,100,99832,100,,,99685,100,,,99442,100,,,99399,100
2019-06-28 10:09:00.000000000,100704,273,100541,273,100714,273,100443,273,100718,100,100087,100,100805,100,100086,14,100871,100,99893,100,100957,100,99833,100,101130,100,99832,100,,,99685,100,,,99442,100,,,99399,100
2019-06-28 10:09:04.327201571,100704,273,100541,273,100714,273,100443,273,100718,100,100087,100,100805,100,100086,14,100871,100,100082,100,100957,100,99893,100,101130,100,99833,100,,,99832,100,,,99685,100,,,99442,100
2019-06-28 10:09:10.000000000,100704,273,100541,273,100714,273,100443,273,100718,100,100087,100,100805,100,100086,14,100871,100,100082,100,100957,100,99893,100,101130,100,99833,100,,,99832,100,,,99685,100,,,99442,100
2019-06-28 10:09:14.500741428,100704,273,100541,273,100714,273,100443,273,100718,100,100087,100,100805,100,100086,14,100871,100,100082,100,100957,100,99833,100,101130,100,99832,100,,,99685,100,,,99442,100,,,99399,100
2019-06-28 10:09:19.851523782,100704,273,100541,173,100714,173,100443,273,100718,100,100087,100,100805,100,100086,14,100871,100,100082,100,100957,100,99833,100,101130,100,99832,100,,,99685,100,,,99442,100,,,99399,100
2019-06-28 10:09:20.000000000,100704,446,100443,446,100718,100,100087,100,100805,100,100086,14,100871,100,100082,100,100957,100,99833,100,101130,100,99832,100,,,99685,100,,,99442,100,,,99399,100,,,,
2019-06-28 10:09:30.000000000,100704,169,100443,169,100718,169,100087,169,100805,169,100086,83,100871,169,100082,169,100957,169,99833,169,101130,100,99832,100,,,99685,100,,,99442,100,,,99399,100,,,,
2019-06-28 10:09:40.000000000,100704,169,100443,169,100718,169,100087,169,100805,169,100086,83,100871,169,100082,169,100957,169,99833,169,101130,100,99832,100,,,99685,100,,,99442,100,,,99399,100,,,,
