,ask_price_1,ask_size_1,bid_price_1,bid_size_1,ask_price_2,ask_size_2,bid_price_2,bid_size_2,ask_price_3,ask_size_3,bid_price_3,bid_size_3,ask_price_4,ask_size_4,bid_price_4,bid_size_4,ask_price_5,ask_size_5,bid_price_5,bid_size_5,ask_price_6,ask_size_6,bid_price_6,bid_size_6,ask_price_7,ask_size_7,bid_price_7,bid_size_7,ask_price_8,ask_size_8,bid_price_8,bid_size_8,ask_price_9,ask_size_9,bid_price_9,bid_size_9,ask_price_10,ask_size_10,bid_price_10,bid_size_10
2019-06-28 09:30:00.000000005,,,99934,100,,,,,,,,,,,,,,,,,,,,,,,,,,,,,,,,,,,,
2019-06-28 09:30:00.000000006,100009,100,99934,100,100131,100,,,,,,,,,,,,,,,,,,,,,,,,,,,,,,,,,,
2019-06-28 09:30:00.000000009,100009,100,99934,100,100054,100,99933,100,100131,100,,,,,,,,,,,,,,,,,,,,,,,,,,,,,,
2019-06-28 09:30:00.000000011,100009,100,99995,100,100054,100,99934,100,100131,100,99933,100,,,,,,,,,,,,,,,,,,,,,,,,,,,,
2019-06-28 09:30:00.000000016,100054,100,99995,100,100131,100,99934,100,,,99933,100,,,,,,,,,,,,,,,,,,,,,,,,,,,,
2019-06-28 09:30:00.000000017,100054,100,99995,100,100085,100,99934,100,100131,100,99933,100,100162,100,,,,,,,,,,,,,,,,,,,,,,,,,,
2019-06-28 09:30:00.000000020,100054,100,100010,100,100085,100,99995,100,100131,100,99934,100,100162,100,99933,100,,,99890,100,,,,,,,,,,,,,,,,,,,,
2019-06-28 09:30:00.000000022,100054,100,100010,100,100085,100,99995,100,100131,100,99934,100,100162,100,99933,100,,,99927,100,,,99890,100,,,,,,,,,,,,,,,,
2019-06-28 09:30:00.000000023,100054,100,100010,100,100085,100,99995,100,100131,100,99934,100,100162,100,99933,100,,,99927,100,,,99890,100,,,99887,100,,,,,,,,,,,,
2019-06-28 09:30:00.000000025,100054,100,100010,100,100085,100,99995,100,100131,100,99934,100,100157,100,99933,100,100162,100,99927,100,,,99890,100,,,99887,100,,,,,,,,,,,,
2019-06-28 09:30:00.000000027,100054,100,99995,100,100085,100,99934,100,100131,100,99933,100,100157,100,99927,100,100162,100,99890,100,100174,100,99887,100,,,,,,,,,,,,,,,,
2019-06-28 09:30:00.000000029,100054,100,99995,100,100085,100,99934,100,100131,100,99933,100,100157,100,99927,100,100162,100,99906,100,100174,100,99890,100,,,99887,100,,,,,,,,,,,,
2019-06-28 09:30:00.000000031,100054,100,99995,100,100085,100,99934,100,100131,100,99933,100,100157,100,99927,100,100162,100,99906,100,100169,100,99890,100,100174,100,99887,100,,,,,,,,,,,,
2019-06-28 09:30:00.000000034,100054,100,99995,100,100085,100,99934,100,100131,100,99933,100,100157,100,99927,100,100162,100,99906,100,100169,100,99890,100,100174,100,99887,100,,,99840,100,,,,,,,,
2019-06-28 09:30:00.000000039,100010,100,99995,100,100054,100,99934,100,100085,100,99933,100,100131,100,99927,100,100157,100,99906,100,100162,100,99890,100,100169,100,99887,100,100174,100,99840,100,,,,,,,,
2019-06-28 09:30:00.000000040,100054,100,99934,100,100085,100,99933,100,100131,100,99927,100,100157,100,99906,100,100162,100,99890,100,100169,100,99887,100,100174,100,99840,100,,,,,,,,,,,,
2019-06-28 09:30:00.000000042,100014,100,99934,100,100017,100,99933,100,100054,100,99927,100,100085,100,99906,100,100131,100,99890,100,100157,100,99887,100,100162,100,99861,100,100169,100,99840,100,100174,100,,,,,,
2019-06-28 09:30:00.000000043,100014,100,99937,100,100017,100,99934,100,100054,100,99933,100,100085,100,99927,100,100131,100,99906,100,100157,100,99890,100,100162,100,99887,100,100169,100,99861,100,100174,100,99840,100,,,,
2019-06-28 09:30:00.000000044,100014,100,99995,100,100017,100,99937,100,100044,100,99934,100,100052,100,99933,100,100054,100,99927,100,100085,100,99906,100,100131,100,99890,100,100157,100,99887,100,100162,100,99861,100,100169,100,99840,100
2019-06-28 09:30:00.000000047,100014,100,99995,100,100017,100,99937,100,100044,100,99934,100,100052,100,99933,100,100054,100,99930,100,100085,100,99927,100,100131,100,99906,100,100157,100,99890,100,100162,100,99887,100,100169,100,99861,100
2019-06-28 09:30:00.000000049,100014,100,99995,100,100017,100,99937,100,100044,100,99934,100,100052,100,99933,100,100054,100,99930,100,100085,100,99927,100,100131,100,99906,100,100157,100,99890,100,100162,100,99887,100,100169,100,99861,100
2019-06-28 09:30:00.000000053,100014,100,99995,100,100017,100,99937,100,100044,100,99934,100,100052,100,99933,100,100054,100,99930,100,100085,100,99927,100,100131,100,99906,100,100157,100,99890,100,100162,100,99887,100,100169,100,99861,100
2019-06-28 09:30:00.000000055,100017,100,99995,100,100044,100,99937,100,100052,100,99934,100,100054,100,99933,100,100085,100,99930,100,100131,100,99927,100,100157,100,99906,100,100162,100,99890,100,100169,100,99887,100,100174,100,99861,100
2019-06-28 09:30:00.000000056,100017,100,99995,100,100038,100,99937,100,100044,100,99934,100,100052,100,99933,100,100054,100,99930,100,100065,100,99927,100,100085,100,99906,100,100131,100,99890,100,100157,100,99887,100,100162,100,99861,100
2019-06-28 09:30:00.000000057,100017,100,99995,100,100038,100,99937,100,100044,100,99934,100,100052,100,99933,100,100054,100,99930,100,100065,100,99927,100,100085,100,99906,100,100131,100,99890,100,100157,100,99887,100,100162,100,99861,100
2019-06-28 09:30:00.000000058,100017,100,100010,100,100038,100,99995,100,100044,100,99937,100,100052,100,99934,100,100054,100,99933,100,100065,100,99930,100,100085,100,99927,100,100131,100,99906,100,100157,100,99890,100,100162,100,99887,100
2019-06-28 09:30:00.000000059,100017,100,100010,100,100038,100,99995,100,100044,100,99937,100,100052,100,99934,100,100054,100,99933,100,100065,100,99930,100,100085,100,99927,100,100099,100,99906,100,100112,100,99890,100,100131,100,99887,100
2019-06-28 09:30:00.000000064,100017,100,100010,100,100038,100,99995,100,100044,100,99937,100,100052,100,99934,100,100054,100,99933,100,100065,100,99930,100,100085,100,99927,100,100099,100,99906,100,100112,100,99890,100,100131,100,99887,100
2019-06-28 09:30:00.000000065,100038,100,100010,100,100044,100,99995,100,100052,100,99937,100,100054,100,99934,100,100065,100,99933,100,100085,100,99930,100,100099,100,99927,100,100112,100,99906,100,100131,100,99890,100,100157,100,99887,100
2019-06-28 09:30:00.000000068,100011,100,100010,100,100038,100,99995,100,100044,100,99937,100,100052,100,99934,100,100054,100,99933,100,100065,100,99930,100,100085,100,99927,100,100099,100,99906,100,100112,100,99890,100,100131,100,99887,100
2019-06-28 09:30:00.000000070,100011,100,100010,100,100038,100,99995,100,100044,100,99937,100,100052,100,99934,100,100054,100,99933,100,100065,100,99930,100,100085,100,99927,100,100099,100,99906,100,100112,100,99890,100,100131,100,99887,100
2019-06-28 09:30:00.000000072,100011,100,100010,100,100038,100,99995,100,100044,100,99937,100,100052,100,99934,100,100054,100,99933,100,100065,100,99930,100,100085,100,99927,100,100099,100,99906,100,100112,100,99890,100,100119,100,99887,100
2019-06-28 09:30:00.000000076,100011,100,100010,100,100017,100,99995,100,100038,100,99937,100,100044,100,99934,100,100052,100,99933,100,100054,100,99930,100,100065,100,99927,100,100085,100,99906,100,100099,100,99890,100,100112,100,99887,100
2019-06-28 09:30:00.000000080,100017,100,100010,100,100038,100,99995,100,100044,100,99937,100,100052,100,99934,100,100054,100,99933,100,100065,100,99930,100,100085,100,99927,100,100099,100,99906,100,100112,100,99890,100,100119,100,99887,100
2019-06-28 09:30:00.000000082,100017,100,99995,100,100038,100,99966,100,100044,100,99937,100,100052,100,99934,100,100054,100,99933,100,100065,100,99930,100,100085,100,99927,100,100099,100,99906,100,100112,100,99890,100,100119,100,99887,100
2019-06-28 09:30:00.000000083,100017,100,99995,100,100038,100,99966,100,100044,100,99938,100,100052,100,99937,100,100054,100,99934,100,100065,100,99933,100,100085,100,99930,100,100099,100,99927,100,100112,100,99906,100,100119,100,99890,100
2019-06-28 09:30:00.000000085,100014,100,100004,100,100017,100,99995,100,100038,100,99966,100,100044,100,99938,100,100052,100,99937,100,100054,100,99934,100,100065,100,99933,100,100085,100,99930,100,100099,100,99927,100,100112,100,99906,100
2019-06-28 09:30:00.000000087,100014,100,100004,100,100017,100,99995,100,100038,100,99966,100,100044,100,99938,100,100052,100,99937,100,100054,100,99934,100,100065,100,99933,100,100085,100,99930,100,100099,100,99927,100,100112,100,99911,100
2019-06-28 09:30:00.000000089,100014,100,100004,100,100017,100,99995,100,100038,100,99966,100,100044,100,99938,100,100052,100,99937,100,100054,100,99934,100,100065,100,99933,100,100066,100,99930,100,100085,100,99927,100,100099,100,99911,100
2019-06-28 09:30:00.000000090,100014,100,100010,100,100017,100,100004,100,100038,100,99995,100,100044,100,99966,100,100052,100,99938,100,100054,100,99937,100,100065,100,99934,100,100066,100,99933,100,100085,100,99930,100,100099,100,99927,100
2019-06-28 09:30:00.000000092,100014,100,100010,100,100017,100,100004,100,100038,100,99995,100,100044,100,99966,100,100052,100,99938,100,100054,100,99937,100,100065,100,99934,100,100066,100,99933,100,100085,100,99930,100,100099,100,99927,100
2019-06-28 09:30:00.000000093,100014,100,100010,100,100017,100,100004,100,100022,100,99995,100,100038,100,99966,100,100044,100,99938,100,100052,100,99937,100,100054,100,99934,100,100065,100,99933,100,100066,100,99930,100,100085,100,99927,100
2019-06-28 09:30:00.000000094,100014,100,100010,100,100017,100,100004,100,100022,100,99995,100,100038,100,99966,100,100044,100,99938,100,100052,100,99937,100,100054,100,99934,100,100065,100,99933,100,100066,100,99930,100,100085,100,99927,100
2019-06-28 09:30:00.000000095,100014,100,100010,100,100017,100,100004,100,100022,100,99995,100,100038,100,99966,100,100044,100,99938,100,100052,100,99937,100,100054,100,99934,100,100065,100,99933,100,100066,100,99930,100,100085,100,99927,100
2019-06-28 09:30:00.000000096,100014,100,100004,100,100017,100,99995,100,100022,100,99966,100,100038,100,99938,100,100044,100,99937,100,100052,100,99934,100,100054,100,99933,100,100065,100,99930,100,100066,100,99927,100,100085,100,99911,100
2019-06-28 09:30:10.000000000,100014,366,100004,366,100017,100,99995,100,100022,100,99966,100,100038,100,99938,100,100044,100,99937,100,100052,100,99934,100,100054,100,99933,100,100065,100,99930,100,100066,100,99927,100,100085,100,99911,100
2019-06-28 09:30:12.217772911,100014,366,100004,366,100017,100,99995,100,100022,100,99966,100,100038,100,99938,100,100044,200,99937,100,100052,100,99934,100,100054,100,99933,100,100065,100,99930,100,100066,100,99927,100,100085,100,99911,100
2019-06-28 09:30:13.341916355,100013,100,100004,366,100014,366,99995,100,100017,100,99966,100,100022,100,99938,100,100038,100,99937,100,100044,200,99934,100,100052,100,99933,100,100054,100,99930,100,100065,100,99927,100,100066,100,99911,100
2019-06-28 09:30:20.000000000,100013,366,100004,366,100014,100,99995,100,100017,100,99966,100,100022,100,99938,100,100038,100,99937,100,100044,200,99934,100,100052,100,99933,100,100054,100,99930,100,100065,100,99927,100,100066,100,99911,100
2019-06-28 09:30:21.434422912,100013,366,100004,366,100014,100,99995,100,100017,100,99966,100,100022,100,99938,100,100038,100,99937,100,100044,200,99934,100,100052,100,99933,100,100054,100,99930,100,100065,100,99927,100,100066,100,99911,100
2019-06-28 09:30:30.000000000,100013,233,100004,233,100014,233,99995,233,100017,100,99966,100,100022,100,99938,100,100038,100,99937,100,100044,200,99934,100,100052,100,99933,100,100054,100,99930,100,100065,100,99927,100,100066,100,99911,100
2019-06-28 09:30:31.975908814,100013,233,100004,233,100014,233,99995,233,100017,100,99966,100,100022,100,99938,100,100029,100,99937,100,100038,100,99934,100,100044,200,99933,100,100052,100,99930,100,100054,100,99927,100,100065,100,99911,100
2019-06-28 09:30:40.000000000,100013,153,100004,153,100014,153,99995,153,100017,153,99966,153,100022,153,99938,153,100029,153,99937,153,100038,100,99934,100,100044,200,99933,100,100052,100,99930,100,100054,100,99927,100,100065,100,99911,100
2019-06-28 09:30:50.000000000,100013,366,100004,366,100014,100,99995,100,100017,100,99966,100,100022,100,99938,100,100029,100,99937,100,100038,100,99934,100,100044,200,99933,100,100052,100,99930,100,100054,100,99927,100,100065,100,99911,100
2019-06-28 09:31:00.000000000,100013,166,100004,166,100014,166,99995,166,100017,166,99966,166,100022,166,99938,166,100029,100,99937,100,100038,100,99934,100,100044,200,99933,100,100052,100,99930,100,100054,100,99927,100,100065,100,99911,100
2019-06-28 09:31:10.000000000,100013,166,100004,166,100014,166,99995,166,100017,166,99966,166,100022,166,99938,166,100029,100,99937,100,100038,100,99934,100,100044,200,99933,100,100052,100,99930,100,100054,100,99927,100,100065,100,99911,100
2019-06-28 09:31:20.000000000,100013,366,100004,366,100014,100,99995,100,100017,100,99966,100,100022,100,99938,100,100029,100,99937,100,100038,100,99934,100,100044,200,99933,100,100052,100,99930,100,100054,100,99927,100,100065,100,99911,100
2019-06-28 09:31:21.603564532,100013,366,100010,100,100014,100,100004,366,100017,100,99995,100,100022,100,99966,100,100029,100,99938,100,100038,100,99937,100,100044,200,99934,100,100052,100,99933,100,100054,100,99930,100,100065,100,99927,100
2019-06-28 09:31:22.560703205,100013,266,100010,100,100014,100,100004,366,100017,100,99995,100,100022,100,99966,100,100029,100,99938,100,100038,100,99937,100,100044,200,99934,100,100052,100,99933,100,100054,100,99930,100,100065,100,99927,100
2019-06-28 09:31:30.000000000,100014,166,100010,166,100017,166,100004,166,100022,166,99995,166,100029,166,99966,166,100038,100,99938,100,100044,200,99937,100,100052,100,99934,100,100054,100,99933,100,100065,100,99930,100,100066,100,99927,100
2019-06-28 09:31:35.045831062,100014,66,100010,166,100017,166,100004,166,100022,166,99995,166,100029,166,99966,166,100038,100,99938,100,100044,200,99937,100,100052,100,99934,100,100054,100,99933,100,100065,100,99930,100,100066,100,99927,100
2019-06-28 09:31:40.000000000,100017,366,100010,366,100022,100,100004,100,100029,100,99995,100,100038,100,99966,100,100044,200,99938,100,100052,100,99937,100,100054,100,99934,100,100065,100,99933,100,100066,100,99930,100,100085,100,99927,100
2019-06-28 09:31:45.645339355,100017,366,100010,366,100022,100,100004,100,100029,100,99966,100,100038,100,99938,100,100044,200,99937,100,100052,100,99934,100,100054,100,99933,100,100065,100,99930,100,100066,100,99927,100,100085,100,99911,100
2019-06-28 09:31:50.000000000,100017,190,100010,190,100022,188,100004,188,100029,188,99966,188,100038,100,99938,100,100044,200,99937,100,100052,100,99934,100,100054,100,99933,100,100065,100,99930,100,100066,100,99927,100,100085,100,99911,100
2019-06-28 09:31:50.395845967,100017,90,100010,190,100022,188,100004,188,100029,188,99966,188,100038,100,99938,100,100044,200,99937,100,100052,100,99934,100,100054,100,99933,100,100065,100,99930,100,100066,100,99927,100,100085,100,99911,100
2019-06-28 09:32:00.000000000,100022,233,100010,233,100029,233,100004,233,100038,100,99966,100,100044,200,99938,100,100052,100,99937,100,100054,100,99934,100,100065,100,99933,100,100066,100,99930,100,100085,100,99927,100,100099,100,99911,100
2019-06-28 09:32:04.316161024,100022,233,100010,233,100029,233,100004,233,100038,100,99966,100,100044,200,99938,100,100052,100,99937,100,100054,100,99934,100,100065,100,99930,100,100066,100,99927,100,100085,100,99911,100,100099,100,99906,100
2019-06-28 09:32:10.000000000,100022,166,100010,166,100029,166,100004,166,100038,166,99966,166,100044,266,99938,166,100052,100,99937,100,100054,100,99934,100,100065,100,99930,100,100066,100,99927,100,100085,100,99911,100,100099,100,99906,100
2019-06-28 09:32:11.446004652,100022,166,100010,166,100029,166,100004,166,100038,166,99966,166,100044,266,99938,166,100052,100,99937,100,100054,100,99934,100,100065,100,99930,100,100066,100,99927,100,100085,100,99911,100,100099,100,99906,100
2019-06-28 09:32:15.620275076,100022,66,100010,166,100029,66,100004,166,100038,166,99966,166,100044,266,99938,166,100052,100,99937,100,100054,100,99934,100,100065,100,99930,100,100066,100,99927,100,100085,100,99911,100,100099,100,99906,100
2019-06-28 09:32:20.000000000,100038,366,100010,366,100044,200,100004,100,100052,100,99966,100,100054,100,99938,100,100065,100,99937,100,100066,100,99934,100,100085,100,99930,100,100099,100,99927,100,100112,100,99911,100,100119,100,99906,100
2019-06-28 09:32:20.306549070,100038,366,100010,366,100044,200,100004,100,100052,100,99966,100,100054,100,99938,100,100065,100,99937,100,100066,100,99934,100,100085,100,99930,100,100099,100,99927,100,100112,100,99911,100,100119,100,99906,100
2019-06-28 09:32:22.602542992,100038,366,100017,100,100044,200,100010,366,100052,100,100004,100,100054,100,99966,100,100065,100,99938,100,100066,100,99937,100,100085,100,99934,100,100099,100,99930,100,100112,100,99927,100,100119,100,99911,100
2019-06-28 09:32:23.707646731,100038,366,100017,100,100044,200,100010,366,100052,100,100004,100,100054,100,99966,100,100065,100,99938,100,100066,100,99937,100,100085,100,99934,100,100099,100,99930,100,100112,100,99927,100,100119,100,99911,100
2019-06-28 09:32:30.000000000,100038,166,100017,166,100044,266,100010,166,100052,166,100004,166,100054,166,99966,166,100065,100,99938,100,100066,100,99937,100,100085,100,99934,100,100099,100,99930,100,100112,100,99927,100,100119,100,99911,100
2019-06-28 09:32:39.029528150,100038,166,100017,166,100044,266,100010,166,100052,166,100004,166,100054,166,99966,166,100065,100,99938,100,100066,100,99937,100,100085,100,99934,100,100099,100,99930,100,100112,100,99927,100,100119,100,99911,100
2019-06-28 09:32:40.000000000,100038,366,100017,366,100044,200,100010,100,100052,100,100004,100,100054,100,99966,100,100065,100,99938,100,100066,100,99937,100,100085,100,99934,100,100099,100,99930,100,100112,100,99927,100,100119,100,99911,100
2019-06-28 09:32:42.713861041,100038,366,100017,366,100044,200,100010,100,100052,100,100004,100,100054,100,99966,100,100065,100,99938,100,100066,100,99937,100,100085,100,99934,100,100099,100,99930,100,100112,100,99927,100,100119,100,99911,100
2019-06-28 09:32:50.000000000,100038,366,100017,366,100044,200,100010,100,100052,100,100004,100,100054,100,99966,100,100065,100,99938,100,100066,100,99937,100,100085,100,99934,100,100099,100,99930,100,100112,100,99927,100,100119,100,99911,100
2019-06-28 09:33:00.000000000,100038,366,100017,366,100044,200,100010,100,100052,100,100004,100,100054,100,99966,100,100065,100,99938,100,100066,100,99937,100,100085,100,99934,100,100099,100,99930,100,100112,100,99927,100,100119,100,99911,100
2019-06-28 09:33:10.000000000,100038,190,100017,190,100044,288,100010,188,100052,188,100004,188,100054,100,99966,100,100065,100,99938,100,100066,100,99937,100,100085,100,99934,100,100099,100,99930,100,100112,100,99927,100,100119,100,99911,100
2019-06-28 09:33:20.000000000,100038,233,100017,233,100044,333,100010,233,100052,100,100004,100,100054,100,99966,100,100065,100,99938,100,100066,100,99937,100,100085,100,99934,100,100099,100,99930,100,100112,100,99927,100,100119,100,99911,100
2019-06-28 09:33:23.183260428,100038,233,100017,233,100044,333,100010,233,100052,100,100004,100,100054,100,99966,100,100065,100,99938,100,100066,100,99937,100,100085,100,99934,100,100099,100,99930,100,100112,100,99927,100,100119,100,99911,100
2019-06-28 09:33:30.000000000,100038,190,100017,190,100044,288,100010,188,100052,188,100004,188,100054,100,99966,100,100065,100,99938,100,100066,100,99937,100,100085,100,99934,100,100099,100,99930,100,100112,100,99927,100,100119,100,99911,100
2019-06-28 09:33:30.214685296,100038,90,100017,190,100044,288,100010,188,100052,188,100004,188,100054,100,99966,100,100065,100,99937,100,100066,100,99934,100,100085,100,99930,100,100099,100,99927,100,100112,100,99911,100,100119,100,99906,100
2019-06-28 09:33:40.000000000,100044,253,100017,153,100052,153,100010,153,100054,153,100004,153,100065,153,99966,153,100066,153,99937,153,100085,100,99934,100,100099,100,99930,100,100112,100,99927,100,100119,100,99911,100,100131,100,99906,100
2019-06-28 09:33:45.237223827,100044,253,100022,100,100052,153,100017,153,100054,153,100010,153,100065,153,100004,153,100066,153,99966,153,100085,100,99937,153,100099,100,99934,100,100112,100,99930,100,100119,100,99927,100,100131,100,99911,100
2019-06-28 09:33:50.000000000,100044,290,100022,190,100052,188,100017,188,100054,188,100010,188,100065,100,100004,100,100066,100,99966,100,100085,100,99937,100,100099,100,99934,100,100112,100,99930,100,100119,100,99927,100,100131,100,99911,100
2019-06-28 09:34:00.000000000,100044,333,100022,233,100052,233,100017,233,100054,100,100010,100,100065,100,100004,100,100066,100,99966,100,100085,100,99937,100,100099,100,99934,100,100112,100,99930,100,100119,100,99927,100,100131,100,99911,100
2019-06-28 09:34:00.600887347,100044,233,100022,233,100052,233,100017,233,100054,100,100010,100,100065,100,100004,100,100066,100,99966,100,100085,100,99937,100,100099,100,99934,100,100112,100,99927,100,100119,100,99911,100,100131,100,99906,100
2019-06-28 09:34:01.097630288,100044,233,100022,233,100052,233,100017,233,100054,100,100010,100,100065,100,100004,100,100066,100,99966,100,100085,100,99937,100,100099,100,99934,100,100112,100,99927,100,100119,100,99911,100,100131,100,99906,100
2019-06-28 09:34:08.823675360,100044,233,100022,233,100052,233,100017,233,100054,100,100010,100,100066,100,100004,100,100085,100,99966,100,100099,100,99937,100,100112,100,99934,100,100119,100,99927,100,100131,100,99911,100,100146,100,99906,100
2019-06-28 09:34:10.000000000,100044,166,100022,166,100052,166,100017,166,100054,166,100010,166,100066,166,100004,166,100085,100,99966,100,100099,100,99937,100,100112,100,99934,100,100119,100,99927,100,100131,100,99911,100,100146,100,99906,100
2019-06-28 09:34:20.000000000,100044,166,100022,166,100052,166,100017,166,100054,166,100010,166,100066,166,100004,166,100085,100,99966,100,100099,100,99937,100,100112,100,99934,100,100119,100,99927,100,100131,100,99911,100,100146,100,99906,100
2019-06-28 09:34:30.000000000,100044,366,100022,366,100052,100,100017,100,100054,100,100010,100,100066,100,100004,100,100085,100,99966,100,100099,100,99937,100,100112,100,99934,100,100119,100,99927,100,100131,100,99911,100,100146,100,99906,100
2019-06-28 09:34:36.703836498,100044,266,100022,366,100052,100,100017,100,100054,100,100010,100,100066,100,100004,100,100085,100,99966,100,100099,100,99937,100,100112,100,99927,100,100119,100,99911,100,100131,100,99906,100,100146,100,99896,100
2019-06-28 09:34:40.000000000,100052,233,100022,233,100054,233,100017,233,100066,100,100010,100,100085,100,100004,100,100099,100,99966,100,100112,100,99937,100,100119,100,99927,100,100131,100,99911,100,100146,100,99906,100,100157,100,99896,100
2019-06-28 09:34:46.195620068,100052,233,100022,233,100054,233,100017,233,100066,100,100010,100,100085,100,100004,100,100099,100,99966,100,100112,100,99937,100,100119,100,99927,100,100131,100,99911,100,100146,100,99906,100,100157,100,99896,100
2019-06-28 09:34:50.000000000,100052,166,100022,166,100054,166,100017,166,100066,166,100010,166,100085,166,100004,166,100099,100,99966,100,100112,100,99937,100,100119,100,99927,100,100131,100,99911,100,100146,100,99906,100,100157,100,99896,100
2019-06-28 09:35:00.000000000,100052,233,100022,233,100054,233,100017,233,100066,100,100010,100,100085,100,100004,100,100099,100,99966,100,100112,100,99937,100,100119,100,99927,100,100131,100,99911,100,100146,100,99906,100,100157,100,99896,100
2019-06-28 09:35:10.000000000,100052,190,100022,190,100054,188,100017,188,100066,188,100010,188,100085,100,100004,100,100099,100,99966,100,100112,100,99937,100,100119,100,99927,100,100131,100,99911,100,100146,100,99906,100,100157,100,99896,100
2019-06-28 09:35:20.000000000,100052,366,100022,366,100054,100,100017,100,100066,100,100010,100,100085,100,100004,100,100099,100,99966,100,100112,100,99937,100,100119,100,99927,100,100131,100,99911,100,100146,100,99906,100,100157,100,99896,100
2019-06-28 09:35:30.000000000,100052,153,100022,153,100054,153,100017,153,100066,153,100010,153,100085,153,100004,153,100099,153,99966,153,100112,100,99937,100,100119,100,99927,100,100131,100,99911,100,100146,100,99906,100,100157,100,99896,100
2019-06-28 09:35:40.000000000,100052,366,100022,366,100054,100,100017,100,100066,100,100010,100,100085,100,100004,100,100099,100,99966,100,100112,100,99937,100,100119,100,99927,100,100131,100,99911,100,100146,100,99906,100,100157,100,99896,100
2019-06-28 09:35:50.000000000,100052,190,100022,190,100054,188,100017,188,100066,188,100010,188,100085,100,100004,100,100099,100,99966,100,100112,100,99937,100,100119,100,99927,100,100131,100,99911,100,100146,100,99906,100,100157,100,99896,100
2019-06-28 09:36:00.000000000,100052,153,100022,153,100054,153,100017,153,100066,153,100010,153,100085,153,100004,153,100099,153,99966,153,100112,100,99937,100,100119,100,99927,100,100131,100,99911,100,100146,100,99906,100,100157,100,99896,100
2019-06-28 09:36:10.000000000,100052,153,100022,153,100054,153,100017,153,100066,153,100010,153,100085,153,100004,153,100099,153,99966,153,100112,100,99937,100,100119,100,99927,100,100131,100,99911,100,100146,100,99906,100,100157,100,99896,100
2019-06-28 09:36:13.769493483,100052,153,100022,153,100054,153,100017,153,100066,153,100010,53,100085,153,100004,153,100099,153,99966,153,100112,100,99937,100,100119,100,99927,100,100131,100,99911,100,100146,100,99906,100,100157,100,99896,100
2019-06-28 09:36:20.000000000,100052,233,100022,233,100054,233,100017,233,100066,100,100004,100,100085,100,99966,100,100099,100,99937,100,100112,100,99927,100,100119,100,99911,100,100131,100,99906,100,100146,100,99896,100,100157,100,99890,100
2019-06-28 09:36:30.000000000,100052,233,100022,233,100054,233,100017,233,100066,100,100004,100,100085,100,99966,100,100099,100,99937,100,100112,100,99927,100,100119,100,99911,100,100131,100,99906,100,100146,100,99896,100,100157,100,99890,100
2019-06-28 09:36:32.614874227,100052,233,100022,233,100054,233,100017,233,100066,100,99966,100,100085,100,99937,100,100099,100,99927,100,100112,100,99911,100,100119,100,99906,100,100131,100,99896,100,100146,100,99890,100,100157,100,99851,100
2019-06-28 09:36:40.000000000,100052,190,100022,190,100054,188,100017,188,100066,188,99966,188,100085,100,99937,100,100099,100,99927,100,100112,100,99911,100,100119,100,99906,100,100131,100,99896,100,100146,100,99890,100,100157,100,99851,100
2019-06-28 09:36:50.000000000,100052,366,100022,366,100054,100,100017,100,100066,100,99966,100,100085,100,99937,100,100099,100,99927,100,100112,100,99911,100,100119,100,99906,100,100131,100,99896,100,100146,100,99890,100,100157,100,99851,100
2019-06-28 09:37:00.000000000,100052,166,100022,166,100054,166,100017,166,100066,166,99966,166,100085,166,99937,166,100099,100,99927,100,100112,100,99911,100,100119,100,99906,100,100131,100,99896,100,100146,100,99890,100,100157,100,99851,100
2019-06-28 09:37:10.000000000,100052,190,100022,190,100054,188,100017,188,100066,188,99966,188,100085,100,99937,100,100099,100,99927,100,100112,100,99911,100,100119,100,99906,100,100131,100,99896,100,100146,100,99890,100,100157,100,99851,100
2019-06-28 09:37:16.004425753,100052,190,100044,100,100054,188,100022,190,100066,188,100017,188,100085,100,99966,188,100099,100,99937,100,100112,100,99927,100,100119,100,99911,100,100131,100,99906,100,100146,100,99896,100,100157,100,99890,100
2019-06-28 09:37:18.617279016,100052,90,100044,100,100054,188,100022,190,100066,188,100017,188,100085,100,99966,188,100099,100,99937,100,100112,100,99927,100,100119,100,99911,100,100131,100,99906,100,100146,100,99890,100,100157,100,99851,100
2019-06-28 09:37:20.000000000,100054,233,100044,233,100066,233,100022,233,100085,100,100017,100,100099,100,99966,100,100112,100,99937,100,100119,100,99927,100,100131,100,99911,100,100146,100,99906,100,100157,100,99890,100,100162,100,99851,100
2019-06-28 09:37:30.000000000,100054,153,100044,153,100066,153,100022,153,100085,153,100017,153,100099,153,99966,153,100112,153,99937,153,100119,100,99927,100,100131,100,99911,100,100146,100,99906,100,100157,100,99890,100,100162,100,99851,100
2019-06-28 09:37:40.000000000,100054,190,100044,190,100066,188,100022,188,100085,188,100017,188,100099,100,99966,100,100112,100,99937,100,100119,100,99927,100,100131,100,99911,100,100146,100,99906,100,100157,100,99890,100,100162,100,99851,100
2019-06-28 09:37:43.711278078,100054,190,100044,190,100066,188,100022,188,100085,188,100017,188,100099,100,99966,100,100112,100,99937,100,100119,100,99927,100,100131,100,99911,100,100146,100,99906,100,100157,100,99890,100,100162,100,99851,100
2019-06-28 09:37:50.000000000,100054,366,100044,366,100066,100,100022,100,100085,100,100017,100,100099,100,99966,100,100112,100,99937,100,100119,100,99927,100,100131,100,99911,100,100146,100,99906,100,100157,100,99890,100,100162,100,99851,100
2019-06-28 09:38:00.000000000,100054,366,100044,366,100066,100,100022,100,100085,100,100017,100,100099,100,99966,100,100112,100,99937,100,100119,100,99927,100,100131,100,99911,100,100146,100,99906,100,100157,100,99890,100,100162,100,99851,100
2019-06-28 09:38:04.251665604,100054,266,100044,366,100066,100,100022,100,100085,100,100017,100,100099,100,99966,100,100112,100,99937,100,100119,100,99927,100,100131,100,99911,100,100146,100,99906,100,100157,100,99890,100,100162,100,99851,100
2019-06-28 09:38:10.000000000,100066,166,100044,166,100085,166,100022,166,100099,166,100017,166,100112,166,99966,166,100119,100,99937,100,100131,100,99927,100,100146,100,99911,100,100157,100,99906,100,100162,100,99890,100,100167,100,99851,100
2019-06-28 09:38:20.000000000,100066,233,100044,233,100085,233,100022,233,100099,100,100017,100,100112,100,99966,100,100119,100,99937,100,100131,100,99927,100,100146,100,99911,100,100157,100,99906,100,100162,100,99890,100,100167,100,99851,100
2019-06-28 09:38:22.150791563,100066,233,100044,233,100085,233,100022,233,100099,100,99966,100,100112,100,99937,100,100119,100,99927,100,100131,100,99911,100,100146,100,99906,100,100157,100,99890,100,100162,100,99851,100,100167,100,99843,100
2019-06-28 09:38:23.003498282,100066,233,100044,233,100085,233,100022,233,100099,100,99966,100,100112,100,99937,100,100119,100,99927,100,100131,100,99911,100,100146,100,99906,100,100157,100,99890,100,100162,100,99851,100,100167,100,99843,100
2019-06-28 09:38:26.702203358,100066,133,100044,233,100085,233,100022,233,100099,100,99966,100,100112,100,99937,100,100131,100,99927,100,100146,100,99911,100,100157,100,99906,100,100162,100,99890,100,100167,100,99851,100,100189,100,99843,100
2019-06-28 09:38:30.000000000,100085,233,100044,233,100099,233,100022,233,100112,100,99966,100,100131,100,99937,100,100146,100,99927,100,100157,100,99911,100,100162,100,99906,100,100167,100,99890,100,100189,100,99851,100,100200,100,99843,100
2019-06-28 09:38:33.356330956,100053,100,100044,133,100085,233,100022,233,100099,233,99966,100,100112,100,99937,100,100131,100,99927,100,100146,100,99911,100,100157,100,99906,100,100162,100,99890,100,100167,100,99851,100,100189,100,99843,100
2019-06-28 09:38:39.457288711,100053,200,100044,133,100085,233,100022,233,100099,233,99966,100,100112,100,99937,100,100131,100,99927,100,100146,100,99911,100,100157,100,99906,100,100162,100,99890,100,100167,100,99851,100,100189,100,99843,100
2019-06-28 09:38:40.000000000,100053,266,100022,166,100085,166,99966,166,100099,166,99937,166,100112,166,99927,166,100131,100,99911,100,100146,100,99906,100,100157,100,99890,100,100162,100,99851,100,100167,100,99843,100,100189,100,99840,100
2019-06-28 09:38:40.610667559,100053,266,100022,66,100085,166,99966,166,100099,166,99937,166,100112,166,99927,166,100131,100,99911,100,100157,100,99906,100,100162,100,99890,100,100167,100,99851,100,100189,100,99843,100,100200,100,99840,100
2019-06-28 09:38:50.000000000,100053,266,99966,166,100085,166,99937,166,100099,166,99927,166,100112,166,99911,166,100131,100,99906,100,100157,100,99890,100,100162,100,99851,100,100167,100,99843,100,100189,100,99840,100,100200,100,99826,100
2019-06-28 09:39:00.000000000,100053,266,99966,166,100085,166,99937,166,100099,166,99927,166,100112,166,99911,166,100131,100,99906,100,100157,100,99890,100,100162,100,99851,100,100167,100,99843,100,100189,100,99840,100,100200,100,99826,100
2019-06-28 09:39:10.000000000,100053,253,99966,153,100085,153,99937,153,100099,153,99927,153,100112,153,99911,153,100131,153,99906,153,100157,100,99890,100,100162,100,99851,100,100167,100,99843,100,100189,100,99840,100,100200,100,99826,100
2019-06-28 09:39:12.763977237,100053,153,99966,153,100085,153,99937,153,100099,153,99927,153,100112,153,99911,153,100131,153,99906,153,100157,100,99890,100,100162,100,99851,100,100167,100,99843,100,100189,100,99840,100,100200,100,99826,100
2019-06-28 09:39:16.298315986,100053,153,100045,100,100085,153,99966,153,100099,153,99937,153,100112,153,99927,153,100131,153,99911,153,100157,100,99906,153,100162,100,99890,100,100167,100,99851,100,100189,100,99843,100,100200,100,99840,100
2019-06-28 09:39:20.000000000,100053,233,100045,233,100085,233,99966,233,100099,100,99937,100,100112,100,99927,100,100131,100,99911,100,100157,100,99906,100,100162,100,99890,100,100167,100,99851,100,100189,100,99843,100,100200,100,99840,100
2019-06-28 09:39:30.000000000,100053,166,100045,166,100085,166,99966,166,100099,166,99937,166,100112,166,99927,166,100131,100,99911,100,100157,100,99906,100,100162,100,99890,100,100167,100,99851,100,100189,100,99843,100,100200,100,99840,100
2019-06-28 09:39:40.000000000,100053,153,100045,153,100085,153,99966,153,100099,153,99937,153,100112,153,99927,153,100131,153,99911,153,100157,100,99906,100,100162,100,99890,100,100167,100,99851,100,100189,100,99843,100,100200,100,99840,100
2019-06-28 09:39:50.000000000,100053,233,100045,233,100085,233,99966,233,100099,100,99937,100,100112,100,99927,100,100131,100,99911,100,100157,100,99906,100,100162,100,99890,100,100167,100,99851,100,100189,100,99843,100,100200,100,99840,100
2019-06-28 09:39:57.569359617,100053,233,100045,233,100085,233,99966,233,100099,100,99937,100,100131,100,99927,100,100157,100,99911,100,100162,100,99906,100,100167,100,99890,100,100189,100,99851,100,100200,100,99843,100,100204,100,99840,100
2019-06-28 09:40:00.000000000,100053,190,100045,190,100085,188,99966,188,100099,188,99937,188,100131,100,99927,100,100157,100,99911,100,100162,100,99906,100,100167,100,99890,100,100189,100,99851,100,100200,100,99843,100,100204,100,99840,100
2019-06-28 09:40:07.354679169,100053,190,100045,90,100085,188,99966,188,100099,188,99937,188,100131,100,99927,100,100157,100,99911,100,100162,100,99906,100,100167,100,99890,100,100189,100,99851,100,100200,100,99843,100,100260,100,99840,100
2019-06-28 09:40:09.347448087,100045,10,99966,188,100053,190,99937,188,100085,188,99927,100,100099,188,99911,100,100131,100,99906,100,100157,100,99890,100,100162,100,99851,100,100167,100,99843,100,100189,100,99840,100,100200,100,99826,100
2019-06-28 09:40:10.000000000,100045,63,99966,153,100053,153,99937,153,100085,153,99927,153,100099,153,99911,153,100131,153,99906,153,100157,100,99890,100,100162,100,99851,100,100167,100,99843,100,100189,100,99840,100,100200,100,99826,100
2019-06-28 09:40:20.000000000,100045,276,99966,366,100053,100,99937,100,100085,100,99927,100,100099,100,99911,100,100131,100,99906,100,100157,100,99890,100,100162,100,99851,100,100167,100,99843,100,100189,100,99840,100,100200,100,99826,100
2019-06-28 09:40:30.000000000,100045,63,99966,153,100053,153,99937,153,100085,153,99927,153,100099,153,99911,153,100131,153,99906,153,100157,100,99890,100,100162,100,99851,100,100167,100,99843,100,100189,100,99840,100,100200,100,99826,100
2019-06-28 09:40:30.142870528,100045,63,99966,153,100053,153,99937,153,100085,153,99927,153,100099,153,99911,153,100131,153,99906,153,100157,100,99851,100,100162,100,99843,100,100167,100,99840,100,100189,100,99826,100,100200,100,99799,100
2019-06-28 09:40:40.000000000,100045,276,99966,366,100053,100,99937,100,100085,100,99927,100,100099,100,99911,100,100131,100,99906,100,100157,100,99851,100,100162,100,99843,100,100167,100,99840,100,100189,100,99826,100,100200,100,99799,100
2019-06-28 09:40:50.000000000,100045,143,99966,233,100053,233,99937,233,100085,100,99927,100,100099,100,99911,100,100131,100,99906,100,100157,100,99851,100,100162,100,99843,100,100167,100,99840,100,100189,100,99826,100,100200,100,99799,100
2019-06-28 09:40:51.732307332,100045,143,99966,133,100053,233,99937,233,100085,100,99927,100,100099,100,99911,100,100131,100,99906,100,100157,100,99851,100,100162,100,99843,100,100167,100,99840,100,100189,100,99826,100,100200,100,99799,100
2019-06-28 09:41:00.000000000,100045,63,99937,153,100053,153,99927,153,100085,153,99911,153,100099,153,99906,153,100131,153,99851,153,100157,100,99843,100,100162,100,99840,100,100167,100,99826,100,100189,100,99799,100,100200,100,99748,100
2019-06-28 09:41:06.702771095,100045,63,99937,153,100053,153,99927,153,100085,153,99926,100,100099,153,99911,153,100131,153,99906,153,100157,100,99851,153,100162,100,99843,100,100167,100,99840,100,100189,100,99826,100,100200,100,99799,100
2019-06-28 09:41:10.000000000,100045,143,99937,233,100053,233,99927,233,100085,100,99926,100,100099,100,99911,100,100131,100,99906,100,100157,100,99851,100,100162,100,99843,100,100167,100,99840,100,100189,100,99826,100,100200,100,99799,100
2019-06-28 09:41:12.585018973,100045,143,99937,133,100053,233,99927,233,100085,100,99926,100,100099,100,99911,100,100131,100,99906,100,100157,100,99851,100,100162,100,99843,100,100167,100,99840,100,100189,100,99826,100,100200,100,99799,100
2019-06-28 09:41:19.911129479,100045,143,99937,133,100053,233,99927,233,100085,100,99926,100,100099,100,99911,100,100131,100,99906,100,100157,100,99851,100,100162,100,99843,100,100167,100,99840,100,100189,100,99826,100,100200,100,99799,100
2019-06-28 09:41:20.000000000,100045,276,99927,366,100053,100,99926,100,100085,100,99911,100,100099,100,99906,100,100131,100,99851,100,100157,100,99843,100,100162,100,99840,100,100167,100,99826,100,100189,100,99799,100,100200,100,99748,100
2019-06-28 09:41:30.000000000,100045,63,99927,153,100053,153,99926,153,100085,153,99911,153,100099,153,99906,153,100131,153,99851,153,100157,100,99843,100,100162,100,99840,100,100167,100,99826,100,100189,100,99799,100,100200,100,99748,100
2019-06-28 09:41:40.000000000,100045,63,99927,153,100053,153,99926,153,100085,153,99911,153,100099,153,99906,153,100131,153,99851,153,100157,100,99843,100,100162,100,99840,100,100167,100,99826,100,100189,100,99799,100,100200,100,99748,100
2019-06-28 09:41:45.213093849,100045,63,99927,53,100053,153,99926,153,100085,153,99911,153,100099,153,99906,153,100131,153,99851,153,100157,100,99843,100,100162,100,99840,100,100167,100,99826,100,100189,100,99799,100,100200,100,99748,100
2019-06-28 09:41:49.302554577,99927,47,99926,153,100045,63,99911,153,100053,153,99906,153,100085,153,99851,153,100099,153,99843,100,100131,153,99840,100,100157,100,99826,100,100162,100,99799,100,100167,100,99748,100,100189,100,99720,100
2019-06-28 09:41:50.000000000,99927,113,99926,166,100045,76,99911,166,100053,166,99906,166,100085,166,99851,166,100099,100,99843,100,100131,100,99840,100,100157,100,99826,100,100162,100,99799,100,100167,100,99748,100,100189,100,99720,100
2019-06-28 09:41:55.832293251,99927,113,99926,66,100045,76,99911,166,100053,166,99906,166,100085,166,99851,166,100099,100,99843,100,100131,100,99840,100,100157,100,99826,100,100162,100,99799,100,100167,100,99748,100,100189,100,99720,100
2019-06-28 09:42:00.000000000,99927,180,99911,233,100045,143,99906,233,100053,100,99851,100,100085,100,99843,100,100099,100,99840,100,100131,100,99826,100,100157,100,99799,100,100162,100,99748,100,100167,100,99720,100,100189,100,99623,100
2019-06-28 09:42:10.000000000,99927,313,99911,366,100045,10,99906,100,100053,100,99851,100,100085,100,99843,100,100099,100,99840,100,100131,100,99826,100,100157,100,99799,100,100162,100,99748,100,100167,100,99720,100,100189,100,99623,100
2019-06-28 09:42:20.000000000,99927,180,99911,233,100045,143,99906,233,100053,100,99851,100,100085,100,99843,100,100099,100,99840,100,100131,100,99826,100,100157,100,99799,100,100162,100,99748,100,100167,100,99720,100,100189,100,99623,100
2019-06-28 09:42:30.000000000,99927,180,99911,233,100045,143,99906,233,100053,100,99851,100,100085,100,99843,100,100099,100,99840,100,100131,100,99826,100,100157,100,99799,100,100162,100,99748,100,100167,100,99720,100,100189,100,99623,100
2019-06-28 09:42:39.422357508,99927,80,99911,233,100045,143,99906,233,100053,100,99851,100,100085,100,99843,100,100099,100,99840,100,100131,100,99826,100,100157,100,99799,100,100162,100,99748,100,100167,100,99720,100,100189,100,99623,100
2019-06-28 09:42:40.000000000,100045,100,99911,190,100053,188,99906,188,100085,188,99851,188,100099,100,99843,100,100131,100,99840,100,100157,100,99826,100,100162,100,99799,100,100167,100,99748,100,100189,100,99720,100,100260,100,99623,100
2019-06-28 09:42:50.000000000,100045,63,99911,153,100053,153,99906,153,100085,153,99851,153,100099,153,99843,153,100131,153,99840,153,100157,100,99826,100,100162,100,99799,100,100167,100,99748,100,100189,100,99720,100,100260,100,99623,100
2019-06-28 09:42:58.807910958,100045,63,99991,100,100053,153,99911,153,100085,153,99906,153,100099,153,99851,153,100131,153,99843,153,100157,100,99840,153,100162,100,99826,100,100167,100,99799,100,100189,100,99748,100,100260,100,99623,100
2019-06-28 09:43:00.000000000,100045,63,99991,153,100053,153,99911,153,100085,153,99906,153,100099,153,99851,153,100131,153,99843,153,100157,100,99840,100,100162,100,99826,100,100167,100,99799,100,100189,100,99748,100,100260,100,99623,100
2019-06-28 09:43:05.382525224,100045,63,99991,153,100053,153,99911,153,100085,153,99909,100,100099,153,99906,153,100131,153,99851,153,100157,100,99843,153,100162,100,99840,100,100167,100,99826,100,100189,100,99799,100,100260,100,99748,100
2019-06-28 09:43:10.000000000,100045,100,99991,190,100053,188,99911,188,100085,188,99909,188,100099,100,99906,100,100131,100,99851,100,100157,100,99843,100,100162,100,99840,100,100167,100,99826,100,100189,100,99799,100,100260,100,99748,100
2019-06-28 09:43:13.724268537,100045,100,99991,90,100053,188,99911,188,100085,188,99909,188,100099,100,99906,100,100131,100,99843,100,100157,100,99840,100,100162,100,99826,100,100167,100,99799,100,100189,100,99748,100,100260,100,99623,100
2019-06-28 09:43:19.474667832,100045,100,99991,90,100053,188,99911,188,100085,188,99909,188,100099,100,99906,100,100131,100,99843,100,100157,100,99840,100,100162,100,99826,100,100167,100,99799,100,100189,100,99748,100,100260,100,99623,100
2019-06-28 09:43:20.000000000,100045,76,99911,166,100053,166,99909,166,100085,166,99906,166,100099,166,99843,166,100131,100,99840,100,100157,100,99826,100,100162,100,99799,100,100167,100,99748,100,100189,100,99623,100,100260,100,98750,100
2019-06-28 09:43:30.000000000,100045,76,99911,166,100053,166,99909,166,100085,166,99906,166,100099,166,99843,166,100131,100,99840,100,100157,100,99826,100,100162,100,99799,100,100167,100,99748,100,100189,100,99623,100,100260,100,98750,100
2019-06-28 09:43:37.557054669,100045,76,99911,166,100053,166,99909,166,100085,166,99906,166,100099,166,99843,166,100131,100,99840,100,100157,100,99826,100,100162,100,99799,100,100167,100,99748,100,100189,100,99623,100,100260,100,98836,100
2019-06-28 09:43:40.000000000,100045,276,99911,366,100053,100,99909,100,100085,100,99906,100,100099,100,99843,100,100131,100,99840,100,100157,100,99826,100,100162,100,99799,100,100167,100,99748,100,100189,100,99623,100,100260,100,98836,100
2019-06-28 09:43:50.000000000,100045,143,99911,233,100053,233,99909,233,100085,100,99906,100,100099,100,99843,100,100131,100,99840,100,100157,100,99826,100,100162,100,99799,100,100167,100,99748,100,100189,100,99623,100,100260,100,98836,100
2019-06-28 09:44:00.000000000,100045,276,99911,366,100053,100,99909,100,100085,100,99906,100,100099,100,99843,100,100131,100,99840,100,100157,100,99826,100,100162,100,99799,100,100167,100,99748,100,100189,100,99623,100,100260,100,98836,100
2019-06-28 09:44:10.000000000,100045,100,99911,190,100053,188,99909,188,100085,188,99906,188,100099,100,99843,100,100131,100,99840,100,100157,100,99826,100,100162,100,99799,100,100167,100,99748,100,100189,100,99623,100,100260,100,98836,100
2019-06-28 09:44:10.465445504,100045,100,99911,190,100053,188,99909,188,100085,188,99906,188,100099,100,99843,100,100131,100,99840,100,100157,100,99826,100,100162,100,99799,100,100167,100,99748,100,100189,100,99623,100,100260,100,98841,100
2019-06-28 09:44:20.000000000,100045,76,99911,166,100053,166,99909,166,100085,166,99906,166,100099,166,99843,166,100131,100,99840,100,100157,100,99826,100,100162,100,99799,100,100167,100,99748,100,100189,100,99623,100,100260,100,98841,100
2019-06-28 09:44:26.730826239,100045,76,99911,66,100053,166,99909,166,100085,166,99906,166,100099,166,99843,166,100131,100,99840,100,100157,100,99826,100,100162,100,99799,100,100167,100,99748,100,100189,100,99623,100,100260,100,98841,100
2019-06-28 09:44:30.000000000,100045,276,99909,366,100053,100,99906,100,100085,100,99843,100,100099,100,99840,100,100131,100,99826,100,100157,100,99799,100,100162,100,99748,100,100167,100,99623,100,100189,100,98841,100,100260,100,98836,100
2019-06-28 09:44:40.000000000,100045,76,99909,166,100053,166,99906,166,100085,166,99843,166,100099,166,99840,166,100131,100,99826,100,100157,100,99799,100,100162,100,99748,100,100167,100,99623,100,100189,100,98841,100,100260,100,98836,100
2019-06-28 09:44:48.667551372,100045,76,99909,66,100053,166,99906,166,100085,166,99843,166,100099,166,99840,166,100131,100,99826,100,100157,100,99799,100,100162,100,99748,100,100167,100,98841,100,100189,100,98836,100,100260,100,98750,100
2019-06-28 09:44:50.000000000,100045,63,99906,153,100053,153,99843,153,100085,153,99840,153,100099,153,99826,153,100131,153,99799,153,100157,100,99748,100,100162,100,98841,100,100167,100,98836,100,100189,100,98750,100,100260,100,,
2019-06-28 09:45:00.000000000,100045,63,99906,153,100053,153,99843,153,100085,153,99840,153,100099,153,99826,153,100131,153,99799,153,100157,100,99748,100,100162,100,98841,100,100167,100,98836,100,100189,100,98750,100,100260,100,,
2019-06-28 09:45:05.243181370,100045,63,99906,53,100053,153,99843,153,100085,153,99840,153,100099,153,99826,153,100131,153,99799,153,100157,100,99748,100,100162,100,98841,100,100167,100,98836,100,100189,100,98750,100,100260,100,,
2019-06-28 09:45:10.000000000,100045,63,99843,153,100053,153,99840,153,100085,153,99826,153,100099,153,99799,153,100131,153,99748,153,100157,100,98841,100,100162,100,98836,100,100167,100,98750,100,100189,100,,,100260,100,,
2019-06-28 09:45:20.000000000,100045,143,99843,233,100053,233,99840,233,100085,100,99826,100,100099,100,99799,100,100131,100,99748,100,100157,100,98841,100,100162,100,98836,100,100167,100,98750,100,100189,100,,,100260,100,,
2019-06-28 09:45:30.000000000,100045,76,99843,166,100053,166,99840,166,100085,166,99826,166,100099,166,99799,166,100131,100,99748,100,100157,100,98841,100,100162,100,98836,100,100167,100,98750,100,100189,100,,,100260,100,,
2019-06-28 09:45:31.967094664,100045,76,99843,66,100053,166,99840,166,100085,166,99826,166,100099,166,99799,166,100131,100,99748,100,100157,100,98841,100,100162,100,98836,100,100167,100,98750,100,100189,100,,,100260,100,,
2019-06-28 09:45:40.000000000,100045,76,99840,166,100053,166,99826,166,100085,166,99799,166,100099,166,99748,166,100131,100,98841,100,100157,100,98836,100,100162,100,98750,100,100167,100,,,100189,100,,,100260,100,,
2019-06-28 09:45:50.000000000,100045,63,99840,153,100053,153,99826,153,100085,153,99799,153,100099,153,99748,153,100131,153,98841,153,100157,100,98836,100,100162,100,98750,100,100167,100,,,100189,100,,,100260,100,,
2019-06-28 09:46:00.000000000,100045,63,99840,153,100053,153,99826,153,100085,153,99799,153,100099,153,99748,153,100131,153,98841,153,100157,100,98836,100,100162,100,98750,100,100167,100,,,100189,100,,,100260,100,,
2019-06-28 09:46:10.000000000,100045,143,99840,233,100053,233,99826,233,100085,100,99799,100,100099,100,99748,100,100131,100,98841,100,100157,100,98836,100,100162,100,98750,100,100167,100,,,100189,100,,,100260,100,,
2019-06-28 09:46:15.517286654,99906,100,99840,233,100045,143,99826,233,100053,233,99799,100,100085,100,99748,100,100099,100,98841,100,100131,100,98836,100,100157,100,98750,100,100162,100,,,100167,100,,,100189,100,,
2019-06-28 09:46:20.000000000,99906,233,99840,233,100045,143,99826,233,100053,100,99799,100,100085,100,99748,100,100099,100,98841,100,100131,100,98836,100,100157,100,98750,100,100162,100,,,100167,100,,,100189,100,,
2019-06-28 09:46:30.000000000,99906,233,99840,233,100045,143,99826,233,100053,100,99799,100,100085,100,99748,100,100099,100,98841,100,100131,100,98836,100,100157,100,98750,100,100162,100,,,100167,100,,,100189,100,,
2019-06-28 09:46:32.732650820,99906,233,99840,133,100045,143,99826,233,100053,100,99799,100,100085,100,99748,100,100099,100,98841,100,100131,100,98836,100,100157,100,98750,100,100162,100,,,100167,100,,,100189,100,,
2019-06-28 09:46:33.269230898,99906,233,99840,33,100045,143,99826,233,100053,100,99799,100,100085,100,99748,100,100099,100,98841,100,100131,100,98836,100,100157,100,98750,100,100162,100,,,100167,100,,,100189,100,,
2019-06-28 09:46:40.000000000,99906,233,99826,233,100045,143,99799,233,100053,100,99748,100,100085,100,98841,100,100099,100,98836,100,100131,100,98750,100,100157,100,,,100162,100,,,100167,100,,,100189,100,,
2019-06-28 09:46:41.361178995,99906,233,99826,233,100045,143,99799,233,100053,100,99748,100,100085,100,98841,100,100099,100,98750,100,100131,100,98679,100,100157,100,,,100162,100,,,100167,100,,,100189,100,,
2019-06-28 09:46:47.233443295,99906,233,99826,233,100045,143,99799,233,100053,100,99748,100,100085,100,98841,100,100099,100,98750,100,100131,100,98679,100,100157,100,98602,100,100162,100,,,100167,100,,,100189,100,,
2019-06-28 09:46:50.000000000,99906,366,99826,366,100045,10,99799,100,100053,100,99748,100,100085,100,98841,100,100099,100,98750,100,100131,100,98679,100,100157,100,98602,100,100162,100,,,100167,100,,,100189,100,,
2019-06-28 09:46:53.737746695,99840,100,99826,366,99906,366,99799,100,100045,10,99748,100,100053,100,98841,100,100085,100,98750,100,100099,100,98679,100,100131,100,98602,100,100157,100,,,100162,100,,,100167,100,,
2019-06-28 09:46:54.029013945,99840,100,99826,266,99906,366,99799,100,100045,10,99748,100,100053,100,98841,100,100085,100,98750,100,100099,100,98679,100,100131,100,98602,100,100157,100,,,100162,100,,,100167,100,,
2019-06-28 09:46:55.504958263,99840,100,99826,266,99906,366,99799,100,100045,10,99748,100,100053,100,98841,100,100085,100,98750,100,100099,100,98679,100,100131,100,98678,100,100157,100,98602,100,100162,100,,,100167,100,,
2019-06-28 09:46:56.353439616,99840,100,99826,166,99906,366,99799,100,100045,10,99748,100,100053,100,98841,100,100085,100,98750,100,100099,100,98679,100,100131,100,98678,100,100157,100,98602,100,100162,100,,,100167,100,,
2019-06-28 09:47:00.000000000,99840,166,99799,166,99906,166,99748,166,100045,76,98841,166,100053,166,98750,166,100085,100,98679,100,100099,100,98678,100,100131,100,98602,100,100157,100,,,100162,100,,,100167,100,,
2019-06-28 09:47:10.000000000,99840,153,99799,153,99906,153,99748,153,100045,63,98841,153,100053,153,98750,153,100085,153,98679,153,100099,100,98678,100,100131,100,98602,100,100157,100,,,100162,100,,,100167,100,,
2019-06-28 09:47:11.163949332,99840,53,99799,153,99906,153,99748,153,100045,63,98841,153,100053,153,98750,153,100085,153,98679,153,100099,100,98678,100,100131,100,98602,100,100157,100,,,100162,100,,,100167,100,,
2019-06-28 09:47:11.462144324,99840,53,99799,153,99906,153,99748,153,100045,63,98841,153,100053,153,98750,153,100085,153,98679,153,100099,100,98678,100,100131,100,98602,100,100157,100,98421,100,100162,100,,,100167,100,,
2019-06-28 09:47:20.000000000,99906,233,99799,233,100045,143,99748,233,100053,100,98841,100,100085,100,98750,100,100099,100,98679,100,100131,100,98678,100,100157,100,98602,100,100162,100,98421,100,100167,100,,,100189,100,,
2019-06-28 09:47:24.611716510,99906,233,99799,133,100045,143,99748,233,100053,100,98841,100,100085,100,98750,100,100099,100,98679,100,100131,100,98678,100,100157,100,98602,100,100162,100,98421,100,100167,100,,,100189,100,,
2019-06-28 09:47:26.985542697,99906,233,99799,33,100045,143,99748,233,100053,100,98841,100,100085,100,98750,100,100099,100,98679,100,100131,100,98678,100,100157,100,98602,100,100162,100,98421,100,100167,100,,,100274,100,,
2019-06-28 09:47:30.000000000,99906,166,99748,166,100045,76,98841,166,100053,166,98750,166,100085,166,98679,166,100099,100,98678,100,100131,100,98602,100,100157,100,98421,100,100162,100,,,100167,100,,,100274,100,,
2019-06-28 09:47:40.000000000,99906,233,99748,233,100045,143,98841,233,100053,100,98750,100,100085,100,98679,100,100099,100,98678,100,100131,100,98602,100,100157,100,98421,100,100162,100,,,100167,100,,,100274,100,,
2019-06-28 09:47:50.000000000,99906,233,99748,233,100045,143,98841,233,100053,100,98750,100,100085,100,98679,100,100099,100,98678,100,100131,100,98602,100,100157,100,98421,100,100162,100,,,100167,100,,,100274,100,,
2019-06-28 09:48:00.000000000,99906,233,99748,233,100045,143,98841,233,100053,100,98750,100,100085,100,98679,100,100099,100,98678,100,100131,100,98602,100,100157,100,98421,100,100162,100,,,100167,100,,,100274,100,,
2019-06-28 09:48:10.000000000,99906,166,99748,166,100045,76,98841,166,100053,166,98750,166,100085,166,98679,166,100099,100,98678,100,100131,100,98602,100,100157,100,98421,100,100162,100,,,100167,100,,,100274,100,,
2019-06-28 09:48:18.778112660,99906,166,99748,166,100045,76,99382,100,100053,166,98841,166,100085,166,98750,166,100099,100,98679,166,100131,100,98678,100,100157,100,98602,100,100162,100,98421,100,100167,100,,,100274,100,,
2019-06-28 09:48:20.000000000,99906,153,99748,153,100045,63,99382,153,100053,153,98841,153,100085,153,98750,153,100099,153,98679,153,100131,100,98678,100,100157,100,98602,100,100162,100,98421,100,100167,100,,,100274,100,,
2019-06-28 09:48:21.481921887,99906,153,99748,53,100045,63,99382,153,100053,153,98841,153,100085,153,98750,153,100099,153,98679,53,100131,100,98678,100,100157,100,98602,100,100162,100,98421,100,100167,100,,,100274,100,,
2019-06-28 09:48:30.000000000,99906,166,99382,166,100045,76,98841,166,100053,166,98750,166,100085,166,98678,166,100099,100,98602,100,100131,100,98421,100,100157,100,,,100162,100,,,100167,100,,,100274,100,,
2019-06-28 09:48:39.748355961,99906,166,99382,166,100045,76,99069,100,100053,166,98841,166,100085,166,98750,166,100099,100,98678,166,100131,100,98602,100,100157,100,98421,100,100162,100,,,100167,100,,,100274,100,,
2019-06-28 09:48:40.000000000,99906,366,99382,366,100045,10,99069,100,100053,100,98841,100,100085,100,98750,100,100099,100,98678,100,100131,100,98602,100,100157,100,98421,100,100162,100,,,100167,100,,,100274,100,,
2019-06-28 09:48:50.000000000,99906,166,99382,166,100045,76,99069,166,100053,166,98841,166,100085,166,98750,166,100099,100,98678,100,100131,100,98602,100,100157,100,98421,100,100162,100,,,100167,100,,,100274,100,,
2019-06-28 09:48:56.368293118,99799,100,99382,166,99906,166,99069,166,100045,76,98841,166,100053,166,98750,166,100085,166,98678,100,100099,100,98602,100,100131,100,98421,100,100157,100,,,100162,100,,,100167,100,,
2019-06-28 09:49:00.000000000,99799,153,99382,153,99906,153,99069,153,100045,63,98841,153,100053,153,98750,153,100085,153,98678,153,100099,100,98602,100,100131,100,98421,100,100157,100,,,100162,100,,,100167,100,,
2019-06-28 09:49:03.027684527,99565,100,99382,153,99799,153,99069,153,99906,153,98841,153,100045,63,98750,153,100053,153,98678,53,100085,153,98602,100,100099,100,98421,100,100131,100,,,100157,100,,,100162,100,,
2019-06-28 09:49:10.000000000,99565,190,99382,190,99799,188,99069,188,99906,188,98841,188,100045,10,98750,100,100053,100,98602,100,100085,100,98421,100,100099,100,,,100131,100,,,100157,100,,,100162,100,,
2019-06-28 09:49:14.597147231,99565,190,99382,190,99799,188,99352,100,99906,188,99069,188,100045,10,98841,188,100053,100,98750,100,100085,100,98602,100,100099,100,98421,100,100131,100,,,100157,100,,,100162,100,,
2019-06-28 09:49:20.000000000,99565,233,99382,233,99799,233,99352,233,99906,100,99069,100,100045,10,98841,100,100053,100,98750,100,100085,100,98602,100,100099,100,98421,100,100131,100,,,100157,100,,,100162,100,,
2019-06-28 09:49:23.835078162,99565,233,99382,233,99616,100,99352,233,99799,233,99069,100,99906,100,98841,100,100045,10,98750,100,100053,100,98602,100,100085,100,98421,100,100099,100,,,100131,100,,,100157,100,,
2019-06-28 09:49:28.798477889,99565,233,99382,233,99616,100,99352,233,99799,233,99069,100,99906,100,98841,100,99917,100,98750,100,100053,100,98602,100,100085,100,98421,100,100099,100,,,100131,100,,,100157,100,,
2019-06-28 09:49:30.000000000,99565,166,99382,166,99616,166,99352,166,99799,166,99069,166,99906,166,98841,166,99917,100,98750,100,100053,100,98602,100,100085,100,98421,100,100099,100,,,100131,100,,,100157,100,,
2019-06-28 09:49:40.000000000,99565,153,99382,153,99616,153,99352,153,99799,153,99069,153,99906,153,98841,153,99917,153,98750,153,100053,100,98602,100,100085,100,98421,100,100099,100,,,100131,100,,,100157,100,,
2019-06-28 09:49:50.000000000,99565,153,99382,153,99616,153,99352,153,99799,153,99069,153,99906,153,98841,153,99917,153,98750,153,100053,100,98602,100,100085,100,98421,100,100099,100,,,100131,100,,,100157,100,,
2019-06-28 09:50:00.000000000,99565,166,99382,166,99616,166,99352,166,99799,166,99069,166,99906,166,98841,166,99917,100,98750,100,100053,100,98602,100,100085,100,98421,100,100099,100,,,100131,100,,,100157,100,,
2019-06-28 09:50:01.506261485,99565,166,99382,166,99616,166,99352,166,99799,166,99237,100,99906,166,99069,166,99917,100,98841,166,100053,100,98750,100,100085,100,98602,100,100099,100,98421,100,100131,100,,,100157,100,,
2019-06-28 09:50:10.000000000,99565,153,99382,153,99616,153,99352,153,99799,153,99237,153,99906,153,99069,153,99917,153,98841,153,100053,100,98750,100,100085,100,98602,100,100099,100,98421,100,100131,100,,,100157,100,,
2019-06-28 09:50:20.000000000,99565,153,99382,153,99616,153,99352,153,99799,153,99237,153,99906,153,99069,153,99917,153,98841,153,100053,100,98750,100,100085,100,98602,100,100099,100,98421,100,100131,100,,,100157,100,,
2019-06-28 09:50:30.000000000,99565,233,99382,233,99616,233,99352,233,99799,100,99237,100,99906,100,99069,100,99917,100,98841,100,100053,100,98750,100,100085,100,98602,100,100099,100,98421,100,100131,100,,,100157,100,,
2019-06-28 09:50:40.000000000,99565,233,99382,233,99616,233,99352,233,99799,100,99237,100,99906,100,99069,100,99917,100,98841,100,100053,100,98750,100,100085,100,98602,100,100099,100,98421,100,100131,100,,,100157,100,,
2019-06-28 09:50:44.460846673,99565,233,99382,133,99616,233,99352,233,99799,100,99237,100,99906,100,99069,100,99917,100,98841,100,100053,100,98750,100,100085,100,98602,100,100099,100,98421,100,100131,100,,,100157,100,,
2019-06-28 09:50:50.000000000,99565,166,99352,166,99616,166,99237,166,99799,166,99069,166,99906,166,98841,166,99917,100,98750,100,100053,100,98602,100,100085,100,98421,100,100099,100,,,100131,100,,,100157,100,,
2019-06-28 09:50:57.128768946,99565,166,99352,66,99616,166,99237,166,99799,166,99069,166,99906,166,98841,166,99917,100,98750,100,100053,100,98602,100,100085,100,98421,100,100099,100,,,100131,100,,,100157,100,,
2019-06-28 09:51:00.000000000,99565,366,99237,366,99616,100,99069,100,99799,100,98841,100,99906,100,98750,100,99917,100,98602,100,100053,100,98421,100,100085,100,,,100099,100,,,100131,100,,,100157,100,,
2019-06-28 09:51:10.000000000,99565,233,99237,233,99616,233,99069,233,99799,100,98841,100,99906,100,98750,100,99917,100,98602,100,100053,100,98421,100,100085,100,,,100099,100,,,100131,100,,,100157,100,,
2019-06-28 09:51:20.000000000,99565,233,99237,233,99616,233,99069,233,99799,100,98841,100,99906,100,98750,100,99917,100,98602,100,100053,100,98421,100,100085,100,,,100099,100,,,100131,100,,,100157,100,,
2019-06-28 09:51:21.728448480,99565,233,99237,233,99616,133,99069,233,99799,100,98841,100,99906,100,98750,100,99917,100,98602,100,100053,100,98568,100,100085,100,98421,100,100099,100,,,100131,100,,,100157,100,,
2019-06-28 09:51:29.295053922,99565,233,99237,233,99616,133,99069,233,99799,100,98841,100,99906,100,98750,100,99917,100,98602,100,100053,100,98568,100,100085,100,98492,100,100099,100,98421,100,100131,100,,,100157,100,,
2019-06-28 09:51:30.000000000,99565,153,99237,153,99799,153,99069,153,99906,153,98841,153,99917,153,98750,153,100053,153,98602,153,100085,100,98568,100,100099,100,98492,100,100131,100,98421,100,100157,100,,,100162,100,,
2019-06-28 09:51:40.000000000,99565,366,99237,366,99799,100,99069,100,99906,100,98841,100,99917,100,98750,100,100053,100,98602,100,100085,100,98568,100,100099,100,98492,100,100131,100,98421,100,100157,100,,,100162,100,,
2019-06-28 09:51:50.000000000,99565,190,99237,190,99799,188,99069,188,99906,188,98841,188,99917,100,98750,100,100053,100,98602,100,100085,100,98568,100,100099,100,98492,100,100131,100,98421,100,100157,100,,,100162,100,,
2019-06-28 09:52:00.000000000,99565,153,99237,153,99799,153,99069,153,99906,153,98841,153,99917,153,98750,153,100053,153,98602,153,100085,100,98568,100,100099,100,98492,100,100131,100,98421,100,100157,100,,,100162,100,,
2019-06-28 09:52:05.375115854,99565,153,99237,153,99799,153,99069,153,99906,153,98841,153,99917,153,98750,153,100053,153,98602,153,100085,100,98568,100,100099,100,98492,100,100131,100,98421,100,100157,100,98315,100,100162,100,,
2019-06-28 09:52:09.882282530,99565,153,99237,53,99799,153,99069,153,99906,153,98841,153,99917,153,98750,153,100053,153,98602,153,100085,100,98568,100,100099,100,98492,100,100131,100,98421,100,100157,100,98315,100,100162,100,,
2019-06-28 09:52:10.000000000,99565,366,99069,366,99799,100,98841,100,99906,100,98750,100,99917,100,98602,100,100053,100,98568,100,100085,100,98492,100,100099,100,98421,100,100131,100,98315,100,100157,100,,,100162,100,,
2019-06-28 09:52:15.283998929,99565,266,99069,366,99799,100,98841,100,99906,100,98750,100,99917,100,98602,100,100053,100,98568,100,100085,100,98522,100,100099,100,98492,100,100131,100,98421,100,100157,100,98315,100,100162,100,,
2019-06-28 09:52:20.000000000,99799,233,99069,233,99906,233,98841,233,99917,100,98750,100,100053,100,98602,100,100085,100,98568,100,100099,100,98522,100,100131,100,98492,100,100157,100,98421,100,100162,100,98315,100,100167,100,,
2019-06-28 09:52:30.000000000,99799,153,99069,153,99906,153,98841,153,99917,153,98750,153,100053,153,98602,153,100085,153,98568,153,100099,100,98522,100,100131,100,98492,100,100157,100,98421,100,100162,100,98315,100,100167,100,,
2019-06-28 09:52:40.000000000,99799,190,99069,190,99906,188,98841,188,99917,188,98750,188,100053,100,98602,100,100085,100,98568,100,100099,100,98522,100,100131,100,98492,100,100157,100,98421,100,100162,100,98315,100,100167,100,,
2019-06-28 09:52:50.000000000,99799,233,99069,233,99906,233,98841,233,99917,100,98750,100,100053,100,98602,100,100085,100,98568,100,100099,100,98522,100,100131,100,98492,100,100157,100,98421,100,100162,100,98315,100,100167,100,,
2019-06-28 09:53:00.000000000,99799,166,99069,166,99906,166,98841,166,99917,166,98750,166,100053,166,98602,166,100085,100,98568,100,100099,100,98522,100,100131,100,98492,100,100157,100,98421,100,100162,100,98315,100,100167,100,,
2019-06-28 09:53:10.000000000,99799,366,99069,366,99906,100,98841,100,99917,100,98750,100,100053,100,98602,100,100085,100,98568,100,100099,100,98522,100,100131,100,98492,100,100157,100,98421,100,100162,100,98315,100,100167,100,,
2019-06-28 09:53:20.000000000,99799,166,99069,166,99906,166,98841,166,99917,166,98750,166,100053,166,98602,166,100085,100,98568,100,100099,100,98522,100,100131,100,98492,100,100157,100,98421,100,100162,100,98315,100,100167,100,,
2019-06-28 09:53:25.609334530,99799,166,99069,166,99906,166,98841,166,99917,166,98750,166,100053,166,98621,100,100085,100,98602,166,100099,100,98568,100,100131,100,98522,100,100157,100,98492,100,100162,100,98421,100,100167,100,98315,100
2019-06-28 09:53:30.000000000,99799,366,99069,366,99906,100,98841,100,99917,100,98750,100,100053,100,98621,100,100085,100,98602,100,100099,100,98568,100,100131,100,98522,100,100157,100,98492,100,100162,100,98421,100,100167,100,98315,100
2019-06-28 09:53:40.000000000,99799,166,99069,166,99906,166,98841,166,99917,166,98750,166,100053,166,98621,166,100085,100,98602,100,100099,100,98568,100,100131,100,98522,100,100157,100,98492,100,100162,100,98421,100,100167,100,98315,100
2019-06-28 09:53:42.207045391,99352,100,99069,166,99799,166,98841,166,99906,166,98750,166,99917,166,98621,166,100053,166,98602,100,100085,100,98568,100,100099,100,98522,100,100131,100,98492,100,100157,100,98421,100,100162,100,98315,100
2019-06-28 09:53:44.767923650,99352,100,99069,66,99799,166,98841,166,99906,166,98750,166,99917,166,98621,166,100053,166,98602,100,100085,100,98568,100,100099,100,98522,100,100131,100,98492,100,100157,100,98421,100,100162,100,98315,100
2019-06-28 09:53:50.000000000,99352,153,98841,153,99799,153,98750,153,99906,153,98621,153,99917,153,98602,153,100053,153,98568,153,100085,100,98522,100,100099,100,98492,100,100131,100,98421,100,100157,100,98315,100,100162,100,,
2019-06-28 09:54:00.000000000,99352,233,98841,233,99799,233,98750,233,99906,100,98621,100,99917,100,98602,100,100053,100,98568,100,100085,100,98522,100,100099,100,98492,100,100131,100,98421,100,100157,100,98315,100,100162,100,,
2019-06-28 09:54:10.000000000,99352,366,98841,366,99799,100,98750,100,99906,100,98621,100,99917,100,98602,100,100053,100,98568,100,100085,100,98522,100,100099,100,98492,100,100131,100,98421,100,100157,100,98315,100,100162,100,,
2019-06-28 09:54:10.526866212,99352,366,98841,266,99799,100,98750,100,99906,100,98621,100,99917,100,98602,100,100053,100,98568,100,100085,100,98522,100,100099,100,98492,100,100131,100,98421,100,100157,100,98315,100,100162,100,,
2019-06-28 09:54:12.152882157,99352,366,98841,266,99799,100,98750,100,99906,100,98621,100,99917,100,98602,100,100053,100,98568,100,100085,100,98492,100,100099,100,98421,100,100131,100,98315,100,100157,100,97975,100,100162,100,,
2019-06-28 09:54:20.000000000,99352,190,98750,190,99799,188,98621,188,99906,188,98602,188,99917,100,98568,100,100053,100,98492,100,100085,100,98421,100,100099,100,98315,100,100131,100,97975,100,100157,100,,,100162,100,,
2019-06-28 09:54:27.530118063,99069,100,98750,190,99352,190,98621,188,99799,188,98602,188,99906,188,98568,100,99917,100,98492,100,100053,100,98421,100,100085,100,98315,100,100099,100,97975,100,100131,100,,,100157,100,,
2019-06-28 09:54:30.000000000,99069,233,98750,233,99352,233,98621,233,99799,100,98602,100,99906,100,98568,100,99917,100,98492,100,100053,100,98421,100,100085,100,98315,100,100099,100,97975,100,100131,100,,,100157,100,,
2019-06-28 09:54:40.000000000,99069,190,98750,190,99352,188,98621,188,99799,188,98602,188,99906,100,98568,100,99917,100,98492,100,100053,100,98421,100,100085,100,98315,100,100099,100,97975,100,100131,100,,,100157,100,,
2019-06-28 09:54:41.711071260,99069,290,98750,190,99352,188,98621,188,99799,188,98602,188,99906,100,98568,100,99917,100,98492,100,100053,100,98421,100,100085,100,98315,100,100099,100,97975,100,100131,100,,,100157,100,,
2019-06-28 09:54:50.000000000,99069,290,98750,190,99352,188,98621,188,99799,188,98602,188,99906,100,98568,100,99917,100,98492,100,100053,100,98421,100,100085,100,98315,100,100099,100,97975,100,100131,100,,,100157,100,,
2019-06-28 09:55:00.000000000,99069,333,98750,233,99352,233,98621,233,99799,100,98602,100,99906,100,98568,100,99917,100,98492,100,100053,100,98421,100,100085,100,98315,100,100099,100,97975,100,100131,100,,,100157,100,,
2019-06-28 09:55:03.130286924,99069,433,98750,233,99352,233,98621,233,99799,100,98602,100,99906,100,98568,100,99917,100,98492,100,100053,100,98421,100,100099,100,98315,100,100131,100,97975,100,100157,100,,,100162,100,,
2019-06-28 09:55:06.401064578,99069,433,98750,133,99352,233,98621,133,99799,100,98602,100,99906,100,98568,100,99917,100,98492,100,100053,100,98421,100,100099,100,98315,100,100131,100,97975,100,100157,100,,,100162,100,,
2019-06-28 09:55:10.000000000,99069,566,98602,366,99352,100,98568,100,99799,100,98492,100,99906,100,98421,100,99917,100,98315,100,100053,100,97975,100,100099,100,,,100131,100,,,100157,100,,,100162,100,,
2019-06-28 09:55:11.737210363,99069,566,98602,166,99352,100,98568,100,99799,100,98492,100,99906,100,98421,100,99917,100,98315,100,100053,100,97975,100,100099,100,,,100131,100,,,100157,100,,,100162,100,,
2019-06-28 09:55:15.009645008,99069,566,98602,166,99352,100,98568,100,99799,100,98492,100,99906,100,98421,100,99917,100,98315,100,100053,100,98194,100,100099,100,97975,100,100131,100,,,100157,100,,,100162,100,,
2019-06-28 09:55:20.000000000,99069,366,98568,166,99352,166,98492,166,99799,166,98421,166,99906,166,98315,166,99917,100,98194,100,100053,100,97975,100,100099,100,,,100131,100,,,100157,100,,,100162,100,,
2019-06-28 09:55:25.628505253,99069,366,98568,66,99352,166,98492,166,99799,166,98421,166,99906,166,98315,166,99917,100,98194,100,100053,100,97975,100,100099,100,,,100131,100,,,100157,100,,,100162,100,,
2019-06-28 09:55:30.000000000,99069,566,98492,366,99352,100,98421,100,99799,100,98315,100,99906,100,98194,100,99917,100,97975,100,100053,100,,,100099,100,,,100131,100,,,100157,100,,,100162,100,,
2019-06-28 09:55:40.000000000,99069,433,98492,233,99352,233,98421,233,99799,100,98315,100,99906,100,98194,100,99917,100,97975,100,100053,100,,,100099,100,,,100131,100,,,100157,100,,,100162,100,,
2019-06-28 09:55:50.000000000,99069,390,98492,190,99352,188,98421,188,99799,188,98315,188,99906,100,98194,100,99917,100,97975,100,100053,100,,,100099,100,,,100131,100,,,100157,100,,,100162,100,,
2019-06-28 09:56:00.000000000,99069,390,98492,190,99352,188,98421,188,99799,188,98315,188,99906,100,98194,100,99917,100,97975,100,100053,100,,,100099,100,,,100131,100,,,100157,100,,,100162,100,,
2019-06-28 09:56:04.352072121,99069,390,98492,90,99352,188,98421,188,99799,188,98315,188,99906,100,98194,100,99917,100,97975,100,100053,100,,,100099,100,,,100131,100,,,100157,100,,,100162,100,,
2019-06-28 09:56:10.000000000,99069,353,98421,153,99352,153,98315,153,99799,153,98194,153,99906,153,97975,153,99917,153,97974,53,100053,100,,,100099,100,,,100131,100,,,100157,100,,,100162,100,,
2019-06-28 09:56:20.000000000,99069,390,98421,190,99352,188,98315,188,99799,188,98194,188,99906,100,97975,100,99917,100,,,100053,100,,,100099,100,,,100131,100,,,100157,100,,,100162,100,,
2019-06-28 09:56:30.000000000,99069,433,98421,233,99352,233,98315,233,99799,100,98194,100,99906,100,97975,100,99917,100,,,100053,100,,,100099,100,,,100131,100,,,100157,100,,,100162,100,,
2019-06-28 09:56:39.448828004,99069,433,98498,100,99352,233,98421,233,99799,100,98315,233,99906,100,98194,100,99917,100,97975,100,100053,100,,,100099,100,,,100131,100,,,100157,100,,,100162,100,,
2019-06-28 09:56:40.000000000,99069,433,98498,233,99352,233,98421,233,99799,100,98315,100,99906,100,98194,100,99917,100,97975,100,100053,100,,,100099,100,,,100131,100,,,100157,100,,,100162,100,,
2019-06-28 09:56:50.000000000,99069,366,98498,166,99352,166,98421,166,99799,166,98315,166,99906,166,98194,166,99917,100,97975,100,100053,100,,,100099,100,,,100131,100,,,100157,100,,,100162,100,,
2019-06-28 09:56:59.603077373,99069,366,98618,100,99352,166,98498,166,99799,166,98421,166,99906,166,98315,166,99917,100,98194,166,100053,100,97975,100,100099,100,,,100131,100,,,100157,100,,,100162,100,,
2019-06-28 09:57:00.000000000,99069,353,98618,153,99352,153,98498,153,99799,153,98421,153,99906,153,98315,153,99917,153,98194,153,100053,100,97975,100,100099,100,,,100131,100,,,100157,100,,,100162,100,,
2019-06-28 09:57:10.000000000,99069,566,98618,366,99352,100,98498,100,99799,100,98421,100,99906,100,98315,100,99917,100,98194,100,100053,100,97975,100,100099,100,,,100131,100,,,100157,100,,,100162,100,,
2019-06-28 09:57:11.295847443,99069,466,98618,366,99352,100,98498,100,99799,100,98421,100,99906,100,98315,100,99917,100,98194,100,100053,100,97975,100,100099,100,,,100131,100,,,100157,100,,,100162,100,,
2019-06-28 09:57:18.604741483,99069,466,98641,100,99352,100,98618,366,99799,100,98498,100,99906,100,98421,100,99917,100,98315,100,100053,100,98194,100,100099,100,97975,100,100131,100,,,100157,100,,,100162,100,,
2019-06-28 09:57:20.000000000,99069,290,98641,190,99352,188,98618,188,99799,188,98498,188,99906,100,98421,100,99917,100,98315,100,100053,100,98194,100,100099,100,97975,100,100131,100,,,100157,100,,,100162,100,,
2019-06-28 09:57:30.000000000,99069,333,98641,233,99352,233,98618,233,99799,100,98498,100,99906,100,98421,100,99917,100,98315,100,100053,100,98194,100,100099,100,97975,100,100131,100,,,100157,100,,,100162,100,,
2019-06-28 09:57:35.526389043,99069,333,98641,233,99352,233,98618,233,99799,100,98498,100,99906,100,98493,100,99917,100,98421,100,100099,100,98315,100,100131,100,98194,100,100157,100,97975,100,100162,100,,,100167,100,,
2019-06-28 09:57:40.000000000,99069,253,98641,153,99352,153,98618,153,99799,153,98498,153,99906,153,98493,153,99917,153,98421,153,100099,100,98315,100,100131,100,98194,100,100157,100,97975,100,100162,100,,,100167,100,,
2019-06-28 09:57:40.336378505,99039,100,98641,153,99069,253,98618,153,99352,153,98498,153,99799,153,98493,153,99906,153,98421,153,99917,153,98315,100,100131,100,98194,100,100157,100,97975,100,100162,100,,,100167,100,,
2019-06-28 09:57:50.000000000,99039,233,98641,233,99069,333,98618,233,99352,100,98498,100,99799,100,98493,100,99906,100,98421,100,99917,100,98315,100,100131,100,98194,100,100157,100,97975,100,100162,100,,,100167,100,,
2019-06-28 09:57:50.012802553,99039,233,98796,100,99069,333,98641,233,99352,100,98618,133,99799,100,98498,100,99906,100,98493,100,99917,100,98421,100,100131,100,98315,100,100157,100,98194,100,100162,100,97975,100,100167,100,,
2019-06-28 09:57:51.455954535,98904,100,98796,100,99039,233,98641,233,99069,333,98618,133,99352,100,98498,100,99799,100,98493,100,99906,100,98421,100,99917,100,98315,100,100131,100,98194,100,100157,100,97975,100,100162,100,,
2019-06-28 09:58:00.000000000,98904,166,98796,166,99039,166,98641,166,99069,266,98498,166,99352,166,98493,166,99799,100,98421,100,99906,100,98315,100,99917,100,98194,100,100131,100,97975,100,100157,100,,,100162,100,,
2019-06-28 09:58:10.000000000,98904,153,98796,153,99039,153,98641,153,99069,253,98498,153,99352,153,98493,153,99799,153,98421,153,99906,100,98315,100,99917,100,98194,100,100131,100,97975,100,100157,100,,,100162,100,,
2019-06-28 09:58:14.074204578,98904,153,98891,100,99039,153,98796,153,99069,253,98641,153,99352,153,98498,153,99799,153,98493,153,99906,100,98421,153,99917,100,98315,100,100131,100,98194,100,100157,100,97975,100,100162,100,,
2019-06-28 09:58:20.000000000,98904,166,98891,166,99039,166,98796,166,99069,266,98641,166,99352,166,98498,166,99799,100,98493,100,99906,100,98421,100,99917,100,98315,100,100131,100,98194,100,100157,100,97975,100,100162,100,,
2019-06-28 09:58:30.000000000,98904,366,98891,366,99039,100,98796,100,99069,200,98641,100,99352,100,98498,100,99799,100,98493,100,99906,100,98421,100,99917,100,98315,100,100131,100,98194,100,100157,100,97975,100,100162,100,,
2019-06-28 09:58:35.458114357,98904,266,98891,366,99039,100,98796,100,99069,200,98641,100,99352,100,98498,100,99799,100,98493,100,99906,100,98421,100,99917,100,98315,100,100131,100,98194,100,100157,100,97975,100,100162,100,,
2019-06-28 09:58:40.000000000,99039,153,98891,153,99069,253,98796,153,99352,153,98641,153,99799,153,98498,153,99906,153,98493,153,99917,100,98421,100,100131,100,98315,100,100157,100,98194,100,100162,100,97975,100,100167,100,,
2019-06-28 09:58:42.754323378,99039,153,98891,153,99069,253,98796,153,99352,153,98641,153,99799,53,98498,153,99906,153,98493,153,99917,100,98421,100,100131,100,98315,100,100157,100,98194,100,100162,100,97975,100,100167,100,,
2019-06-28 09:58:50.000000000,99039,153,98891,153,99069,253,98796,153,99352,153,98641,153,99906,153,98498,153,99917,153,98493,153,100131,100,98421,100,100157,100,98315,100,100162,100,98194,100,100167,100,97975,100,,,,
2019-06-28 09:58:58.390354307,99039,153,98891,153,99069,253,98796,153,99352,153,98641,153,99906,153,98498,153,99917,153,98493,53,100131,100,98421,100,100157,100,98315,100,100162,100,98194,100,100167,100,97975,100,,,,
2019-06-28 09:59:00.000000000,99039,166,98891,166,99069,266,98796,166,99352,166,98641,166,99906,166,98498,166,99917,100,98421,100,100131,100,98315,100,100157,100,98194,100,100162,100,97975,100,100167,100,,,,,,
2019-06-28 09:59:04.107683498,99039,166,98891,166,99069,266,98796,166,99352,166,98642,100,99906,166,98641,166,99917,100,98498,166,100131,100,98421,100,100157,100,98315,100,100162,100,98194,100,100167,100,97975,100,,,,
2019-06-28 09:59:04.778178262,99039,166,98891,66,99069,266,98796,166,99352,166,98642,100,99906,166,98641,166,99917,100,98498,166,100131,100,98421,100,100157,100,98315,100,100162,100,98194,100,100167,100,97975,100,,,,
2019-06-28 09:59:09.253773814,98891,34,98796,166,99039,166,98642,100,99069,266,98641,166,99352,166,98498,166,99906,166,98421,100,99917,100,98315,100,100131,100,98194,100,100157,100,97975,100,100162,100,,,100167,100,,
2019-06-28 09:59:10.000000000,98891,100,98796,166,99039,166,98642,166,99069,266,98641,166,99352,166,98498,166,99906,100,98421,100,99917,100,98315,100,100131,100,98194,100,100157,100,97975,100,100162,100,,,100167,100,,
2019-06-28 09:59:18.951013014,98891,100,98796,166,99039,166,98642,166,99069,266,98641,166,99123,100,98498,166,99352,166,98421,100,99906,100,98315,100,99917,100,98194,100,100131,100,97975,100,100157,100,,,100162,100,,
2019-06-28 09:59:20.000000000,98891,300,98796,366,99039,100,98642,100,99069,200,98641,100,99123,100,98498,100,99352,100,98421,100,99906,100,98315,100,99917,100,98194,100,100131,100,97975,100,100157,100,,,100162,100,,
2019-06-28 09:59:30.000000000,98891,300,98796,366,99039,100,98642,100,99069,200,98641,100,99123,100,98498,100,99352,100,98421,100,99906,100,98315,100,99917,100,98194,100,100131,100,97975,100,100157,100,,,100162,100,,
2019-06-28 09:59:39.598472207,98891,300,98815,100,99039,100,98796,366,99069,200,98642,100,99123,100,98641,100,99352,100,98498,100,99906,100,98421,100,100131,100,98315,100,100157,100,98194,100,100162,100,97975,100,100167,100,,
2019-06-28 09:59:39.865050741,98891,200,98815,100,99039,100,98796,366,99069,200,98642,100,99123,100,98641,100,99352,100,98498,100,99906,100,98421,100,100131,100,98315,100,100157,100,98194,100,100162,100,97975,100,100167,100,,
2019-06-28 09:59:40.000000000,99039,366,98815,366,99069,200,98796,100,99123,100,98642,100,99352,100,98641,100,99906,100,98498,100,100131,100,98421,100,100157,100,98315,100,100162,100,98194,100,100167,100,97975,100,,,,
2019-06-28 09:59:50.000000000,99039,153,98815,153,99069,253,98796,153,99123,153,98642,153,99352,153,98641,153,99906,153,98498,153,100131,100,98421,100,100157,100,98315,100,100162,100,98194,100,100167,100,97975,100,,,,
2019-06-28 10:00:00.000000000,99039,233,98815,233,99069,333,98796,233,99123,100,98642,100,99352,100,98641,100,99906,100,98498,100,100131,100,98421,100,100157,100,98315,100,100162,100,98194,100,100167,100,97975,100,,,,
2019-06-28 10:00:10.000000000,99039,190,98815,190,99069,288,98796,188,99123,188,98642,188,99352,100,98641,100,99906,100,98498,100,100131,100,98421,100,100157,100,98315,100,100162,100,98194,100,100167,100,97975,100,,,,
2019-06-28 10:00:10.963317097,99039,90,98815,190,99069,288,98796,188,99123,188,98642,188,99352,100,98641,100,99906,100,98498,100,100131,100,98421,100,100157,100,98315,100,100162,100,98194,100,100167,100,97975,100,,,,
2019-06-28 10:00:20.000000000,99069,253,98815,153,99123,153,98796,153,99352,153,98642,153,99906,153,98641,153,100131,153,98498,153,100157,100,98421,100,100162,100,98315,100,100167,100,98194,100,,,97975,100,,,,
2019-06-28 10:00:30.000000000,99069,266,98815,166,99123,166,98796,166,99352,166,98642,166,99906,166,98641,166,100131,100,98498,100,100157,100,98421,100,100162,100,98315,100,100167,100,98194,100,,,97975,100,,,,
2019-06-28 10:00:40.000000000,99069,333,98815,233,99123,233,98796,233,99352,100,98642,100,99906,100,98641,100,100131,100,98498,100,100157,100,98421,100,100162,100,98315,100,100167,100,98194,100,,,97975,100,,,,
2019-06-28 10:00:50.000000000,99069,266,98815,166,99123,166,98796,166,99352,166,98642,166,99906,166,98641,166,100131,100,98498,100,100157,100,98421,100,100162,100,98315,100,100167,100,98194,100,,,97975,100,,,,
2019-06-28 10:00:53.519883753,99069,166,98815,166,99123,166,98796,166,99352,166,98642,166,99906,166,98641,166,100131,100,98498,100,100157,100,98421,100,100162,100,98315,100,100167,100,98194,100,,,,,,,,
2019-06-28 10:01:00.000000000,99069,190,98815,190,99123,188,98796,188,99352,188,98642,188,99906,100,98641,100,100131,100,98498,100,100157,100,98421,100,100162,100,98315,100,100167,100,98194,100,,,,,,,,
2019-06-28 10:01:10.000000000,99069,233,98815,233,99123,233,98796,233,99352,100,98642,100,99906,100,98641,100,100131,100,98498,100,100157,100,98421,100,100162,100,98315,100,100167,100,98194,100,,,,,,,,
2019-06-28 10:01:13.895185767,99069,233,98815,233,99123,233,98796,233,99352,100,98642,100,99800,100,98641,100,99906,100,98498,100,100131,100,98421,100,100157,100,98315,100,100162,100,98194,100,100167,100,,,,,,
2019-06-28 10:01:20.000000000,99069,166,98815,166,99123,166,98796,166,99352,166,98642,166,99800,166,98641,166,99906,100,98498,100,100131,100,98421,100,100157,100,98315,100,100162,100,98194,100,100167,100,,,,,,
2019-06-28 10:01:30.000000000,99069,153,98815,153,99123,153,98796,153,99352,153,98642,153,99800,153,98641,153,99906,153,98498,153,100131,100,98421,100,100157,100,98315,100,100162,100,98194,100,100167,100,,,,,,
2019-06-28 10:01:40.000000000,99069,153,98815,153,99123,153,98796,153,99352,153,98642,153,99800,153,98641,153,99906,153,98498,153,100131,100,98421,100,100157,100,98315,100,100162,100,98194,100,100167,100,,,,,,
2019-06-28 10:01:44.241811273,99069,153,98815,153,99123,153,98796,153,99352,153,98642,153,99537,100,98641,153,99800,153,98498,153,99906,153,98421,100,100131,100,98315,100,100157,100,98194,100,100162,100,,,100167,100,,
2019-06-28 10:01:50.000000000,99069,153,98815,153,99123,153,98796,153,99352,153,98642,153,99537,153,98641,153,99800,153,98498,153,99906,100,98421,100,100131,100,98315,100,100157,100,98194,100,100162,100,,,100167,100,,
2019-06-28 10:01:53.561093190,99069,53,98815,153,99123,153,98796,153,99352,153,98642,153,99537,153,98641,153,99800,153,98498,53,99906,100,98421,100,100131,100,98315,100,100157,100,98194,100,100162,100,,,100167,100,,
2019-06-28 10:02:00.000000000,99123,366,98815,366,99352,100,98796,100,99537,100,98642,100,99800,100,98641,100,99906,100,98421,100,100131,100,98315,100,100157,100,98194,100,100162,100,,,100167,100,,,,,,
2019-06-28 10:02:06.285657077,99123,366,98815,366,99352,100,98796,100,99537,100,98642,100,99600,100,98641,100,99800,100,98421,100,99906,100,98315,100,100131,100,98194,100,100162,100,,,100167,100,,,,,,
2019-06-28 10:02:10.000000000,99123,366,98815,366,99352,100,98796,100,99537,100,98642,100,99600,100,98641,100,99800,100,98421,100,99906,100,98315,100,100131,100,98194,100,100162,100,,,100167,100,,,,,,
2019-06-28 10:02:20.000000000,99123,166,98815,166,99352,166,98796,166,99537,166,98642,166,99600,166,98641,166,99800,100,98421,100,99906,100,98315,100,100131,100,98194,100,100162,100,,,100167,100,,,,,,
2019-06-28 10:02:30.000000000,99123,233,98815,233,99352,233,98796,233,99537,100,98642,100,99600,100,98641,100,99800,100,98421,100,99906,100,98315,100,100131,100,98194,100,100162,100,,,100167,100,,,,,,
2019-06-28 10:02:34.691460506,99123,233,98815,233,99352,233,98796,233,99537,100,98642,100,99600,100,98641,100,99640,100,98421,100,99800,100,98315,100,99906,100,98194,100,100131,100,,,100162,100,,,100167,100,,
2019-06-28 10:02:39.638520523,99123,133,98815,233,99352,233,98796,233,99537,100,98642,100,99600,100,98641,100,99640,100,98421,100,99800,100,98315,100,99906,100,98194,100,100131,100,,,100162,100,,,100167,100,,
2019-06-28 10:02:40.000000000,99352,366,98815,366,99537,100,98796,100,99600,100,98642,100,99640,100,98641,100,99800,100,98421,100,99906,100,98315,100,100131,100,98194,100,100162,100,,,100167,100,,,,,,
2019-06-28 10:02:50.000000000,99352,190,98815,190,99537,188,98796,188,99600,188,98642,188,99640,100,98641,100,99800,100,98421,100,99906,100,98315,100,100131,100,98194,100,100162,100,,,100167,100,,,,,,
2019-06-28 10:02:59.960375289,99352,90,98815,190,99537,188,98796,188,99600,188,98642,188,99640,100,98641,100,99800,100,98421,100,99906,100,98315,100,100131,100,98194,100,100162,100,,,100167,100,,,,,,
2019-06-28 10:03:00.000000000,99537,366,98815,366,99600,100,98796,100,99640,100,98642,100,99800,100,98641,100,99906,100,98421,100,100131,100,98315,100,100162,100,98194,100,100167,100,,,,,,,,,,
2019-06-28 10:03:06.994310822,99537,366,99436,100,99600,100,98815,366,99640,100,98796,100,99800,100,98642,100,99906,100,98641,100,100131,100,98421,100,100162,100,98315,100,100167,100,98194,100,,,,,,,,
2019-06-28 10:03:10.000000000,99537,190,99436,190,99600,188,98815,188,99640,188,98796,188,99800,100,98642,100,99906,100,98641,100,100131,100,98421,100,100162,100,98315,100,100167,100,98194,100,,,,,,,,
2019-06-28 10:03:20.000000000,99537,190,99436,190,99600,188,98815,188,99640,188,98796,188,99800,100,98642,100,99906,100,98641,100,100131,100,98421,100,100162,100,98315,100,100167,100,98194,100,,,,,,,,
2019-06-28 10:03:30.000000000,99537,153,99436,153,99600,153,98815,153,99640,153,98796,153,99800,153,98642,153,99906,153,98641,153,100131,100,98421,100,100162,100,98315,100,100167,100,98194,100,,,,,,,,
2019-06-28 10:03:40.000000000,99537,190,99436,190,99600,188,98815,188,99640,188,98796,188,99800,100,98642,100,99906,100,98641,100,100131,100,98421,100,100162,100,98315,100,100167,100,98194,100,,,,,,,,
2019-06-28 10:03:42.607838945,99537,190,99436,190,99600,188,99407,100,99640,188,98815,188,99800,100,98796,188,99906,100,98642,100,100131,100,98641,100,100162,100,98421,100,100167,100,98315,100,,,98194,100,,,,
2019-06-28 10:03:44.127950633,99537,190,99436,190,99600,188,99407,100,99640,188,99123,100,99800,100,98815,188,99906,100,98796,188,100131,100,98642,100,100162,100,98641,100,100167,100,98421,100,,,98315,100,,,98194,100
2019-06-28 10:03:50.000000000,99537,166,99436,166,99600,166,99407,166,99640,166,99123,166,99800,166,98815,166,99906,100,98796,100,100131,100,98642,100,100162,100,98641,100,100167,100,98421,100,,,98315,100,,,98194,100
2019-06-28 10:04:00.000000000,99537,153,99436,153,99600,153,99407,153,99640,153,99123,153,99800,153,98815,153,99906,153,98796,153,100131,100,98642,100,100162,100,98641,100,100167,100,98421,100,,,98315,100,,,98194,100
2019-06-28 10:04:08.085969787,99537,153,99436,153,99600,153,99407,153,99640,153,99123,253,99800,153,98815,153,99906,153,98796,153,100131,100,98642,100,100162,100,98641,100,100167,100,98421,100,,,98315,100,,,98194,100
2019-06-28 10:04:10.000000000,99537,166,99436,166,99600,166,99407,166,99640,166,99123,266,99800,166,98815,166,99906,100,98796,100,100131,100,98642,100,100162,100,98641,100,100167,100,98421,100,,,98315,100,,,98194,100
2019-06-28 10:04:18.893949640,99537,166,99436,166,99600,166,99407,166,99640,166,99402,100,99800,166,99123,266,99906,100,98815,166,100131,100,98796,100,100162,100,98642,100,100167,100,98641,100,,,98421,100,,,98315,100
2019-06-28 10:04:20.000000000,99537,166,99436,166,99600,166,99407,166,99640,166,99402,166,99800,166,99123,266,99906,100,98815,100,100131,100,98796,100,100162,100,98642,100,100167,100,98641,100,,,98421,100,,,98315,100
2019-06-28 10:04:24.261210970,99518,100,99436,166,99537,166,99407,166,99600,166,99402,166,99640,166,99123,266,99800,166,98815,100,99906,100,98796,100,100131,100,98642,100,100162,100,98641,100,100167,100,98421,100,,,98315,100
2019-06-28 10:04:25.969196018,99518,100,99436,166,99537,166,99407,166,99600,166,99402,166,99640,166,99357,100,99800,166,99123,266,99906,100,98815,100,100131,100,98796,100,100162,100,98642,100,100167,100,98641,100,,,98421,100
2019-06-28 10:04:30.000000000,99518,190,99436,190,99537,188,99407,188,99600,188,99402,188,99640,100,99357,100,99800,100,99123,200,99906,100,98815,100,100131,100,98796,100,100162,100,98642,100,100167,100,98641,100,,,98421,100
2019-06-28 10:04:38.235333572,99518,190,99436,90,99537,188,99407,188,99600,188,99402,188,99640,100,99357,100,99800,100,99123,200,99906,100,98815,100,100131,100,98796,100,100162,100,98642,100,100167,100,98641,100,,,98421,100
2019-06-28 10:04:40.000000000,99518,153,99407,153,99537,153,99402,153,99600,153,99357,153,99640,153,99123,253,99800,153,98815,153,99906,100,98796,100,100131,100,98642,100,100162,100,98641,100,100167,100,98421,100,,,98315,100
2019-06-28 10:04:43.636675919,99518,153,99407,153,99537,153,99402,153,99600,153,99357,153,99640,153,99224,100,99800,153,99123,253,99906,100,98815,153,100131,100,98796,100,100162,100,98642,100,100167,100,98641,100,,,98421,100
2019-06-28 10:04:47.489036378,99518,53,99407,53,99537,153,99402,153,99600,153,99357,153,99640,153,99224,100,99800,153,99123,253,99906,100,98815,153,100131,100,98796,100,100162,100,98642,100,100167,100,98641,100,,,98421,100
2019-06-28 10:04:50.000000000,99537,190,99402,190,99600,188,99357,188,99640,188,99224,188,99800,100,99123,200,99906,100,98815,100,100131,100,98796,100,100162,100,98642,100,100167,100,98641,100,,,98421,100,,,98315,100
2019-06-28 10:04:56.905592552,99537,90,99402,190,99600,188,99357,188,99640,188,99224,188,99800,100,99123,200,99906,100,98815,100,100131,100,98796,100,100162,100,98642,100,100167,100,98641,100,,,98421,100,,,98315,100
2019-06-28 10:04:58.552919530,99600,188,99537,10,99640,188,99402,190,99800,100,99357,188,99906,100,99224,188,100131,100,99123,200,100167,100,98815,100,,,98796,100,,,98642,100,,,98641,100,,,98421,100
2019-06-28 10:05:00.000000000,99600,233,99537,143,99640,233,99402,233,99800,100,99357,100,99906,100,99224,100,100131,100,99123,200,100167,100,98815,100,,,98796,100,,,98642,100,,,98641,100,,,98421,100
2019-06-28 10:05:08.248681326,99600,233,99537,143,99640,233,99402,233,99800,100,99357,100,99906,100,99353,100,100131,100,99224,100,100167,100,99123,200,,,98815,100,,,98796,100,,,98642,100,,,98641,100
2019-06-28 10:05:10.000000000,99600,166,99537,76,99640,166,99402,166,99800,166,99357,166,99906,166,99353,166,100131,100,99224,100,100167,100,99123,200,,,98815,100,,,98796,100,,,98642,100,,,98641,100
2019-06-28 10:05:16.502009200,99600,166,99537,76,99640,166,99495,100,99800,166,99402,166,99906,166,99357,166,100131,100,99353,166,100167,100,99224,100,,,99123,200,,,98815,100,,,98796,100,,,98642,100
2019-06-28 10:05:18.750685974,99600,166,99537,76,99640,166,99495,100,99800,166,99448,100,99906,166,99402,166,100131,100,99357,166,100167,100,99353,166,,,99224,100,,,99123,200,,,98815,100,,,98796,100
2019-06-28 10:05:19.374689659,99600,166,99537,66,99640,166,99495,100,99671,100,99448,100,99800,166,99402,166,99906,166,99357,166,100131,100,99353,166,100167,100,99224,100,,,99123,200,,,98815,100,,,98796,100
2019-06-28 10:05:20.000000000,99600,233,99495,233,99640,233,99448,233,99671,100,99402,100,99800,100,99357,100,99906,100,99353,100,100131,100,99224,100,100167,100,99123,200,,,98815,100,,,98796,100,,,98642,100
2019-06-28 10:05:30.000000000,99600,366,99495,366,99640,100,99448,100,99671,100,99402,100,99800,100,99357,100,99906,100,99353,100,100131,100,99224,100,100167,100,99123,200,,,98815,100,,,98796,100,,,98642,100
2019-06-28 10:05:40.000000000,99600,166,99495,166,99640,166,99448,166,99671,166,99402,166,99800,166,99357,166,99906,100,99353,100,100131,100,99224,100,100167,100,99123,200,,,98815,100,,,98796,100,,,98642,100
2019-06-28 10:05:50.000000000,99600,190,99495,190,99640,188,99448,188,99671,188,99402,188,99800,100,99357,100,99906,100,99353,100,100131,100,99224,100,100167,100,99123,200,,,98815,100,,,98796,100,,,98642,100
2019-06-28 10:06:00.000000000,99600,366,99495,366,99640,100,99448,100,99671,100,99402,100,99800,100,99357,100,99906,100,99353,100,100131,100,99224,100,100167,100,99123,200,,,98815,100,,,98796,100,,,98642,100
2019-06-28 10:06:01.435208706,99600,366,99495,266,99640,100,99448,100,99671,100,99402,100,99800,100,99357,100,99906,100,99353,100,100131,100,99224,100,100167,100,99123,200,,,98815,100,,,98796,100,,,98642,100
2019-06-28 10:06:10.000000000,99600,190,99448,190,99640,188,99402,188,99671,188,99357,188,99800,100,99353,100,99906,100,99224,100,100131,100,99123,200,100167,100,98815,100,,,98796,100,,,98642,100,,,98641,100
2019-06-28 10:06:19.118626220,99600,190,99448,90,99640,188,99402,188,99671,188,99357,188,99800,100,99353,100,99906,100,99224,100,100131,100,99123,200,100167,100,98815,100,,,98796,100,,,98642,100,,,98641,100
2019-06-28 10:06:20.000000000,99600,190,99402,190,99640,188,99357,188,99671,188,99353,188,99800,100,99224,100,99906,100,99123,200,100131,100,98815,100,100167,100,98796,100,,,98642,100,,,98641,100,,,98421,100
2019-06-28 10:06:30.000000000,99600,190,99402,190,99640,188,99357,188,99671,188,99353,188,99800,100,99224,100,99906,100,99123,200,100131,100,98815,100,100167,100,98796,100,,,98642,100,,,98641,100,,,98421,100
2019-06-28 10:06:40.000000000,99600,153,99402,153,99640,153,99357,153,99671,153,99353,153,99800,153,99224,153,99906,153,99123,253,100131,100,98815,100,100167,100,98796,100,,,98642,100,,,98641,100,,,98421,100
2019-06-28 10:06:46.142224730,99600,153,99402,153,99640,153,99357,153,99671,153,99353,153,99800,153,99263,100,99906,153,99224,153,100131,100,99123,253,100167,100,98815,100,,,98796,100,,,98642,100,,,98641,100
2019-06-28 10:06:50.000000000,99600,190,99402,190,99640,188,99357,188,99671,188,99353,188,99800,100,99263,100,99906,100,99224,100,100131,100,99123,200,100167,100,98815,100,,,98796,100,,,98642,100,,,98641,100
2019-06-28 10:06:51.101053416,99600,190,99402,190,99640,188,99357,188,99671,188,99353,188,99800,100,99310,100,99906,100,99263,100,100131,100,99224,100,100167,100,99123,200,,,98815,100,,,98796,100,,,98642,100
2019-06-28 10:07:00.000000000,99600,233,99402,233,99640,233,99357,233,99671,100,99353,100,99800,100,99310,100,99906,100,99263,100,100131,100,99224,100,100167,100,99123,200,,,98815,100,,,98796,100,,,98642,100
2019-06-28 10:07:04.368558952,99600,233,99538,100,99640,233,99402,233,99671,100,99357,233,99800,100,99353,100,99906,100,99310,100,100167,100,99263,100,,,99224,100,,,99123,200,,,98815,100,,,98796,100
2019-06-28 10:07:10.000000000,99600,190,99538,190,99640,188,99402,188,99671,188,99357,188,99800,100,99353,100,99906,100,99310,100,100167,100,99263,100,,,99224,100,,,99123,200,,,98815,100,,,98796,100
2019-06-28 10:07:20.000000000,99600,366,99538,366,99640,100,99402,100,99671,100,99357,100,99800,100,99353,100,99906,100,99310,100,100167,100,99263,100,,,99224,100,,,99123,200,,,98815,100,,,98796,100
2019-06-28 10:07:30.000000000,99600,153,99538,153,99640,153,99402,153,99671,153,99357,153,99800,153,99353,153,99906,153,99310,153,100167,100,99263,100,,,99224,100,,,99123,200,,,98815,100,,,98796,100
2019-06-28 10:07:40.000000000,99600,166,99538,166,99640,166,99402,166,99671,166,99357,166,99800,166,99353,166,99906,100,99310,100,100167,100,99263,100,,,99224,100,,,99123,200,,,98815,100,,,98796,100
2019-06-28 10:07:44.489788380,99600,166,99538,166,99640,166,99402,166,99671,166,99357,166,99800,166,99353,166,99906,100,99310,100,100147,100,99263,100,100167,100,99224,100,,,99123,200,,,98815,100,,,98796,100
2019-06-28 10:07:48.094707368,99600,166,99538,166,99640,166,99402,166,99671,166,99357,166,99800,166,99353,166,99906,100,99310,100,100147,100,99263,100,100167,100,99224,100,,,99123,200,,,98815,100,,,98796,100
2019-06-28 10:07:50.000000000,99600,366,99538,366,99640,100,99402,100,99671,100,99357,100,99800,100,99353,100,99906,100,99310,100,100147,100,99263,100,100167,100,99224,100,,,99123,200,,,98815,100,,,98796,100
2019-06-28 10:08:00.000000000,99600,166,99538,166,99640,166,99402,166,99671,166,99357,166,99800,166,99353,166,99906,100,99310,100,100147,100,99263,100,100167,100,99224,100,,,99123,200,,,98815,100,,,98796,100
2019-06-28 10:08:10.000000000,99600,166,99538,166,99640,166,99402,166,99671,166,99357,166,99800,166,99353,166,99906,100,99310,100,100147,100,99263,100,100167,100,99224,100,,,99123,200,,,98815,100,,,98796,100
2019-06-28 10:08:20.000000000,99600,190,99538,190,99640,188,99402,188,99671,188,99357,188,99800,100,99353,100,99906,100,99310,100,100147,100,99263,100,100167,100,99224,100,,,99123,200,,,98815,100,,,98796,100
2019-06-28 10:08:30.000000000,99600,366,99538,366,99640,100,99402,100,99671,100,99357,100,99800,100,99353,100,99906,100,99310,100,100147,100,99263,100,100167,100,99224,100,,,99123,200,,,98815,100,,,98796,100
2019-06-28 10:08:40.000000000,99600,233,99538,233,99640,233,99402,233,99671,100,99357,100,99800,100,99353,100,99906,100,99310,100,100147,100,99263,100,100167,100,99224,100,,,99123,200,,,98815,100,,,98796,100
2019-06-28 10:08:43.211291155,99600,233,99538,333,99640,233,99402,233,99671,100,99357,100,99800,100,99353,100,99906,100,99310,100,100147,100,99263,100,100167,100,99224,100,,,99123,200,,,98815,100,,,98796,100
2019-06-28 10:08:50.000000000,99600,166,99538,266,99640,166,99402,166,99671,166,99357,166,99800,166,99353,166,99906,100,99310,100,100147,100,99263,100,100167,100,99224,100,,,99123,200,,,98815,100,,,98796,100
2019-06-28 10:09:00.000000000,99600,166,99538,266,99640,166,99402,166,99671,166,99357,166,99800,166,99353,166,99906,100,99310,100,100147,100,99263,100,100167,100,99224,100,,,99123,200,,,98815,100,,,98796,100
2019-06-28 10:09:10.000000000,99600,153,99538,253,99640,153,99402,153,99671,153,99357,153,99800,153,99353,153,99906,153,99310,153,100147,100,99263,100,100167,100,99224,100,,,99123,200,,,98815,100,,,98796,100
2019-06-28 10:09:20.000000000,99600,153,99538,253,99640,153,99402,153,99671,153,99357,153,99800,153,99353,153,99906,153,99310,153,100147,100,99263,100,100167,100,99224,100,,,99123,200,,,98815,100,,,98796,100
2019-06-28 10:09:29.672382327,99600,53,99538,253,99640,153,99402,153,99671,153,99357,153,99800,153,99353,153,99906,153,99310,153,100147,100,99263,100,100167,100,99224,100,,,99123,200,,,98815,100,,,98796,100
2019-06-28 10:09:30.000000000,99640,153,99538,253,99671,153,99402,153,99800,153,99357,153,99906,153,99353,153,100147,153,99310,153,100167,100,99263,100,,,99224,100,,,99123,200,,,98815,100,,,98796,100
2019-06-28 10:09:40.000000000,99640,166,99538,266,99671,166,99402,166,99800,166,99357,166,99906,166,99353,166,100147,100,99310,100,100167,100,99263,100,,,99224,100,,,99123,200,,,98815,100,,,98796,100
2019-06-28 10:09:50.000000000,99640,190,99538,290,99671,188,99402,188,99800,188,99357,188,99906,100,99353,100,100147,100,99310,100,100167,100,99263,100,,,99224,100,,,99123,200,,,98815,100,,,98796,100
2019-06-28 10:09:56.514350822,99640,90,99538,290,99671,188,99402,188,99800,188,99357,188,99906,100,99353,100,100147,100,99310,100,100167,100,99263,100,,,99224,100,,,99123,200,,,98815,100,,,98796,100
2019-06-28 10:10:00.000000000,99671,233,99538,333,99800,233,99402,233,99906,100,99357,100,100147,100,99353,100,100167,100,99310,100,,,99263,100,,,99224,100,,,99123,200,,,98815,100,,,98796,100
2019-06-28 10:10:10.000000000,99671,366,99538,466,99800,100,99402,100,99906,100,99357,100,100147,100,99353,100,100167,100,99310,100,,,99263,100,,,99224,100,,,99123,200,,,98815,100,,,98796,100
2019-06-28 10:10:11.261003298,99671,366,99538,366,99800,100,99402,100,99906,100,99357,100,100147,100,99353,100,100167,100,99310,100,,,99263,100,,,99224,100,,,99123,200,,,98815,100,,,98796,100
2019-06-28 10:10:20.000000000,99671,366,99538,366,99800,100,99402,100,99906,100,99357,100,100147,100,99353,100,100167,100,99310,100,,,99263,100,,,99224,100,,,99123,200,,,98815,100,,,98796,100
2019-06-28 10:10:27.519331951,99671,366,99538,366,99767,100,99402,100,99800,100,99357,100,99906,100,99353,100,100147,100,99310,100,100167,100,99263,100,,,99224,100,,,99123,200,,,98815,100,,,98796,100
2019-06-28 10:10:30.000000000,99671,366,99538,366,99767,100,99402,100,99800,100,99357,100,99906,100,99353,100,100147,100,99310,100,100167,100,99263,100,,,99224,100,,,99123,200,,,98815,100,,,98796,100
2019-06-28 10:10:40.000000000,99671,166,99538,166,99767,166,99402,166,99800,166,99357,166,99906,166,99353,166,100147,100,99310,100,100167,100,99263,100,,,99224,100,,,99123,200,,,98815,100,,,98796,100
2019-06-28 10:10:50.000000000,99671,153,99538,153,99767,153,99402,153,99800,153,99357,153,99906,153,99353,153,100147,153,99310,153,100167,100,99263,100,,,99224,100,,,99123,200,,,98815,100,,,98796,100
2019-06-28 10:10:56.331506580,99604,100,99538,153,99671,153,99402,153,99767,153,99357,153,99800,153,99353,153,99906,153,99310,153,100147,153,99263,100,100167,100,99224,100,,,99123,200,,,98815,100,,,98796,100
