,ask_price_1,ask_size_1,bid_price_1,bid_size_1,ask_price_2,ask_size_2,bid_price_2,bid_size_2,ask_price_3,ask_size_3,bid_price_3,bid_size_3,ask_price_4,ask_size_4,bid_price_4,bid_size_4,ask_price_5,ask_size_5,bid_price_5,bid_size_5,ask_price_6,ask_size_6,bid_price_6,bid_size_6,ask_price_7,ask_size_7,bid_price_7,bid_size_7,ask_price_8,ask_size_8,bid_price_8,bid_size_8,ask_price_9,ask_size_9,bid_price_9,bid_size_9,ask_price_10,ask_size_10,bid_price_10,bid_size_10
2019-06-28 09:30:00.000000000,100071,100,99941,100,,,,,,,,,,,,,,,,,,,,,,,,,,,,,,,,,,,,
2019-06-28 09:30:00.000000001,100002,100,99941,100,100071,100,,,,,,,,,,,,,,,,,,,,,,,,,,,,,,,,,,
2019-06-28 09:30:00.000000002,100002,100,99954,100,100046,100,99941,100,100071,100,,,,,,,,,,,,,,,,,,,,,,,,,,,,,,
2019-06-28 09:30:00.000000003,100002,100,99954,100,100025,100,99941,100,100046,100,,,100071,100,,,,,,,,,,,,,,,,,,,,,,,,,,
2019-06-28 09:30:00.000000004,100002,100,99970,100,100011,100,99954,100,100025,100,99941,100,100046,100,,,100071,100,,,,,,,,,,,,,,,,,,,,,,
2019-06-28 09:30:00.000000006,100002,100,99970,100,100011,100,99954,100,100025,100,99941,100,100046,100,,,100048,200,,,100071,100,,,,,,,,,,,,,,,,,,
2019-06-28 09:30:00.000000007,100011,100,99970,100,100025,100,99954,100,100046,100,99941,100,100048,200,,,100071,100,,,,,,,,,,,,,,,,,,,,,,
2019-06-28 09:30:00.000000008,100011,100,99970,100,100025,100,99954,100,100046,100,99941,100,100048,200,99936,100,100071,100,,,,,,,,,,,,,,,,,,,,,,
2019-06-28 09:30:00.000000009,100011,100,99970,100,100025,100,99954,100,100046,100,99941,100,100048,200,99936,100,100057,100,,,100071,100,,,,,,,,,,,,,,,,,,
2019-06-28 09:30:00.000000012,100011,100,99992,100,100025,100,99970,100,100046,100,99954,100,100048,200,99941,100,100057,100,99936,100,100071,100,99892,100,,,,,,,,,,,,,,,,
2019-06-28 09:30:00.000000013,100011,100,99992,100,100025,100,99970,100,100030,100,99954,100,100046,100,99941,100,100048,200,99936,100,100055,100,99892,100,100057,100,,,100071,100,,,,,,,,,,
2019-06-28 09:30:00.000000014,100011,100,99992,100,100025,100,99970,100,100030,100,99965,100,100033,100,99954,100,100046,100,99941,100,100048,200,99936,100,100055,100,99892,100,100057,100,99868,100,100071,100,,,,,,
2019-06-28 09:30:00.000000017,100011,100,99992,100,100015,100,99970,100,100025,100,99965,100,100030,100,99954,100,100033,100,99941,100,100046,100,99936,100,100048,200,99892,100,100055,100,99868,100,100057,100,,,100071,100,,
2019-06-28 09:30:00.000000018,100011,100,99992,100,100015,100,99970,100,100025,100,99965,100,100030,100,99954,100,100033,100,99941,100,100046,100,99936,100,100048,200,99892,100,100055,100,99868,100,100057,100,99860,100,100071,100,,
2019-06-28 09:30:00.000000020,100011,100,99992,100,100015,100,99970,100,100025,100,99965,100,100030,100,99954,100,100033,100,99941,100,100046,100,99936,100,100048,200,99892,100,100055,100,99868,100,100057,100,99860,100,100071,100,,
2019-06-28 09:30:00.000000022,100011,100,99992,100,100015,100,99970,100,100025,100,99965,100,100030,100,99954,100,100033,100,99941,100,100046,100,99936,100,100048,200,99892,100,100055,100,99868,100,100057,100,99860,100,100071,100,99831,100
2019-06-28 09:30:00.000000024,100011,100,99992,100,100015,100,99970,100,100025,100,99965,100,100030,100,99954,100,100033,100,99941,100,100046,100,99936,100,100048,200,99920,100,100055,100,99892,100,100057,100,99868,100,100071,100,99860,100
2019-06-28 09:30:00.000000025,99996,100,99992,100,100011,100,99970,100,100015,100,99965,100,100025,200,99954,100,100030,100,99941,100,100033,100,99936,100,100046,100,99920,100,100048,200,99892,100,100055,100,99868,100,100057,100,99860,100
2019-06-28 09:30:00.000000026,99996,100,99992,100,100011,100,99970,100,100015,100,99965,100,100025,200,99954,100,100030,100,99941,100,100033,100,99936,100,100046,100,99920,100,100048,200,99892,100,100055,100,99888,100,100057,100,99868,100
2019-06-28 09:30:00.000000031,99996,100,99992,100,100011,100,99970,100,100015,100,99965,100,100025,200,99954,100,100030,100,99941,100,100033,100,99936,100,100046,100,99920,100,100048,200,99892,100,100055,100,99888,100,100057,100,99870,100
2019-06-28 09:30:00.000000037,99996,100,99992,100,100011,200,99970,100,100015,100,99965,100,100025,200,99954,100,100030,100,99941,100,100033,100,99936,100,100046,100,99920,100,100048,200,99892,100,100055,100,99888,100,100057,100,99870,100
2019-06-28 09:30:00.000000038,99996,100,99992,100,100011,200,99970,100,100015,100,99965,100,100025,200,99954,100,100030,100,99941,100,100033,100,99936,100,100046,100,99920,100,100048,200,99892,100,100055,100,99888,100,100057,100,99870,100
2019-06-28 09:30:00.000000041,99996,100,99992,100,99999,100,99970,100,100011,200,99965,100,100015,100,99954,100,100025,200,99941,100,100030,100,99936,100,100033,100,99920,100,100046,100,99892,100,100048,200,99888,100,100055,100,99870,100
2019-06-28 09:30:00.000000043,99996,100,99992,100,99999,100,99970,100,100011,200,99965,100,100015,100,99954,100,100025,200,99941,100,100030,100,99936,100,100033,100,99920,100,100046,100,99898,100,100048,200,99892,100,100055,100,99888,100
2019-06-28 09:30:00.000000046,99996,100,99992,100,99999,100,99970,100,100011,200,99965,100,100015,100,99954,100,100025,200,99941,100,100026,100,99936,100,100030,100,99920,100,100033,100,99898,100,100046,100,99892,100,100048,200,99888,100
2019-06-28 09:30:00.000000047,99996,100,99992,100,99999,100,99970,100,100011,200,99965,100,100015,100,99954,100,100025,200,99941,100,100026,100,99936,200,100030,100,99920,100,100033,100,99898,100,100046,100,99892,100,100048,200,99888,100
2019-06-28 09:30:00.000000049,99996,100,99970,100,99999,100,99965,100,100011,200,99954,100,100015,100,99941,100,100025,200,99936,200,100026,100,99920,100,100030,100,99898,100,100033,100,99892,100,100046,100,99888,100,100048,200,99870,100
2019-06-28 09:30:00.000000053,99996,100,99970,100,99999,100,99965,100,100011,200,99954,100,100015,100,99953,100,100025,200,99941,100,100026,100,99936,200,100030,100,99920,100,100033,100,99898,100,100046,100,99892,100,100048,200,99888,100
2019-06-28 09:30:00.000000055,99995,100,99970,100,99996,100,99965,100,99999,100,99954,100,100011,200,99953,100,100015,100,99941,100,100025,200,99936,200,100026,100,99920,100,100030,100,99898,100,100033,100,99892,100,100046,100,99888,100
2019-06-28 09:30:00.000000056,99995,100,99991,100,99996,100,99970,100,99999,100,99965,100,100011,200,99954,100,100015,100,99953,100,100025,200,99941,100,100026,100,99936,200,100030,100,99920,100,100033,100,99898,100,100046,100,99892,100
2019-06-28 09:30:00.000000057,99995,100,99992,100,99996,100,99991,100,99999,100,99970,100,100011,200,99965,100,100015,100,99954,100,100025,200,99953,100,100026,100,99941,100,100030,100,99936,200,100033,100,99920,100,100046,100,99898,100
2019-06-28 09:30:00.000000059,99996,100,99992,100,99999,100,99991,100,100011,200,99970,100,100015,100,99965,100,100025,200,99954,100,100026,100,99953,100,100030,100,99941,100,100033,100,99936,200,100046,100,99920,100,100048,200,99898,100
2019-06-28 09:30:00.000000060,99996,100,99992,100,99999,100,99991,100,100011,200,99970,100,100015,100,99965,100,100025,200,99954,100,100026,100,99953,100,100030,100,99941,100,100033,100,99936,200,100046,100,99920,100,100048,200,99898,100
2019-06-28 09:30:00.000000061,99995,100,99992,100,99996,100,99991,100,99999,100,99970,100,100011,200,99965,100,100015,100,99954,100,100025,200,99953,100,100026,100,99941,100,100030,100,99936,200,100031,100,99920,100,100033,100,99898,100
2019-06-28 09:30:00.000000062,99995,100,99992,100,99996,100,99991,100,99999,100,99970,100,100011,200,99965,100,100015,100,99954,100,100025,200,99953,100,100026,100,99941,100,100030,100,99936,200,100031,100,99920,100,100033,100,99898,100
2019-06-28 09:30:00.000000064,99995,100,99992,100,99996,100,99991,100,99999,100,99970,100,100011,200,99965,100,100015,100,99954,100,100025,200,99953,100,100026,100,99941,100,100030,100,99936,200,100031,100,99920,100,100033,100,99898,100
2019-06-28 09:30:00.000000066,99995,100,99992,100,99996,100,99991,100,99999,100,99970,100,100011,200,99965,100,100015,100,99954,100,100025,200,99953,100,100026,100,99941,100,100030,100,99936,200,100031,100,99920,100,100033,100,99898,100
2019-06-28 09:30:00.000000071,99995,100,99992,100,99996,100,99991,100,99999,100,99970,100,100011,200,99965,100,100015,100,99954,100,100025,200,99953,100,100026,100,99941,100,100028,100,99936,200,100030,100,99920,100,100031,100,99898,100
2019-06-28 09:30:00.000000072,99995,100,99992,100,99996,100,99991,100,99999,100,99970,100,100011,200,99965,100,100015,100,99954,100,100025,200,99953,100,100026,100,99942,100,100028,100,99941,100,100030,100,99936,200,100031,100,99920,100
2019-06-28 09:30:00.000000074,99995,100,99992,100,99996,100,99991,100,99999,100,99981,100,100011,200,99970,100,100015,100,99965,100,100025,200,99954,100,100026,100,99953,100,100028,100,99942,100,100030,100,99941,100,100031,100,99936,200
2019-06-28 09:30:00.000000075,99995,100,99992,100,99996,100,99991,100,99999,100,99981,100,100011,200,99970,100,100013,100,99965,100,100015,100,99954,100,100025,200,99953,100,100026,100,99942,100,100028,100,99941,100,100030,100,99936,200
2019-06-28 09:30:00.000000078,99995,200,99992,100,99996,100,99991,100,99999,100,99981,100,100011,200,99970,100,100013,100,99965,100,100015,100,99954,100,100025,200,99953,100,100026,100,99942,100,100028,100,99941,100,100030,100,99936,200
2019-06-28 09:30:00.000000079,99995,200,99992,100,99996,100,99991,100,99999,100,99981,100,100011,200,99970,100,100013,100,99965,100,100015,100,99954,100,100025,200,99953,100,100026,100,99942,100,100028,100,99941,100,100030,100,99936,200
2019-06-28 09:30:00.000000081,99995,100,99992,100,99996,100,99991,100,99999,100,99981,100,100011,200,99970,100,100013,100,99965,100,100015,100,99954,100,100025,200,99953,100,100026,100,99942,100,100028,100,99941,100,100030,100,99936,200
2019-06-28 09:30:00.000000084,99995,100,99992,100,99996,100,99991,100,99999,100,99981,100,100011,200,99970,100,100013,100,99965,100,100015,100,99954,100,100025,200,99953,100,100026,100,99942,100,100028,100,99941,100,100030,100,99936,200
2019-06-28 09:30:00.000000085,99995,100,99992,100,99996,100,99991,100,99999,100,99981,100,100011,200,99970,100,100013,100,99965,100,100015,100,99954,100,100025,200,99953,100,100026,100,99942,100,100028,100,99941,100,100030,100,99936,200
2019-06-28 09:30:00.000000086,99995,100,99992,100,99996,100,99991,100,99999,100,99981,100,100011,200,99970,100,100013,100,99965,100,100015,100,99954,100,100025,200,99953,100,100026,100,99942,100,100028,100,99941,100,100030,100,99936,200
2019-06-28 09:30:00.000000087,99996,100,99995,100,99999,100,99992,100,100011,200,99991,100,100013,100,99981,100,100015,100,99970,100,100025,200,99965,100,100026,100,99954,100,100028,100,99953,100,100030,100,99942,100,100031,100,99941,100
2019-06-28 09:30:00.000000091,99999,100,99995,100,100011,300,99992,100,100013,100,99991,100,100015,100,99981,100,100025,200,99970,100,100026,100,99965,100,100028,100,99954,100,100030,100,99953,100,100031,100,99942,100,100033,100,99941,100
2019-06-28 09:30:00.000000092,99999,100,99995,100,100011,300,99992,100,100013,100,99991,100,100015,100,99981,100,100025,200,99970,100,100026,100,99965,100,100028,100,99954,100,100030,100,99953,100,100031,100,99942,100,100033,100,99941,100
2019-06-28 09:30:00.000000097,99999,100,99995,100,100011,300,99992,100,100013,100,99991,100,100015,100,99981,100,100025,200,99970,100,100026,100,99965,100,100028,100,99954,100,100030,200,99953,100,100031,100,99942,100,100033,100,99941,100
2019-06-28 09:30:00.164330065,99999,100,99995,100,100011,300,99992,100,100012,100,99991,100,100013,100,99981,100,100015,100,99970,100,100025,200,99965,100,100026,100,99954,100,100028,100,99953,100,100030,200,99942,100,100031,100,99941,100
2019-06-28 09:30:05.250852425,99999,100,99995,100,100011,300,99992,100,100012,100,99991,100,100015,100,99981,100,100025,200,99970,100,100026,100,99965,100,100028,100,99954,100,100030,200,99953,100,100031,100,99942,100,100033,100,99941,100
2019-06-28 09:30:10.000000000,99999,195,99995,195,100011,395,99992,195,100012,195,99991,195,100015,195,99981,195,100025,295,99970,195,100026,100,99965,100,100028,100,99954,100,100030,200,99953,100,100031,100,99942,100,100033,100,99941,100
2019-06-28 09:30:20.000000000,99999,575,99995,575,100011,300,99992,100,100012,100,99991,100,100015,100,99981,100,100025,200,99970,100,100026,100,99965,100,100028,100,99954,100,100030,200,99953,100,100031,100,99942,100,100033,100,99941,100
2019-06-28 09:30:27.057525962,99999,575,99995,575,100011,300,99992,100,100012,100,99991,100,100015,100,99981,100,100025,200,99970,100,100026,100,99965,100,100028,100,99954,100,100030,100,99953,100,100031,100,99942,100,100033,100,99941,100
2019-06-28 09:30:30.000000000,99999,338,99995,338,100011,538,99992,338,100012,100,99991,100,100015,100,99981,100,100025,200,99970,100,100026,100,99965,100,100028,100,99954,100,100030,100,99953,100,100031,100,99942,100,100033,100,99941,100
2019-06-28 09:30:40.000000000,99999,575,99995,575,100011,300,99992,100,100012,100,99991,100,100015,100,99981,100,100025,200,99970,100,100026,100,99965,100,100028,100,99954,100,100030,100,99953,100,100031,100,99942,100,100033,100,99941,100
2019-06-28 09:30:50.000000000,99999,195,99995,195,100011,395,99992,195,100012,195,99991,195,100015,195,99981,195,100025,295,99970,195,100026,100,99965,100,100028,100,99954,100,100030,100,99953,100,100031,100,99942,100,100033,100,99941,100
2019-06-28 09:31:00.000000000,99999,195,99995,195,100011,395,99992,195,100012,195,99991,195,100015,195,99981,195,100025,295,99970,195,100026,100,99965,100,100028,100,99954,100,100030,100,99953,100,100031,100,99942,100,100033,100,99941,100
2019-06-28 09:31:10.000000000,99999,195,99995,195,100011,395,99992,195,100012,195,99991,195,100015,195,99981,195,100025,295,99970,195,100026,100,99965,100,100028,100,99954,100,100030,100,99953,100,100031,100,99942,100,100033,100,99941,100
2019-06-28 09:31:14.875257619,99999,195,99995,195,100011,395,99992,195,100012,195,99991,195,100015,195,99981,195,100025,295,99970,195,100026,100,99965,100,100028,100,99954,100,100030,100,99953,100,100031,100,99942,100,100033,100,99941,100
2019-06-28 09:31:20.000000000,99999,195,99995,195,100011,395,99992,195,100012,195,99991,195,100015,195,99981,195,100025,295,99970,195,100026,100,99965,100,100028,100,99954,100,100030,100,99953,100,100031,100,99942,100,100033,100,99941,100
2019-06-28 09:31:27.121346250,99999,95,99995,195,100011,395,99992,195,100012,195,99991,195,100015,195,99981,195,100025,295,99970,195,100026,100,99965,100,100028,100,99954,100,100030,100,99953,100,100031,100,99942,100,100033,100,99941,100
2019-06-28 09:31:30.000000000,100011,775,99995,575,100012,100,99992,100,100015,100,99991,100,100025,200,99981,100,100026,100,99970,100,100028,100,99965,100,100030,100,99954,100,100031,100,99953,100,100033,100,99942,100,100046,100,99941,100
2019-06-28 09:31:40.000000000,100011,419,99995,219,100012,219,99992,219,100015,219,99991,219,100025,319,99981,219,100026,100,99970,100,100028,100,99965,100,100030,100,99954,100,100031,100,99953,100,100033,100,99942,100,100046,100,99941,100
2019-06-28 09:31:50.000000000,100011,775,99995,575,100012,100,99992,100,100015,100,99991,100,100025,200,99981,100,100026,100,99970,100,100028,100,99965,100,100030,100,99954,100,100031,100,99953,100,100033,100,99942,100,100046,100,99941,100
2019-06-28 09:32:00.000000000,100011,775,99995,575,100012,100,99992,100,100015,100,99991,100,100025,200,99981,100,100026,100,99970,100,100028,100,99965,100,100030,100,99954,100,100031,100,99953,100,100033,100,99942,100,100046,100,99941,100
2019-06-28 09:32:03.255505465,100011,675,99995,575,100012,100,99992,100,100015,100,99991,100,100025,200,99981,100,100026,100,99970,100,100028,100,99965,100,100030,100,99954,100,100031,100,99953,100,100033,100,99942,100,100046,100,99941,100
2019-06-28 09:32:10.000000000,100011,675,99995,575,100012,100,99992,100,100015,100,99991,100,100025,200,99981,100,100026,100,99970,100,100028,100,99965,100,100030,100,99954,100,100031,100,99953,100,100033,100,99942,100,100046,100,99941,100
2019-06-28 09:32:20.000000000,100011,675,99995,575,100012,100,99992,100,100015,100,99991,100,100025,200,99981,100,100026,100,99970,100,100028,100,99965,100,100030,100,99954,100,100031,100,99953,100,100033,100,99942,100,100046,100,99941,100
2019-06-28 09:32:21.087781469,100011,575,99995,575,100012,100,99992,100,100015,100,99991,100,100025,200,99981,100,100026,100,99970,100,100028,100,99965,100,100030,100,99954,100,100031,100,99953,100,100033,100,99942,100,100048,200,99941,100
2019-06-28 09:32:30.000000000,100011,195,99995,195,100012,195,99992,195,100015,195,99991,195,100025,295,99981,195,100026,195,99970,195,100028,100,99965,100,100030,100,99954,100,100031,100,99953,100,100033,100,99942,100,100048,200,99941,100
2019-06-28 09:32:38.181284150,100011,195,99995,195,100012,195,99992,195,100015,195,99991,195,100025,295,99981,195,100026,195,99970,195,100028,100,99965,100,100030,100,99954,100,100031,100,99953,100,100033,100,99942,100,100048,200,99936,200
2019-06-28 09:32:40.000000000,100011,338,99995,338,100012,338,99992,338,100015,100,99991,100,100025,200,99981,100,100026,100,99970,100,100028,100,99965,100,100030,100,99954,100,100031,100,99953,100,100033,100,99942,100,100048,200,99936,200
2019-06-28 09:32:42.520843964,100011,238,99995,338,100012,338,99992,338,100015,100,99991,100,100025,200,99981,100,100026,100,99970,100,100028,100,99965,100,100030,100,99954,100,100031,100,99953,100,100033,100,99942,100,100048,200,99936,100
2019-06-28 09:32:50.000000000,100012,195,99995,195,100015,195,99992,195,100025,295,99991,195,100026,195,99981,195,100028,195,99970,195,100030,100,99965,100,100031,100,99954,100,100033,100,99953,100,100048,200,99942,100,100055,100,99936,100
2019-06-28 09:33:00.000000000,100012,219,99995,219,100015,219,99992,219,100025,319,99991,219,100026,219,99981,219,100028,100,99970,100,100030,100,99965,100,100031,100,99954,100,100033,100,99953,100,100048,200,99942,100,100055,100,99936,100
2019-06-28 09:33:09.055496598,100012,219,99995,219,100015,219,99992,219,100025,219,99991,219,100026,219,99981,219,100028,100,99970,100,100030,100,99965,100,100031,100,99954,100,100033,100,99953,100,100048,200,99942,100,100055,100,99936,100
2019-06-28 09:33:10.000000000,100012,575,99995,575,100015,100,99992,100,100025,100,99991,100,100026,100,99981,100,100028,100,99970,100,100030,100,99965,100,100031,100,99954,100,100033,100,99953,100,100048,200,99942,100,100055,100,99936,100
2019-06-28 09:33:20.000000000,100012,338,99995,338,100015,338,99992,338,100025,100,99991,100,100026,100,99981,100,100028,100,99970,100,100030,100,99965,100,100031,100,99954,100,100033,100,99953,100,100048,200,99942,100,100055,100,99936,100
2019-06-28 09:33:30.000000000,100012,219,99995,219,100015,219,99992,219,100025,219,99991,219,100026,219,99981,219,100028,100,99970,100,100030,100,99965,100,100031,100,99954,100,100033,100,99953,100,100048,200,99942,100,100055,100,99936,100
2019-06-28 09:33:39.197252937,100012,219,99995,219,100015,219,99992,219,100025,219,99991,219,100026,219,99981,219,100028,100,99970,100,100030,100,99965,100,100031,100,99954,100,100033,100,99953,100,100048,200,99942,100,100055,100,99936,100
2019-06-28 09:33:40.000000000,100012,195,99995,195,100015,195,99992,195,100025,195,99991,195,100026,195,99981,195,100028,195,99970,195,100030,100,99965,100,100031,100,99954,100,100033,100,99953,100,100048,200,99942,100,100055,100,99936,100
2019-06-28 09:33:46.522451437,100012,195,99995,195,100015,195,99992,195,100025,195,99991,195,100026,195,99981,195,100028,195,99970,195,100030,100,99965,100,100031,100,99954,100,100033,100,99953,100,100048,200,99942,100,100055,100,99936,100
2019-06-28 09:33:50.000000000,100012,338,99995,338,100015,338,99992,338,100025,100,99991,100,100026,100,99981,100,100028,100,99970,100,100030,100,99965,100,100031,100,99954,100,100033,100,99953,100,100048,200,99942,100,100055,100,99936,100
2019-06-28 09:34:00.000000000,100012,219,99995,219,100015,219,99992,219,100025,219,99991,219,100026,219,99981,219,100028,100,99970,100,100030,100,99965,100,100031,100,99954,100,100033,100,99953,100,100048,200,99942,100,100055,100,99936,100
2019-06-28 09:34:10.000000000,100012,262,99995,262,100015,257,99992,257,100025,257,99991,257,100026,100,99981,100,100028,100,99970,100,100030,100,99965,100,100031,100,99954,100,100033,100,99953,100,100048,200,99942,100,100055,100,99936,100
2019-06-28 09:34:13.831144395,100012,262,99995,262,100015,257,99992,257,100025,257,99991,257,100026,100,99970,100,100028,100,99965,100,100030,100,99954,100,100031,100,99953,100,100033,100,99942,100,100048,200,99936,100,100055,100,99920,100
2019-06-28 09:34:20.000000000,100012,575,99995,575,100015,100,99992,100,100025,100,99991,100,100026,100,99970,100,100028,100,99965,100,100030,100,99954,100,100031,100,99953,100,100033,100,99942,100,100048,200,99936,100,100055,100,99920,100
2019-06-28 09:34:30.000000000,100012,219,99995,219,100015,219,99992,219,100025,219,99991,219,100026,219,99970,219,100028,100,99965,100,100030,100,99954,100,100031,100,99953,100,100033,100,99942,100,100048,200,99936,100,100055,100,99920,100
2019-06-28 09:34:30.621570587,100012,219,100011,100,100015,219,99995,219,100025,219,99992,219,100026,219,99991,219,100028,100,99970,219,100030,100,99965,100,100031,100,99954,100,100033,100,99953,100,100048,200,99942,100,100055,100,99936,100
2019-06-28 09:34:40.000000000,100012,575,100011,575,100015,100,99995,100,100025,100,99992,100,100026,100,99991,100,100028,100,99970,100,100030,100,99965,100,100031,100,99954,100,100033,100,99953,100,100048,200,99942,100,100055,100,99936,100
2019-06-28 09:34:50.000000000,100012,195,100011,195,100015,195,99995,195,100025,195,99992,195,100026,195,99991,195,100028,195,99970,195,100030,100,99965,100,100031,100,99954,100,100033,100,99953,100,100048,200,99942,100,100055,100,99936,100
2019-06-28 09:34:51.079306100,100012,195,100011,295,100015,195,99995,195,100025,195,99992,195,100026,195,99991,195,100028,195,99970,195,100030,100,99965,100,100031,100,99954,100,100033,100,99953,100,100048,200,99942,100,100055,100,99936,100
2019-06-28 09:34:52.800486592,100012,95,100011,295,100015,195,99995,195,100025,195,99992,195,100026,195,99991,195,100028,195,99970,195,100030,100,99954,100,100031,100,99953,100,100033,100,99942,100,100048,200,99936,100,100055,100,99920,100
2019-06-28 09:35:00.000000000,100015,195,100011,295,100025,195,99995,195,100026,195,99992,195,100028,195,99991,195,100030,195,99970,195,100031,100,99954,100,100033,100,99953,100,100048,200,99942,100,100055,100,99936,100,100057,100,99920,100
2019-06-28 09:35:02.069815832,100015,195,100012,100,100025,195,100011,295,100026,195,99995,195,100028,195,99992,195,100030,195,99991,195,100031,100,99970,195,100033,100,99954,100,100048,200,99953,100,100055,100,99942,100,100060,100,99936,100
2019-06-28 09:35:10.000000000,100015,338,100012,338,100025,338,100011,438,100026,100,99995,100,100028,100,99992,100,100030,100,99991,100,100031,100,99970,100,100033,100,99954,100,100048,200,99953,100,100055,100,99942,100,100060,100,99936,100
2019-06-28 09:35:17.797196590,100015,238,100012,338,100025,338,100011,438,100026,100,99995,100,100028,100,99992,100,100030,100,99991,100,100031,100,99970,100,100033,100,99954,100,100048,100,99953,100,100055,100,99942,100,100060,100,99936,100
2019-06-28 09:35:20.000000000,100025,219,100012,219,100026,219,100011,319,100028,219,99995,219,100030,219,99992,219,100031,100,99991,100,100033,100,99970,100,100048,100,99954,100,100055,100,99953,100,100060,100,99942,100,100071,100,99936,100
2019-06-28 09:35:30.000000000,100025,195,100012,195,100026,195,100011,295,100028,195,99995,195,100030,195,99992,195,100031,195,99991,195,100033,100,99970,100,100048,100,99954,100,100055,100,99953,100,100060,100,99942,100,100071,100,99936,100
2019-06-28 09:35:35.123829113,100025,95,100012,195,100026,195,100011,295,100028,195,99995,195,100030,195,99992,195,100031,195,99991,195,100033,100,99970,100,100048,100,99954,100,100055,100,99953,100,100060,100,99942,100,100071,100,99920,100
2019-06-28 09:35:40.000000000,100026,575,100012,575,100028,100,100011,200,100030,100,99995,100,100031,100,99992,100,100033,100,99991,100,100048,100,99970,100,100055,100,99954,100,100060,100,99953,100,100071,100,99942,100,100079,100,99920,100
2019-06-28 09:35:50.000000000,100026,219,100012,219,100028,219,100011,319,100030,219,99995,219,100031,219,99992,219,100033,100,99991,100,100048,100,99970,100,100055,100,99954,100,100060,100,99953,100,100071,100,99942,100,100079,100,99920,100
2019-06-28 09:36:00.000000000,100026,575,100012,575,100028,100,100011,200,100030,100,99995,100,100031,100,99992,100,100033,100,99991,100,100048,100,99970,100,100055,100,99954,100,100060,100,99953,100,100071,100,99942,100,100079,100,99920,100
2019-06-28 09:36:10.000000000,100026,575,100012,575,100028,100,100011,200,100030,100,99995,100,100031,100,99992,100,100033,100,99991,100,100048,100,99970,100,100055,100,99954,100,100060,100,99953,100,100071,100,99942,100,100079,100,99920,100
2019-06-28 09:36:20.000000000,100026,262,100012,262,100028,257,100011,357,100030,257,99995,257,100031,100,99992,100,100033,100,99991,100,100048,100,99970,100,100055,100,99954,100,100060,100,99953,100,100071,100,99942,100,100079,100,99920,100
2019-06-28 09:36:24.322728642,100026,262,100015,100,100028,257,100012,262,100030,257,100011,357,100031,100,99995,257,100033,100,99992,100,100048,100,99991,100,100055,100,99970,100,100060,100,99954,100,100071,100,99953,100,100079,100,99942,100
2019-06-28 09:36:30.000000000,100026,575,100015,575,100028,100,100012,100,100030,100,100011,200,100031,100,99995,100,100033,100,99992,100,100048,100,99991,100,100055,100,99970,100,100060,100,99954,100,100071,100,99953,100,100079,100,99942,100
2019-06-28 09:36:40.000000000,100026,338,100015,338,100028,338,100012,338,100030,100,100011,200,100031,100,99995,100,100033,100,99992,100,100048,100,99991,100,100055,100,99970,100,100060,100,99954,100,100071,100,99953,100,100079,100,99942,100
2019-06-28 09:36:50.000000000,100026,575,100015,575,100028,100,100012,100,100030,100,100011,200,100031,100,99995,100,100033,100,99992,100,100048,100,99991,100,100055,100,99970,100,100060,100,99954,100,100071,100,99953,100,100079,100,99942,100
2019-06-28 09:37:00.000000000,100026,262,100015,262,100028,257,100012,257,100030,257,100011,357,100031,100,99995,100,100033,100,99992,100,100048,100,99991,100,100055,100,99970,100,100060,100,99954,100,100071,100,99953,100,100079,100,99942,100
2019-06-28 09:37:10.000000000,100026,219,100015,219,100028,219,100012,219,100030,219,100011,319,100031,219,99995,219,100033,100,99992,100,100048,100,99991,100,100055,100,99970,100,100060,100,99954,100,100071,100,99953,100,100079,100,99942,100
2019-06-28 09:37:10.119208354,100026,219,100015,219,100028,219,100012,219,100030,219,100011,319,100031,219,99995,219,100033,100,99992,100,100048,100,99991,100,100055,100,99970,100,100060,100,99954,100,100071,100,99953,100,100079,100,99942,100
2019-06-28 09:37:13.585651106,100026,219,100015,219,100028,219,100012,219,100030,219,100011,319,100031,219,99995,219,100033,100,99992,100,100048,100,99991,100,100055,100,99970,100,100060,100,99954,100,100071,100,99953,100,100079,100,99942,100
2019-06-28 09:37:20.000000000,100026,219,100015,219,100028,219,100012,219,100030,219,100011,319,100031,219,99995,219,100033,100,99992,100,100048,100,99991,100,100055,100,99970,100,100060,100,99954,100,100071,100,99953,100,100079,100,99942,100
2019-06-28 09:37:30.000000000,100026,575,100015,575,100028,100,100012,100,100030,100,100011,200,100031,100,99995,100,100033,100,99992,100,100048,100,99991,100,100055,100,99970,100,100060,100,99954,100,100071,100,99953,100,100079,100,99942,100
2019-06-28 09:37:40.000000000,100026,195,100015,195,100028,195,100012,195,100030,195,100011,295,100031,195,99995,195,100033,195,99992,195,100048,100,99991,100,100055,100,99970,100,100060,100,99954,100,100071,100,99953,100,100079,100,99942,100
2019-06-28 09:37:50.000000000,100026,262,100015,262,100028,257,100012,257,100030,257,100011,357,100031,100,99995,100,100033,100,99992,100,100048,100,99991,100,100055,100,99970,100,100060,100,99954,100,100071,100,99953,100,100079,100,99942,100
2019-06-28 09:38:00.000000000,100026,219,100015,219,100028,219,100012,219,100030,219,100011,319,100031,219,99995,219,100033,100,99992,100,100048,100,99991,100,100055,100,99970,100,100060,100,99954,100,100071,100,99953,100,100079,100,99942,100
2019-06-28 09:38:09.493856542,100026,219,100015,219,100028,219,100012,219,100030,219,100011,319,100031,219,99995,219,100033,100,99992,100,100048,100,99991,100,100055,100,99970,100,100060,100,99954,100,100071,100,99953,100,100079,100,99942,100
2019-06-28 09:38:10.000000000,100026,575,100015,575,100028,100,100012,100,100030,100,100011,200,100031,100,99995,100,100033,100,99992,100,100048,100,99991,100,100055,100,99970,100,100060,100,99954,100,100071,100,99953,100,100079,100,99942,100
2019-06-28 09:38:20.000000000,100026,575,100015,575,100028,100,100012,100,100030,100,100011,200,100031,100,99995,100,100033,100,99992,100,100048,100,99991,100,100055,100,99970,100,100060,100,99954,100,100071,100,99953,100,100079,100,99942,100
2019-06-28 09:38:30.000000000,100026,219,100015,219,100028,219,100012,219,100030,219,100011,319,100031,219,99995,219,100033,100,99992,100,100048,100,99991,100,100055,100,99970,100,100060,100,99954,100,100071,100,99953,100,100079,100,99942,100
2019-06-28 09:38:40.000000000,100026,219,100015,219,100028,219,100012,219,100030,219,100011,319,100031,219,99995,219,100033,100,99992,100,100048,100,99991,100,100055,100,99970,100,100060,100,99954,100,100071,100,99953,100,100079,100,99942,100
2019-06-28 09:38:47.532168454,100026,119,100015,219,100028,219,100012,219,100030,219,100011,319,100031,219,99995,219,100033,100,99992,100,100048,100,99991,100,100055,100,99970,100,100060,100,99954,100,100071,100,99953,100,100079,100,99942,100
2019-06-28 09:38:50.000000000,100028,219,100015,219,100030,219,100012,219,100031,219,100011,319,100033,219,99995,219,100048,100,99992,100,100055,100,99991,100,100060,100,99970,100,100071,100,99954,100,100079,100,99953,100,100091,100,99942,100
2019-06-28 09:38:54.173790961,100028,119,100015,219,100030,219,100012,219,100031,219,100011,319,100033,219,99995,219,100048,100,99992,100,100055,100,99991,100,100060,100,99970,100,100071,100,99954,100,100079,100,99953,100,100091,100,99942,100
2019-06-28 09:39:00.000000000,100030,262,100015,262,100031,257,100012,257,100033,257,100011,357,100048,100,99995,100,100055,100,99992,100,100060,100,99991,100,100071,100,99970,100,100079,100,99954,100,100091,100,99953,100,100094,100,99942,100
2019-06-28 09:39:10.000000000,100030,195,100015,195,100031,195,100012,195,100033,195,100011,295,100048,195,99995,195,100055,195,99992,195,100060,100,99991,100,100071,100,99970,100,100079,100,99954,100,100091,100,99953,100,100094,100,99942,100
2019-06-28 09:39:20.000000000,100030,575,100015,575,100031,100,100012,100,100033,100,100011,200,100048,100,99995,100,100055,100,99992,100,100060,100,99991,100,100071,100,99970,100,100079,100,99954,100,100091,100,99953,100,100094,100,99942,100
2019-06-28 09:39:22.079262970,100030,575,100026,100,100031,100,100015,575,100033,100,100012,100,100048,100,100011,200,100055,100,99995,100,100060,100,99992,100,100071,100,99991,100,100079,100,99970,100,100091,100,99954,100,100094,100,99953,100
2019-06-28 09:39:30.000000000,100030,219,100026,219,100031,219,100015,219,100033,219,100012,219,100048,219,100011,319,100055,100,99995,100,100060,100,99992,100,100071,100,99991,100,100079,100,99970,100,100091,100,99954,100,100094,100,99953,100
2019-06-28 09:39:40.000000000,100030,262,100026,262,100031,257,100015,257,100033,257,100012,257,100048,100,100011,200,100055,100,99995,100,100060,100,99992,100,100071,100,99991,100,100079,100,99970,100,100091,100,99954,100,100094,100,99953,100
2019-06-28 09:39:41.643478723,100030,262,100026,162,100031,257,100015,257,100033,257,100012,257,100048,100,100011,100,100055,100,99995,100,100060,100,99992,100,100071,100,99991,100,100079,100,99970,100,100091,100,99954,100,100094,100,99953,100
2019-06-28 09:39:45.240216595,100030,162,100026,162,100031,257,100015,257,100033,257,100012,257,100048,100,100011,100,100055,100,99995,100,100060,100,99992,100,100071,100,99991,100,100079,100,99970,100,100091,100,99954,100,100094,100,99953,100
2019-06-28 09:39:50.000000000,100031,575,100015,575,100033,100,100012,100,100048,100,100011,100,100055,100,99995,100,100060,100,99992,100,100071,100,99991,100,100079,100,99970,100,100091,100,99954,100,100094,100,99953,100,100106,100,99942,100
2019-06-28 09:39:54.464380768,100031,575,100015,575,100033,100,100012,100,100048,100,100011,100,100055,100,100006,100,100060,100,99995,100,100071,100,99992,100,100079,100,99991,100,100091,100,99970,100,100094,100,99954,100,100106,100,99953,100
2019-06-28 09:39:56.244533735,100031,575,100027,100,100033,100,100015,575,100048,100,100012,100,100055,100,100011,100,100060,100,100006,100,100071,100,99995,100,100079,100,99992,100,100091,100,99991,100,100094,100,99970,100,100106,100,99954,100
2019-06-28 09:40:00.000000000,100031,338,100027,338,100033,338,100015,338,100048,100,100012,100,100055,100,100011,100,100060,100,100006,100,100071,100,99995,100,100079,100,99992,100,100091,100,99991,100,100094,100,99970,100,100106,100,99954,100
2019-06-28 09:40:06.154900022,100031,338,100027,438,100033,338,100015,338,100048,100,100012,100,100055,100,100011,100,100060,100,100006,100,100071,100,99995,100,100079,100,99992,100,100091,100,99991,100,100094,100,99970,100,100106,100,99954,100
2019-06-28 09:40:10.000000000,100031,575,100027,675,100033,100,100015,100,100048,100,100012,100,100055,100,100011,100,100060,100,100006,100,100071,100,99995,100,100079,100,99992,100,100091,100,99991,100,100094,100,99970,100,100106,100,99954,100
2019-06-28 09:40:20.000000000,100031,219,100027,319,100033,219,100015,219,100048,219,100012,219,100055,219,100011,219,100060,100,100006,100,100071,100,99995,100,100079,100,99992,100,100091,100,99991,100,100094,100,99970,100,100106,100,99954,100
2019-06-28 09:40:30.000000000,100031,195,100027,295,100033,195,100015,195,100048,195,100012,195,100055,195,100011,195,100060,195,100006,195,100071,100,99995,100,100079,100,99992,100,100091,100,99991,100,100094,100,99970,100,100106,100,99954,100
2019-06-28 09:40:34.046430013,100029,100,100027,295,100031,195,100015,195,100033,195,100012,195,100048,195,100011,95,100055,195,100006,195,100060,195,99995,100,100071,100,99992,100,100079,100,99991,100,100091,100,99970,100,100094,100,99954,100
2019-06-28 09:40:40.000000000,100029,195,100027,295,100031,195,100015,195,100033,195,100012,195,100048,195,100006,195,100055,195,99995,195,100060,100,99992,100,100071,100,99991,100,100079,100,99970,100,100091,100,99954,100,100094,100,99953,100
2019-06-28 09:40:40.701057028,100029,195,100027,395,100031,195,100015,195,100033,195,100012,195,100048,195,100006,195,100055,195,99995,195,100060,100,99992,100,100071,100,99991,100,100079,100,99970,100,100091,100,99954,100,100094,100,99953,100
2019-06-28 09:40:50.000000000,100029,575,100027,775,100031,100,100015,100,100033,100,100012,100,100048,100,100006,100,100055,100,99995,100,100060,100,99992,100,100071,100,99991,100,100079,100,99970,100,100091,100,99954,100,100094,100,99953,100
2019-06-28 09:41:00.000000000,100029,195,100027,395,100031,195,100015,195,100033,195,100012,195,100048,195,100006,195,100055,195,99995,195,100060,100,99992,100,100071,100,99991,100,100079,100,99970,100,100091,100,99954,100,100094,100,99953,100
2019-06-28 09:41:02.559823169,100029,95,100027,395,100031,195,100015,195,100033,195,100012,195,100048,195,100006,195,100055,195,99995,195,100071,100,99992,100,100079,100,99991,100,100091,100,99970,100,100094,100,99954,100,100106,100,99953,100
2019-06-28 09:41:09.793312170,100029,95,100027,395,100031,195,100015,195,100033,195,100012,195,100048,195,100006,195,100055,195,99995,195,100071,100,99992,100,100079,100,99991,100,100091,100,99970,100,100094,100,99954,100,100106,100,99953,100
2019-06-28 09:41:10.000000000,100031,262,100027,462,100033,257,100015,257,100048,257,100012,257,100055,100,100006,100,100071,100,99995,100,100079,100,99992,100,100091,100,99991,100,100094,100,99970,100,100106,100,99954,100,100122,100,99953,100
2019-06-28 09:41:11.064414156,100031,162,100027,462,100033,257,100015,257,100048,257,100012,257,100055,100,100006,100,100071,100,99995,100,100079,100,99992,100,100091,100,99991,100,100094,100,99970,100,100106,100,99954,100,100122,100,99953,100
2019-06-28 09:41:13.245293896,100031,62,100027,462,100033,257,100015,257,100048,257,100012,257,100055,100,100006,100,100071,100,99995,100,100079,100,99992,100,100091,100,99991,100,100094,100,99970,100,100106,100,99954,100,100122,100,99953,100
2019-06-28 09:41:20.000000000,100033,262,100027,462,100048,257,100015,257,100055,257,100012,257,100071,100,100006,100,100079,100,99995,100,100091,100,99992,100,100094,100,99991,100,100106,100,99970,100,100122,100,99954,100,100127,100,99953,100
2019-06-28 09:41:30.000000000,100033,195,100027,395,100048,195,100015,195,100055,195,100012,195,100071,195,100006,195,100079,195,99995,195,100091,100,99992,100,100094,100,99991,100,100106,100,99970,100,100122,100,99954,100,100127,100,99953,100
2019-06-28 09:41:36.083274745,100033,95,100027,395,100048,195,100015,195,100055,195,100012,195,100071,195,100006,195,100079,195,99995,195,100091,100,99992,100,100094,100,99991,100,100106,100,99970,100,100122,100,99954,100,100127,100,99953,100
2019-06-28 09:41:40.000000000,100048,262,100027,462,100055,257,100015,257,100071,257,100012,257,100079,100,100006,100,100091,100,99995,100,100094,100,99992,100,100106,100,99991,100,100122,100,99970,100,100127,100,99954,100,100135,100,99953,100
2019-06-28 09:41:46.869727861,100048,162,100027,462,100055,257,100015,257,100071,257,100012,257,100079,100,100006,100,100091,100,99995,100,100094,100,99992,100,100106,100,99991,100,100122,100,99970,100,100127,100,99954,100,100135,100,99953,100
2019-06-28 09:41:50.000000000,100055,338,100027,538,100071,338,100015,338,100079,100,100012,100,100091,100,100006,100,100094,100,99995,100,100106,100,99992,100,100122,100,99991,100,100127,100,99970,100,100135,100,99954,100,100146,100,99953,100
2019-06-28 09:41:58.465057560,100055,338,100027,538,100071,338,100015,338,100079,100,100012,100,100091,100,100006,100,100094,100,99995,100,100106,100,99992,100,100122,100,99991,100,100127,100,99970,100,100135,100,99954,100,100146,100,99953,100
2019-06-28 09:41:59.243765688,100055,338,100033,100,100071,338,100027,538,100079,100,100015,338,100091,100,100012,100,100094,100,100006,100,100106,100,99995,100,100122,100,99991,100,100127,100,99970,100,100135,100,99954,100,100146,100,99953,100
2019-06-28 09:41:59.843443770,100055,338,100033,200,100071,338,100027,538,100079,100,100015,338,100091,100,100012,100,100094,100,100006,100,100106,100,99995,100,100122,100,99991,100,100127,100,99970,100,100135,100,99954,100,100146,100,99953,100
2019-06-28 09:42:00.000000000,100055,338,100033,438,100071,338,100027,538,100079,100,100015,100,100091,100,100012,100,100094,100,100006,100,100106,100,99995,100,100122,100,99991,100,100127,100,99970,100,100135,100,99954,100,100146,100,99953,100
2019-06-28 09:42:08.732620104,100055,338,100033,438,100071,338,100027,538,100079,100,100015,100,100091,100,100012,100,100094,100,100006,100,100106,100,99995,100,100122,100,99991,100,100127,100,99970,100,100135,100,99954,100,100146,100,99953,100
2019-06-28 09:42:09.312119984,100055,238,100033,438,100071,338,100027,538,100079,100,100015,100,100091,100,100012,100,100094,100,100006,100,100106,100,99995,100,100122,100,99991,100,100127,100,99970,100,100135,100,99954,100,100146,100,99953,100
2019-06-28 09:42:10.000000000,100071,575,100033,675,100079,100,100027,300,100091,100,100015,100,100094,100,100012,100,100106,100,100006,100,100122,100,99995,100,100127,100,99991,100,100135,100,99970,100,100146,100,99954,100,100321,100,99953,100
2019-06-28 09:42:20.000000000,100071,338,100033,438,100079,338,100027,538,100091,100,100015,100,100094,100,100012,100,100106,100,100006,100,100122,100,99995,100,100127,100,99991,100,100135,100,99970,100,100146,100,99954,100,100321,100,99953,100
2019-06-28 09:42:23.333747045,100071,338,100033,438,100079,338,100027,538,100091,100,100015,100,100094,100,100012,100,100106,100,100006,100,100122,100,99995,100,100127,100,99991,100,100135,100,99970,100,100146,100,99954,100,100348,100,99953,100
2019-06-28 09:42:23.850926484,100071,238,100033,438,100079,338,100027,538,100091,100,100015,100,100094,100,100012,100,100106,100,100006,100,100122,100,99995,100,100127,100,99991,100,100135,100,99970,100,100146,100,99954,100,100348,100,99953,100
2019-06-28 09:42:24.324823292,100071,238,100033,438,100079,338,100027,538,100091,100,100015,100,100094,100,100012,100,100106,100,100006,100,100122,100,99995,100,100127,100,99991,100,100135,100,99970,100,100146,100,99954,100,100348,100,99953,100
2019-06-28 09:42:29.452186961,100071,238,100055,100,100079,338,100033,438,100091,100,100027,538,100094,100,100015,100,100106,100,100012,100,100122,100,100006,100,100127,100,99995,100,100135,100,99991,100,100146,100,99970,100,100348,100,99954,100
2019-06-28 09:42:30.000000000,100079,195,100055,195,100091,195,100033,295,100094,195,100027,395,100106,195,100015,195,100122,195,100012,195,100127,100,100006,100,100135,100,99995,100,100146,100,99991,100,100348,100,99970,100,100355,100,99954,100
2019-06-28 09:42:32.074186215,100079,95,100055,195,100091,195,100033,295,100094,195,100027,395,100106,195,100015,195,100122,195,100012,195,100127,100,100006,100,100135,100,99995,100,100348,100,99991,100,100355,100,99970,100,100501,100,99954,100
2019-06-28 09:42:33.420759751,100091,195,100079,5,100094,195,100055,195,100106,195,100033,295,100122,195,100027,395,100127,100,100015,195,100135,100,100012,195,100348,100,100006,100,100355,100,99995,100,100501,100,99991,100,100503,100,99970,100
2019-06-28 09:42:38.019909746,100091,195,100079,5,100094,195,100055,195,100106,195,100033,295,100122,195,100027,395,100127,100,100015,195,100135,100,100012,195,100348,100,100006,100,100355,100,99995,100,100501,100,99991,100,100503,100,99970,100
2019-06-28 09:42:40.000000000,100091,195,100079,100,100094,195,100055,195,100106,195,100033,295,100122,195,100027,395,100127,195,100015,195,100135,100,100012,100,100348,100,100006,100,100355,100,99995,100,100501,100,99991,100,100503,100,99970,100
2019-06-28 09:42:49.883705135,100091,195,100079,100,100094,195,100055,195,100106,195,100033,295,100122,195,100027,395,100127,195,100015,195,100135,100,100012,100,100348,100,100006,100,100355,100,99995,100,100455,100,99991,100,100501,100,99970,100
2019-06-28 09:42:50.000000000,100091,338,100079,243,100094,338,100055,338,100106,100,100033,200,100122,100,100027,300,100127,100,100015,100,100135,100,100012,100,100348,100,100006,100,100355,100,99995,100,100455,100,99991,100,100501,100,99970,100
2019-06-28 09:43:00.000000000,100091,195,100079,100,100094,195,100055,195,100106,195,100033,295,100122,195,100027,395,100127,195,100015,195,100135,100,100012,100,100348,100,100006,100,100355,100,99995,100,100455,100,99991,100,100501,100,99970,100
2019-06-28 09:43:04.770311383,100091,195,100079,200,100094,195,100055,195,100106,195,100033,295,100122,195,100027,295,100127,195,100015,195,100135,100,100012,100,100348,100,100006,100,100355,100,99995,100,100455,100,99991,100,100501,100,99970,100
2019-06-28 09:43:10.000000000,100091,262,100079,267,100094,257,100055,257,100106,257,100033,357,100122,100,100027,200,100127,100,100015,100,100135,100,100012,100,100348,100,100006,100,100355,100,99995,100,100455,100,99991,100,100501,100,99970,100
2019-06-28 09:43:15.197422222,100091,262,100079,267,100094,257,100055,257,100106,257,100033,357,100122,100,100027,200,100127,100,100015,100,100135,100,100012,100,100348,100,99995,100,100355,100,99991,100,100455,100,99970,100,100501,100,99954,100
2019-06-28 09:43:20.000000000,100091,338,100079,343,100094,338,100055,338,100106,100,100033,200,100122,100,100027,200,100127,100,100015,100,100135,100,100012,100,100348,100,99995,100,100355,100,99991,100,100455,100,99970,100,100501,100,99954,100
2019-06-28 09:43:30.000000000,100091,262,100079,267,100094,257,100055,257,100106,257,100033,357,100122,100,100027,200,100127,100,100015,100,100135,100,100012,100,100348,100,99995,100,100355,100,99991,100,100455,100,99970,100,100501,100,99954,100
2019-06-28 09:43:38.277747003,100091,162,100079,267,100094,257,100055,257,100106,257,100033,357,100127,100,100027,200,100135,100,100015,100,100348,100,100012,100,100355,100,99995,100,100455,100,99991,100,100501,100,99970,100,100503,100,99954,100
2019-06-28 09:43:39.773028219,100091,162,100080,100,100094,257,100079,267,100106,257,100055,257,100127,100,100033,357,100135,100,100027,200,100348,100,100015,100,100355,100,100012,100,100455,100,99995,100,100501,100,99991,100,100503,100,99970,100
2019-06-28 09:43:40.000000000,100094,195,100080,195,100106,195,100079,200,100127,195,100055,195,100135,195,100033,295,100348,195,100027,295,100355,100,100015,100,100455,100,100012,100,100501,100,99995,100,100503,100,99991,100,100504,100,99970,100
2019-06-28 09:43:50.000000000,100094,575,100080,575,100106,100,100079,105,100127,100,100055,100,100135,100,100033,200,100348,100,100027,200,100355,100,100015,100,100455,100,100012,100,100501,100,99995,100,100503,100,99991,100,100504,100,99970,100
2019-06-28 09:43:53.116739123,100094,575,100080,575,100106,100,100079,105,100127,100,100055,100,100135,100,100033,200,100348,100,100027,200,100355,100,100015,100,100455,100,100012,100,100501,100,99995,100,100503,100,99991,100,100504,100,99970,100
2019-06-28 09:44:00.000000000,100094,195,100080,195,100106,195,100079,200,100127,195,100055,195,100135,195,100033,295,100348,195,100027,295,100355,100,100015,100,100455,100,100012,100,100501,100,99995,100,100503,100,99991,100,100504,100,99970,100
2019-06-28 09:44:10.000000000,100094,575,100080,575,100106,100,100079,105,100127,100,100055,100,100135,100,100033,200,100348,100,100027,200,100355,100,100015,100,100455,100,100012,100,100501,100,99995,100,100503,100,99991,100,100504,100,99970,100
2019-06-28 09:44:18.046791220,100094,475,100080,575,100106,100,100079,105,100127,100,100055,100,100135,100,100033,200,100348,100,100027,200,100355,100,100015,100,100455,100,100012,100,100501,100,99995,100,100503,100,99991,100,100504,100,99970,100
2019-06-28 09:44:19.141056928,100094,475,100080,575,100106,100,100079,105,100127,100,100055,100,100135,100,100033,200,100348,100,100027,200,100355,100,100015,100,100455,100,100012,100,100501,100,99995,100,100503,100,99991,100,100504,100,99970,100
2019-06-28 09:44:20.000000000,100106,219,100080,219,100127,219,100079,224,100135,219,100055,219,100348,219,100033,319,100355,100,100027,200,100455,100,100015,100,100501,100,100012,100,100503,100,99995,100,100504,100,99991,100,100615,100,99970,100
2019-06-28 09:44:30.000000000,100106,338,100080,338,100127,338,100079,343,100135,100,100055,100,100348,100,100033,200,100355,100,100027,200,100455,100,100015,100,100501,100,100012,100,100503,100,99995,100,100504,100,99991,100,100615,100,99970,100
2019-06-28 09:44:40.000000000,100106,195,100080,195,100127,195,100079,200,100135,195,100055,195,100348,195,100033,295,100355,195,100027,295,100455,100,100015,100,100501,100,100012,100,100503,100,99995,100,100504,100,99991,100,100615,100,99970,100
2019-06-28 09:44:50.000000000,100106,575,100080,575,100127,100,100079,105,100135,100,100055,100,100348,100,100033,200,100355,100,100027,200,100455,100,100015,100,100501,100,100012,100,100503,100,99995,100,100504,100,99991,100,100615,100,99970,100
2019-06-28 09:44:55.480448340,100106,575,100091,100,100127,100,100080,575,100135,100,100079,105,100348,100,100055,100,100355,100,100033,200,100455,100,100027,200,100501,100,100015,100,100503,100,100012,100,100504,100,99995,100,100615,100,99991,100
2019-06-28 09:45:00.000000000,100106,219,100091,219,100127,219,100080,219,100135,219,100079,224,100348,219,100055,219,100355,100,100033,200,100455,100,100027,200,100501,100,100015,100,100503,100,100012,100,100504,100,99995,100,100615,100,99991,100
2019-06-28 09:45:02.701624559,100106,219,100091,119,100127,219,100080,219,100135,219,100079,224,100348,219,100055,219,100355,100,100033,200,100455,100,100027,200,100501,100,100015,100,100503,100,100012,100,100504,100,99995,100,100615,100,99991,100
2019-06-28 09:45:10.000000000,100106,338,100080,338,100127,338,100079,343,100135,100,100055,100,100348,100,100033,200,100355,100,100027,200,100455,100,100015,100,100501,100,100012,100,100503,100,99995,100,100504,100,99991,100,100615,100,99970,100
2019-06-28 09:45:20.000000000,100106,195,100080,195,100127,195,100079,200,100135,195,100055,195,100348,195,100033,295,100355,195,100027,295,100455,100,100015,100,100501,100,100012,100,100503,100,99995,100,100504,100,99991,100,100615,100,99970,100
2019-06-28 09:45:24.410606077,100106,195,100080,95,100127,195,100079,200,100135,195,100055,195,100348,195,100033,295,100355,195,100027,295,100455,100,100015,100,100501,100,100012,100,100503,100,99995,100,100504,100,99991,100,100615,100,99970,100
2019-06-28 09:45:30.000000000,100106,338,100079,343,100127,338,100055,338,100135,100,100033,200,100348,100,100027,200,100355,100,100015,100,100455,100,100012,100,100501,100,99995,100,100503,100,99991,100,100504,100,99970,100,100615,100,99954,100
2019-06-28 09:45:39.176402715,100106,338,100079,343,100127,338,100055,338,100135,100,100033,200,100348,100,100027,200,100355,100,100015,100,100455,100,100012,100,100501,100,99995,100,100503,100,99991,100,100504,100,99970,100,100615,100,99954,100
2019-06-28 09:45:40.000000000,100106,338,100079,343,100127,338,100055,338,100135,100,100033,200,100348,100,100027,200,100355,100,100015,100,100455,100,100012,100,100501,100,99995,100,100503,100,99991,100,100504,100,99970,100,100615,100,99954,100
2019-06-28 09:45:40.520000358,100106,338,100079,243,100127,338,100055,338,100135,100,100033,200,100348,100,100027,200,100355,100,100015,100,100455,100,100012,100,100501,100,99995,100,100503,100,99991,100,100504,100,99970,100,100615,100,99954,100
2019-06-28 09:45:41.559404452,100106,338,100079,143,100127,338,100055,338,100135,100,100033,200,100348,100,100027,200,100355,100,100015,100,100455,100,100012,100,100501,100,99995,100,100503,100,99991,100,100504,100,99970,100,100615,100,99954,100
2019-06-28 09:45:50.000000000,100106,195,100055,195,100127,195,100033,295,100135,195,100027,295,100348,195,100015,195,100355,195,100012,195,100455,100,99995,100,100501,100,99991,100,100503,100,99970,100,100504,100,99954,100,100615,100,99898,100
2019-06-28 09:45:53.257424023,100106,195,100055,195,100127,195,100033,295,100135,195,100027,295,100348,195,100015,195,100355,195,100012,195,100455,100,99995,100,100501,100,99991,100,100503,100,99970,100,100504,100,99954,100,100615,100,99898,100
2019-06-28 09:46:00.000000000,100106,262,100055,262,100127,257,100033,357,100135,257,100027,357,100348,100,100015,100,100355,100,100012,100,100455,100,99995,100,100501,100,99991,100,100503,100,99970,100,100504,100,99954,100,100615,100,99898,100
2019-06-28 09:46:08.661581837,100106,262,100055,262,100127,257,100033,357,100135,257,100027,357,100348,100,100015,100,100355,100,100012,100,100455,100,99995,100,100501,100,99991,100,100503,100,99970,100,100504,100,99954,100,100615,100,99898,100
2019-06-28 09:46:10.000000000,100106,338,100055,338,100127,338,100033,438,100135,100,100027,200,100348,100,100015,100,100355,100,100012,100,100455,100,99995,100,100501,100,99991,100,100503,100,99970,100,100504,100,99954,100,100615,100,99898,100
2019-06-28 09:46:20.000000000,100106,338,100055,338,100127,338,100033,438,100135,100,100027,200,100348,100,100015,100,100355,100,100012,100,100455,100,99995,100,100501,100,99991,100,100503,100,99970,100,100504,100,99954,100,100615,100,99898,100
2019-06-28 09:46:30.000000000,100106,219,100055,219,100127,219,100033,319,100135,219,100027,319,100348,219,100015,219,100355,100,100012,100,100455,100,99995,100,100501,100,99991,100,100503,100,99970,100,100504,100,99954,100,100615,100,99898,100
2019-06-28 09:46:40.000000000,100106,262,100055,262,100127,257,100033,357,100135,257,100027,357,100348,100,100015,100,100355,100,100012,100,100455,100,99995,100,100501,100,99991,100,100503,100,99970,100,100504,100,99954,100,100615,100,99898,100
2019-06-28 09:46:50.000000000,100106,262,100055,262,100127,257,100033,357,100135,257,100027,357,100348,100,100015,100,100355,100,100012,100,100455,100,99995,100,100501,100,99991,100,100503,100,99970,100,100504,100,99954,100,100615,100,99898,100
2019-06-28 09:47:00.000000000,100106,219,100055,219,100127,219,100033,319,100135,219,100027,319,100348,219,100015,219,100355,100,100012,100,100455,100,99995,100,100501,100,99991,100,100503,100,99970,100,100504,100,99954,100,100615,100,99898,100
2019-06-28 09:47:10.000000000,100106,575,100055,575,100127,100,100033,200,100135,100,100027,200,100348,100,100015,100,100355,100,100012,100,100455,100,99995,100,100501,100,99991,100,100503,100,99970,100,100504,100,99954,100,100615,100,99898,100
2019-06-28 09:47:15.108903016,100106,475,100055,575,100127,100,100033,200,100135,100,100027,200,100348,100,100015,100,100355,100,100012,100,100455,100,99995,100,100501,100,99991,100,100503,100,99970,100,100504,100,99954,100,100615,100,99898,100
2019-06-28 09:47:20.000000000,100127,575,100055,575,100135,100,100033,200,100348,100,100027,200,100355,100,100015,100,100455,100,100012,100,100501,100,99995,100,100503,100,99991,100,100504,100,99970,100,100615,100,99954,100,100626,100,99898,100
2019-06-28 09:47:23.873791477,100127,575,100055,575,100135,100,100033,200,100348,100,100027,200,100355,100,100015,100,100455,100,100012,100,100501,100,99995,100,100503,100,99991,100,100504,100,99970,100,100615,100,99954,100,100626,100,99898,100
2019-06-28 09:47:30.000000000,100127,338,100055,338,100135,338,100033,438,100348,100,100027,200,100355,100,100015,100,100455,100,100012,100,100501,100,99995,100,100503,100,99991,100,100504,100,99970,100,100615,100,99954,100,100626,100,99898,100
2019-06-28 09:47:40.000000000,100127,219,100055,219,100135,219,100033,319,100348,219,100027,319,100355,219,100015,219,100455,100,100012,100,100501,100,99995,100,100503,100,99991,100,100504,100,99970,100,100615,100,99954,100,100626,100,99898,100
2019-06-28 09:47:50.000000000,100127,338,100055,338,100135,338,100033,438,100348,100,100027,200,100355,100,100015,100,100455,100,100012,100,100501,100,99995,100,100503,100,99991,100,100504,100,99970,100,100615,100,99954,100,100626,100,99898,100
2019-06-28 09:48:00.000000000,100127,575,100055,575,100135,100,100033,200,100348,100,100027,200,100355,100,100015,100,100455,100,100012,100,100501,100,99995,100,100503,100,99991,100,100504,100,99970,100,100615,100,99954,100,100626,100,99898,100
2019-06-28 09:48:09.914236690,100127,475,100055,575,100135,100,100033,200,100355,100,100027,200,100455,100,100015,100,100501,100,100012,100,100503,100,99995,100,100504,100,99991,100,100615,100,99970,100,100626,100,99954,100,100708,100,99898,100
2019-06-28 09:48:10.000000000,100135,262,100055,262,100355,257,100033,357,100455,257,100027,357,100501,100,100015,100,100503,100,100012,100,100504,100,99995,100,100615,100,99991,100,100626,100,99970,100,100708,100,99954,100,100722,100,99898,100
2019-06-28 09:48:13.057593788,100135,262,100055,262,100355,257,100033,357,100455,257,100027,357,100501,100,100015,100,100503,100,100012,100,100504,100,99995,100,100615,100,99991,100,100626,100,99970,100,100708,100,99954,100,100722,100,99898,100
2019-06-28 09:48:20.000000000,100135,262,100055,262,100355,257,100033,357,100455,257,100027,357,100501,100,100015,100,100503,100,100012,100,100504,100,99995,100,100615,100,99991,100,100626,100,99970,100,100708,100,99954,100,100722,100,99898,100
2019-06-28 09:48:29.934886102,100135,162,100055,262,100355,257,100033,357,100455,257,100027,357,100503,100,100015,100,100504,100,100012,100,100615,100,99995,100,100626,100,99991,100,100708,100,99970,100,100722,100,99954,100,100769,100,99898,100
2019-06-28 09:48:30.000000000,100355,219,100055,219,100455,219,100033,319,100503,219,100027,319,100504,219,100015,219,100615,100,100012,100,100626,100,99995,100,100708,100,99991,100,100722,100,99970,100,100769,100,99954,100,100774,200,99898,100
2019-06-28 09:48:40.000000000,100355,575,100055,575,100455,100,100033,200,100503,100,100027,200,100504,100,100015,100,100615,100,100012,100,100626,100,99995,100,100708,100,99991,100,100722,100,99970,100,100769,100,99954,100,100774,200,99898,100
2019-06-28 09:48:50.000000000,100355,338,100055,338,100455,338,100033,438,100503,100,100027,200,100504,100,100015,100,100615,100,100012,100,100626,100,99995,100,100708,100,99991,100,100722,100,99970,100,100769,100,99954,100,100774,200,99898,100
2019-06-28 09:49:00.000000000,100355,338,100055,338,100455,338,100033,438,100503,100,100027,200,100504,100,100015,100,100615,100,100012,100,100626,100,99995,100,100708,100,99991,100,100722,100,99970,100,100769,100,99954,100,100774,200,99898,100
2019-06-28 09:49:10.000000000,100355,575,100055,575,100455,100,100033,200,100503,100,100027,200,100504,100,100015,100,100615,100,100012,100,100626,100,99995,100,100708,100,99991,100,100722,100,99970,100,100769,100,99954,100,100774,200,99898,100
2019-06-28 09:49:12.271757517,100355,575,100279,100,100455,100,100055,575,100503,100,100033,200,100504,100,100027,200,100615,100,100015,100,100626,100,100012,100,100708,100,99995,100,100722,100,99991,100,100769,100,99970,100,100774,200,99954,100
2019-06-28 09:49:20.000000000,100355,338,100279,338,100455,338,100055,338,100503,100,100033,200,100504,100,100027,200,100615,100,100015,100,100626,100,100012,100,100708,100,99995,100,100722,100,99991,100,100769,100,99970,100,100774,200,99954,100
2019-06-28 09:49:30.000000000,100355,575,100279,575,100455,100,100055,100,100503,100,100033,200,100504,100,100027,200,100615,100,100015,100,100626,100,100012,100,100708,100,99995,100,100722,100,99991,100,100769,100,99970,100,100774,200,99954,100
2019-06-28 09:49:40.000000000,100355,338,100279,338,100455,338,100055,338,100503,100,100033,200,100504,100,100027,200,100615,100,100015,100,100626,100,100012,100,100708,100,99995,100,100722,100,99991,100,100769,100,99970,100,100774,200,99954,100
2019-06-28 09:49:50.000000000,100355,262,100279,262,100455,257,100055,257,100503,257,100033,357,100504,100,100027,200,100615,100,100015,100,100626,100,100012,100,100708,100,99995,100,100722,100,99991,100,100769,100,99970,100,100774,200,99954,100
2019-06-28 09:50:00.000000000,100355,195,100279,195,100455,195,100055,195,100503,195,100033,295,100504,195,100027,295,100615,195,100015,195,100626,100,100012,100,100708,100,99995,100,100722,100,99991,100,100769,100,99970,100,100774,200,99954,100
2019-06-28 09:50:06.452008869,100355,95,100279,195,100455,195,100055,195,100503,195,100033,295,100504,195,100027,295,100615,195,100015,195,100626,100,100012,100,100708,100,99995,100,100722,100,99991,100,100769,100,99970,100,100774,200,99954,100
2019-06-28 09:50:09.178104457,100355,95,100279,195,100455,195,100055,195,100503,195,100033,295,100504,195,100027,295,100615,195,100015,195,100626,100,100012,100,100708,100,99995,100,100722,100,99991,100,100769,100,99970,100,100774,200,99954,100
2019-06-28 09:50:10.000000000,100455,575,100279,575,100503,100,100055,100,100504,100,100033,200,100615,100,100027,200,100626,100,100015,100,100708,100,100012,100,100722,100,99995,100,100769,100,99991,100,100774,200,99970,100,100954,100,99954,100
2019-06-28 09:50:20.000000000,100455,338,100279,338,100503,338,100055,338,100504,100,100033,200,100615,100,100027,200,100626,100,100015,100,100708,100,100012,100,100722,100,99995,100,100769,100,99991,100,100774,200,99970,100,100954,100,99954,100
2019-06-28 09:50:26.978863677,100455,238,100279,338,100503,338,100055,338,100504,100,100033,200,100615,100,100027,200,100626,100,100015,100,100708,100,100012,100,100722,100,99995,100,100769,100,99991,100,100774,200,99970,100,100954,100,99954,100
2019-06-28 09:50:30.000000000,100503,262,100279,262,100504,257,100055,257,100615,257,100033,357,100626,100,100027,200,100708,100,100015,100,100722,100,100012,100,100769,100,99995,100,100774,200,99991,100,100954,100,99970,100,101598,100,99954,100
2019-06-28 09:50:34.924594540,100503,262,100355,100,100504,257,100279,262,100615,257,100055,257,100626,100,100033,357,100708,100,100027,200,100722,100,100015,100,100769,100,100012,100,100774,200,99991,100,100954,100,99970,100,101598,100,99954,100
2019-06-28 09:50:40.000000000,100503,575,100355,575,100504,100,100279,100,100615,100,100055,100,100626,100,100033,200,100708,100,100027,200,100722,100,100015,100,100769,100,100012,100,100774,200,99991,100,100954,100,99970,100,101598,100,99954,100
2019-06-28 09:50:42.680304124,100503,475,100355,575,100504,100,100279,100,100615,100,100055,100,100626,100,100033,200,100708,100,100027,200,100722,100,100015,100,100769,100,100012,100,100774,200,99991,100,100954,100,99970,100,101598,100,99954,100
2019-06-28 09:50:50.000000000,100504,575,100355,575,100615,100,100279,100,100626,100,100055,100,100708,100,100033,200,100722,100,100027,200,100769,100,100015,100,100774,200,100012,100,100954,100,99991,100,101598,100,99970,100,102183,100,99954,100
2019-06-28 09:50:55.939271249,100504,575,100355,575,100615,100,100279,100,100626,100,100055,100,100708,100,100033,200,100722,100,100027,200,100769,100,100015,100,100774,200,100012,100,100954,100,99991,100,101212,100,99970,100,101598,100,99954,100
2019-06-28 09:51:00.000000000,100504,338,100355,338,100615,338,100279,338,100626,100,100055,100,100708,100,100033,200,100722,100,100027,200,100769,100,100015,100,100774,200,100012,100,100954,100,99991,100,101212,100,99970,100,101598,100,99954,100
2019-06-28 09:51:10.000000000,100504,262,100355,262,100615,257,100279,257,100626,257,100055,257,100708,100,100033,200,100722,100,100027,200,100769,100,100015,100,100774,200,100012,100,100954,100,99991,100,101212,100,99970,100,101598,100,99954,100
2019-06-28 09:51:20.000000000,100504,575,100355,575,100615,100,100279,100,100626,100,100055,100,100708,100,100033,200,100722,100,100027,200,100769,100,100015,100,100774,200,100012,100,100954,100,99991,100,101212,100,99970,100,101598,100,99954,100
2019-06-28 09:51:30.000000000,100504,575,100355,575,100615,100,100279,100,100626,100,100055,100,100708,100,100033,200,100722,100,100027,200,100769,100,100015,100,100774,200,100012,100,100954,100,99991,100,101212,100,99970,100,101598,100,99954,100
2019-06-28 09:51:40.000000000,100504,195,100355,195,100615,195,100279,195,100626,195,100055,195,100708,195,100033,295,100722,195,100027,295,100769,100,100015,100,100774,200,100012,100,100954,100,99991,100,101212,100,99970,100,101598,100,99954,100
2019-06-28 09:51:49.783028983,100504,95,100355,195,100615,195,100279,195,100626,195,100055,195,100708,195,100033,295,100722,95,100027,295,100769,100,100015,100,100774,200,100012,100,100954,100,99991,100,101212,100,99970,100,101598,100,99954,100
2019-06-28 09:51:50.000000000,100615,338,100355,338,100626,338,100279,338,100708,100,100055,100,100769,100,100033,200,100774,200,100027,200,100954,100,100015,100,101212,100,100012,100,101598,100,99991,100,102183,100,99970,100,,,99954,100
2019-06-28 09:52:00.000000000,100615,575,100355,575,100626,100,100279,100,100708,100,100055,100,100769,100,100033,200,100774,200,100027,200,100954,100,100015,100,101212,100,100012,100,101598,100,99991,100,102183,100,99970,100,,,99954,100
2019-06-28 09:52:09.305729843,100615,575,100355,575,100626,100,100279,100,100708,100,100055,100,100769,100,100033,200,100774,200,100027,200,100954,100,100015,100,101212,100,100012,100,101252,100,99991,100,101598,100,99970,100,102183,100,99954,100
2019-06-28 09:52:10.000000000,100615,338,100355,338,100626,338,100279,338,100708,100,100055,100,100769,100,100033,200,100774,200,100027,200,100954,100,100015,100,101212,100,100012,100,101252,100,99991,100,101598,100,99970,100,102183,100,99954,100
2019-06-28 09:52:13.278453707,100615,238,100355,338,100626,338,100279,338,100708,100,100055,100,100769,100,100033,200,100774,200,100027,200,100954,100,100015,100,101212,100,100012,100,101252,100,99991,100,101598,100,99970,100,102183,100,99954,100
2019-06-28 09:52:15.066516848,100615,238,100355,338,100626,338,100279,338,100708,100,100055,100,100769,100,100033,200,100774,200,100027,200,100954,100,100015,100,101212,100,100012,100,101252,100,99991,100,101279,100,99970,100,101598,100,99954,100
2019-06-28 09:52:20.000000000,100626,195,100355,195,100708,195,100279,195,100769,195,100055,195,100774,295,100033,295,100954,195,100027,295,101212,100,100015,100,101252,100,100012,100,101279,100,99991,100,101598,100,99970,100,102183,100,99954,100
2019-06-28 09:52:24.038150462,100626,95,100355,195,100708,195,100279,195,100769,195,100055,195,100774,295,100033,295,100954,195,100027,295,101212,100,100015,100,101252,100,100012,100,101279,100,99991,100,101598,100,99970,100,102183,100,99954,100
2019-06-28 09:52:30.000000000,100708,262,100355,262,100769,257,100279,257,100774,357,100055,257,100954,100,100033,200,101212,100,100027,200,101252,100,100015,100,101279,100,100012,100,101598,100,99991,100,102183,100,99970,100,,,99954,100
2019-06-28 09:52:31.934960505,100708,262,100615,100,100769,257,100355,262,100774,357,100279,257,100954,100,100055,257,101212,100,100033,200,101252,100,100027,200,101279,100,100015,100,101598,100,100012,100,102183,100,99991,100,,,99970,100
2019-06-28 09:52:40.000000000,100708,195,100615,195,100769,195,100355,195,100774,295,100279,195,100954,195,100055,195,101212,195,100033,295,101252,100,100027,200,101279,100,100015,100,101598,100,100012,100,102183,100,99991,100,,,99970,100
2019-06-28 09:52:46.812148040,100708,195,100615,195,100769,195,100355,195,100774,295,100279,195,100954,195,100055,195,101176,100,100033,295,101212,195,100027,200,101252,100,100015,100,101279,100,100012,100,101598,100,99991,100,,,99970,100
2019-06-28 09:52:50.000000000,100708,575,100615,575,100769,100,100355,100,100774,200,100279,100,100954,100,100055,100,101176,100,100033,200,101212,100,100027,200,101252,100,100015,100,101279,100,100012,100,101598,100,99991,100,,,99970,100
2019-06-28 09:52:51.310272839,100708,575,100615,575,100769,100,100355,100,100774,200,100279,100,100954,100,100055,100,101176,100,100033,200,101212,100,100027,200,101222,100,100015,100,101252,100,100012,100,101279,100,99991,100,101598,100,99970,100
2019-06-28 09:52:53.281401827,100708,475,100615,575,100769,100,100355,100,100774,200,100279,100,100954,100,100055,100,101176,100,100033,200,101212,100,100027,200,101222,100,100015,100,101252,100,100012,100,101279,100,99991,100,101598,100,99970,100
2019-06-28 09:53:00.000000000,100769,219,100615,219,100774,319,100355,219,100954,219,100279,219,101176,219,100055,219,101212,100,100033,200,101222,100,100027,200,101252,100,100015,100,101279,100,100012,100,101598,100,99991,100,,,99970,100
2019-06-28 09:53:03.147820709,100769,119,100615,219,100774,319,100355,219,100954,219,100279,219,101176,119,100055,219,101212,100,100033,200,101222,100,100027,200,101252,100,100015,100,101279,100,100012,100,101598,100,99991,100,,,99970,100
2019-06-28 09:53:10.000000000,100774,675,100615,575,100954,100,100355,100,101212,100,100279,100,101222,100,100055,100,101252,100,100033,200,101279,100,100027,200,101598,100,100015,100,,,100012,100,,,99991,100,,,99970,100
2019-06-28 09:53:20.000000000,100774,295,100615,195,100954,195,100355,195,101212,195,100279,195,101222,195,100055,195,101252,195,100033,295,101279,100,100027,200,101598,100,100015,100,,,100012,100,,,99991,100,,,99970,100
2019-06-28 09:53:30.000000000,100774,438,100615,338,100954,338,100355,338,101212,100,100279,100,101222,100,100055,100,101252,100,100033,200,101279,100,100027,200,101598,100,100015,100,,,100012,100,,,99991,100,,,99970,100
2019-06-28 09:53:40.000000000,100774,362,100615,262,100954,257,100355,257,101212,257,100279,257,101222,100,100055,100,101252,100,100033,200,101279,100,100027,200,101598,100,100015,100,,,100012,100,,,99991,100,,,99970,100
2019-06-28 09:53:50.000000000,100774,438,100615,338,100954,338,100355,338,101212,100,100279,100,101222,100,100055,100,101252,100,100033,200,101279,100,100027,200,101598,100,100015,100,,,100012,100,,,99991,100,,,99970,100
2019-06-28 09:53:58.846439759,100774,438,100708,100,100954,338,100615,338,101212,100,100355,338,101222,100,100279,100,101252,100,100055,100,101279,100,100033,100,101598,100,100027,200,,,100015,100,,,100012,100,,,99991,100
2019-06-28 09:54:00.000000000,100774,295,100708,195,100954,195,100615,195,101212,195,100355,195,101222,195,100279,195,101252,195,100055,195,101279,100,100033,100,101598,100,100027,200,,,100015,100,,,100012,100,,,99991,100
2019-06-28 09:54:08.323761546,100774,195,100708,195,100954,195,100615,195,101212,195,100355,195,101222,195,100279,195,101252,195,100055,195,101279,100,100033,100,101598,100,100027,200,,,100015,100,,,100012,100,,,99991,100
2019-06-28 09:54:08.723985393,100774,195,100769,100,100954,195,100708,195,101212,195,100615,195,101222,195,100355,195,101252,195,100279,195,101279,100,100055,195,101598,100,100033,100,,,100027,200,,,100015,100,,,100012,100
2019-06-28 09:54:09.941386258,100774,195,100769,200,100954,195,100708,195,101212,195,100615,195,101222,195,100355,195,101252,195,100279,195,101279,100,100055,195,101598,100,100033,100,,,100027,200,,,100015,100,,,100012,100
2019-06-28 09:54:10.000000000,100774,219,100769,319,100954,219,100708,219,101212,219,100615,219,101222,219,100355,219,101252,100,100279,100,101279,100,100055,100,101598,100,100033,100,,,100027,200,,,100015,100,,,100012,100
2019-06-28 09:54:20.000000000,100774,219,100769,319,100954,219,100708,219,101212,219,100615,219,101222,219,100355,219,101252,100,100279,100,101279,100,100055,100,101598,100,100033,100,,,100027,200,,,100015,100,,,100012,100
2019-06-28 09:54:29.281246076,100774,219,100769,319,100954,219,100708,219,101041,100,100615,219,101212,219,100355,219,101222,219,100279,100,101252,100,100055,100,101598,100,100033,100,,,100027,200,,,100015,100,,,100012,100
2019-06-28 09:54:30.000000000,100774,575,100769,675,100954,100,100708,100,101041,100,100615,100,101212,100,100355,100,101222,100,100279,100,101252,100,100055,100,101598,100,100033,100,,,100027,200,,,100015,100,,,100012,100
2019-06-28 09:54:40.000000000,100774,195,100769,295,100954,195,100708,195,101041,195,100615,195,101212,195,100355,195,101222,195,100279,195,101252,100,100055,100,101598,100,100033,100,,,100027,200,,,100015,100,,,100012,100
2019-06-28 09:54:50.000000000,100774,219,100769,319,100954,219,100708,219,101041,219,100615,219,101212,219,100355,219,101222,100,100279,100,101252,100,100055,100,101598,100,100033,100,,,100027,200,,,100015,100,,,100012,100
2019-06-28 09:55:00.000000000,100774,338,100769,438,100954,338,100708,338,101041,100,100615,100,101212,100,100355,100,101222,100,100279,100,101252,100,100055,100,101598,100,100033,100,,,100027,200,,,100015,100,,,100012,100
2019-06-28 09:55:01.252182862,100774,338,100769,438,100954,338,100708,338,101041,100,100615,100,101209,100,100355,100,101212,100,100279,100,101222,100,100055,100,101598,100,100033,100,,,100027,200,,,100015,100,,,100012,100
2019-06-28 09:55:10.000000000,100774,575,100769,675,100954,100,100708,100,101041,100,100615,100,101209,100,100355,100,101212,100,100279,100,101222,100,100055,100,101598,100,100033,100,,,100027,200,,,100015,100,,,100012,100
2019-06-28 09:55:12.317750658,100774,575,100769,775,100954,100,100708,100,101041,100,100615,100,101209,100,100355,100,101212,100,100279,100,101222,100,100055,100,101598,100,100033,100,,,100027,100,,,100015,100,,,100012,100
2019-06-28 09:55:20.000000000,100774,338,100769,538,100954,338,100708,338,101041,100,100615,100,101209,100,100355,100,101212,100,100279,100,101222,100,100055,100,101598,100,100033,100,,,100027,100,,,100015,100,,,100012,100
2019-06-28 09:55:30.000000000,100774,195,100769,395,100954,195,100708,195,101041,195,100615,195,101209,195,100355,195,101212,195,100279,195,101222,100,100055,100,101598,100,100033,100,,,100027,100,,,100015,100,,,100012,100
2019-06-28 09:55:39.355725652,100774,195,100769,395,100954,195,100708,195,101041,195,100651,100,101209,95,100615,195,101212,195,100355,195,101222,100,100279,195,101598,100,100055,100,,,100033,100,,,100027,100,,,100015,100
2019-06-28 09:55:40.000000000,100774,219,100769,419,100954,219,100708,219,101041,219,100651,219,101212,219,100615,219,101222,100,100355,100,101598,100,100279,100,,,100055,100,,,100033,100,,,100027,100,,,100015,100
2019-06-28 09:55:50.000000000,100774,219,100769,419,100954,219,100708,219,101041,219,100651,219,101212,219,100615,219,101222,100,100355,100,101598,100,100279,100,,,100055,100,,,100033,100,,,100027,100,,,100015,100
2019-06-28 09:56:00.000000000,100774,262,100769,462,100954,257,100708,257,101041,257,100651,257,101212,100,100615,100,101222,100,100355,100,101598,100,100279,100,,,100055,100,,,100033,100,,,100027,100,,,100015,100
2019-06-28 09:56:09.697760066,100774,262,100769,362,100954,257,100708,257,101041,257,100651,257,101212,100,100615,100,101222,100,100355,100,101598,100,100279,100,,,100055,100,,,100033,100,,,100027,100,,,100015,100
2019-06-28 09:56:10.000000000,100774,338,100769,438,100954,338,100708,338,101041,100,100651,100,101212,100,100615,100,101222,100,100355,100,101598,100,100279,100,,,100055,100,,,100033,100,,,100027,100,,,100015,100
2019-06-28 09:56:20.000000000,100774,195,100769,295,100954,195,100708,195,101041,195,100651,195,101212,195,100615,195,101222,195,100355,195,101598,100,100279,100,,,100055,100,,,100033,100,,,100027,100,,,100015,100
2019-06-28 09:56:26.367288571,100774,195,100769,195,100954,195,100708,195,101041,195,100651,195,101212,95,100615,195,101222,195,100355,195,101598,100,100279,100,,,100055,100,,,100033,100,,,100027,100,,,100015,100
2019-06-28 09:56:30.000000000,100774,575,100769,575,100954,100,100708,100,101041,100,100651,100,101222,100,100615,100,101598,100,100355,100,,,100279,100,,,100055,100,,,100033,100,,,100027,100,,,100015,100
2019-06-28 09:56:30.920926275,100774,575,100769,575,100954,100,100708,100,101041,100,100651,100,101222,100,100615,100,101598,100,100355,100,,,100279,100,,,100033,100,,,100027,100,,,100015,100,,,100012,100
2019-06-28 09:56:31.527361200,100774,575,100769,475,100954,100,100708,100,101041,100,100651,100,101222,100,100615,100,101598,100,100355,100,,,100279,100,,,100033,100,,,100027,100,,,100015,100,,,100012,100
2019-06-28 09:56:38.283308719,100774,575,100769,475,100954,100,100708,100,101041,100,100651,100,101222,100,100615,100,101598,100,100355,100,,,100298,100,,,100279,100,,,100033,100,,,100027,100,,,100015,100
2019-06-28 09:56:40.000000000,100774,338,100708,338,100954,338,100651,338,101041,100,100615,100,101222,100,100355,100,101598,100,100298,100,,,100279,100,,,100033,100,,,100027,100,,,100015,100,,,100012,100
2019-06-28 09:56:50.000000000,100774,575,100708,575,100954,100,100651,100,101041,100,100615,100,101222,100,100355,100,101598,100,100298,100,,,100279,100,,,100033,100,,,100027,100,,,100015,100,,,100012,100
2019-06-28 09:57:00.000000000,100774,575,100708,575,100954,100,100651,100,101041,100,100615,100,101222,100,100355,100,101598,100,100298,100,,,100279,100,,,100033,100,,,100027,100,,,100015,100,,,100012,100
2019-06-28 09:57:10.000000000,100774,195,100708,195,100954,195,100651,195,101041,195,100615,195,101222,195,100355,195,101598,195,100298,195,,,100279,100,,,100033,100,,,100027,100,,,100015,100,,,100012,100
2019-06-28 09:57:20.000000000,100774,262,100708,262,100954,257,100651,257,101041,257,100615,257,101222,100,100355,100,101598,100,100298,100,,,100279,100,,,100033,100,,,100027,100,,,100015,100,,,100012,100
2019-06-28 09:57:22.651477374,100774,262,100708,262,100954,257,100651,257,101041,257,100615,257,101222,100,100505,100,,,100355,100,,,100298,100,,,100279,100,,,100033,100,,,100027,100,,,100015,100
2019-06-28 09:57:30.000000000,100774,338,100708,338,100954,338,100651,338,101041,100,100615,100,101222,100,100505,100,,,100355,100,,,100298,100,,,100279,100,,,100033,100,,,100027,100,,,100015,100
2019-06-28 09:57:36.570419430,100774,338,100708,238,100954,338,100651,338,101041,100,100615,100,101222,100,100505,100,,,100355,100,,,100298,100,,,100279,100,,,100033,100,,,100027,100,,,100015,100
2019-06-28 09:57:40.000000000,100774,575,100651,575,100954,100,100615,100,101041,100,100505,100,101222,100,100355,100,,,100298,100,,,100279,100,,,100033,100,,,100027,100,,,100015,100,,,100012,100
2019-06-28 09:57:45.582432826,100774,575,100651,575,100954,100,100615,100,101041,100,100505,100,101222,100,100399,100,,,100355,100,,,100298,100,,,100279,100,,,100033,100,,,100027,100,,,100015,100
2019-06-28 09:57:50.000000000,100774,262,100651,262,100954,257,100615,257,101041,257,100505,257,101222,100,100399,100,,,100355,100,,,100298,100,,,100279,100,,,100033,100,,,100027,100,,,100015,100
2019-06-28 09:58:00.000000000,100774,575,100651,575,100954,100,100615,100,101041,100,100505,100,101222,100,100399,100,,,100355,100,,,100298,100,,,100279,100,,,100033,100,,,100027,100,,,100015,100
2019-06-28 09:58:05.268079849,100774,575,100651,575,100954,100,100615,100,101041,100,100505,100,101222,100,100399,100,,,100355,100,,,100298,100,,,100279,100,,,100033,100,,,100027,100,,,100012,100
2019-06-28 09:58:10.000000000,100774,219,100651,219,100954,219,100615,219,101041,219,100505,219,101222,219,100399,219,,,100355,100,,,100298,100,,,100279,100,,,100033,100,,,100027,100,,,100012,100
2019-06-28 09:58:20.000000000,100774,338,100651,338,100954,338,100615,338,101041,100,100505,100,101222,100,100399,100,,,100355,100,,,100298,100,,,100279,100,,,100033,100,,,100027,100,,,100012,100
2019-06-28 09:58:20.383013755,100774,338,100651,238,100954,338,100615,338,101041,100,100505,100,101222,100,100399,100,,,100355,100,,,100298,100,,,100279,100,,,100033,100,,,100027,100,,,100012,100
2019-06-28 09:58:30.000000000,100774,262,100615,262,100954,257,100505,257,101041,257,100399,257,101222,100,100355,100,,,100298,100,,,100279,100,,,100033,100,,,100027,100,,,100012,100,,,99991,100
2019-06-28 09:58:40.000000000,100774,219,100615,219,100954,219,100505,219,101041,219,100399,219,101222,219,100355,219,,,100298,100,,,100279,100,,,100033,100,,,100027,100,,,100012,100,,,99991,100
2019-06-28 09:58:50.000000000,100774,262,100615,262,100954,257,100505,257,101041,257,100399,257,101222,100,100355,100,,,100298,100,,,100279,100,,,100033,100,,,100027,100,,,100012,100,,,99991,100
2019-06-28 09:58:58.983790090,100774,262,100615,162,100954,257,100505,257,101041,257,100399,257,101222,100,100355,100,,,100298,100,,,100279,100,,,100033,100,,,100027,100,,,100012,100,,,99991,100
2019-06-28 09:59:00.000000000,100774,338,100505,338,100954,338,100399,338,101041,100,100355,100,101222,100,100298,100,,,100279,100,,,100033,100,,,100027,100,,,100012,100,,,99991,100,,,99970,100
2019-06-28 09:59:09.108801514,100774,338,100505,238,100954,338,100399,338,101041,100,100355,100,101222,100,100298,100,,,100279,100,,,100033,100,,,100027,100,,,100012,100,,,99991,100,,,99970,100
2019-06-28 09:59:10.000000000,100774,195,100399,195,100954,195,100355,195,101041,195,100298,195,101222,195,100279,195,101223,95,100033,195,,,100027,100,,,100012,100,,,99991,100,,,99970,100,,,99954,100
2019-06-28 09:59:13.605380310,100615,100,100399,195,100774,195,100355,195,100954,195,100298,195,101041,195,100279,195,101222,195,100033,195,101223,95,100027,100,,,100012,100,,,99991,100,,,99970,100,,,99954,100
2019-06-28 09:59:20.000000000,100615,219,100399,219,100774,219,100355,219,100954,219,100298,219,101041,219,100279,219,101222,100,100033,100,,,100027,100,,,100012,100,,,99991,100,,,99970,100,,,99954,100
2019-06-28 09:59:25.121178152,100615,219,100399,19,100774,219,100355,219,100954,219,100298,219,101041,219,100279,219,101222,100,100033,100,,,100027,100,,,100012,100,,,99991,100,,,99970,100,,,99954,100
2019-06-28 09:59:30.000000000,100615,219,100355,219,100774,219,100298,219,100954,219,100279,219,101041,219,100033,219,101222,100,100027,100,,,100012,100,,,99991,100,,,99970,100,,,99954,100,,,99860,100
2019-06-28 09:59:35.920136774,100615,219,100355,219,100774,219,100298,219,100954,219,100279,219,101041,219,100184,100,101222,100,100033,219,,,100027,100,,,100012,100,,,99991,100,,,99970,100,,,99954,100
2019-06-28 09:59:40.000000000,100615,338,100355,338,100774,338,100298,338,100954,100,100279,100,101041,100,100184,100,101222,100,100033,100,,,100027,100,,,100012,100,,,99991,100,,,99970,100,,,99954,100
2019-06-28 09:59:48.312444488,100615,338,100355,338,100774,338,100298,338,100954,100,100279,100,101041,100,100184,100,,,100066,100,,,100033,100,,,100027,100,,,100012,100,,,99991,100,,,99970,100
2019-06-28 09:59:50.000000000,100615,195,100355,195,100774,195,100298,195,100954,195,100279,195,101041,195,100184,195,101042,95,100066,195,,,100033,100,,,100027,100,,,100012,100,,,99991,100,,,99970,100
2019-06-28 09:59:51.819579332,100615,195,100370,100,100774,195,100355,195,100954,195,100298,195,101041,195,100279,195,101042,95,100184,195,,,100066,195,,,100033,100,,,100027,100,,,100012,100,,,99991,100
2019-06-28 10:00:00.000000000,100615,219,100370,219,100774,219,100355,219,100954,219,100298,219,101041,219,100279,219,,,100184,100,,,100066,100,,,100033,100,,,100027,100,,,100012,100,,,99991,100
2019-06-28 10:00:10.000000000,100615,219,100370,219,100774,219,100355,219,100954,219,100298,219,101041,219,100279,219,,,100184,100,,,100066,100,,,100033,100,,,100027,100,,,100012,100,,,99991,100
2019-06-28 10:00:20.000000000,100615,195,100370,195,100774,195,100355,195,100954,195,100298,195,101041,195,100279,195,101042,95,100184,195,,,100066,100,,,100033,100,,,100027,100,,,100012,100,,,99991,100
2019-06-28 10:00:30.000000000,100615,195,100370,195,100774,195,100355,195,100954,195,100298,195,101041,195,100279,195,101042,95,100184,195,,,100066,100,,,100033,100,,,100027,100,,,100012,100,,,99991,100
2019-06-28 10:00:39.285057353,100615,195,100370,195,100774,95,100355,195,100954,195,100298,195,101041,195,100279,195,101042,95,100184,195,,,100066,100,,,100033,100,,,100027,100,,,100012,100,,,99991,100
2019-06-28 10:00:40.000000000,100615,262,100370,262,100954,257,100355,257,101041,257,100298,257,,,100279,100,,,100184,100,,,100066,100,,,100033,100,,,100027,100,,,100012,100,,,99991,100
2019-06-28 10:00:50.000000000,100615,262,100370,262,100954,257,100355,257,101041,257,100298,257,,,100279,100,,,100184,100,,,100066,100,,,100033,100,,,100027,100,,,100012,100,,,99991,100
2019-06-28 10:01:00.000000000,100615,575,100370,575,100954,100,100355,100,101041,100,100298,100,,,100279,100,,,100184,100,,,100066,100,,,100033,100,,,100027,100,,,100012,100,,,99991,100
2019-06-28 10:01:10.000000000,100615,338,100370,338,100954,338,100355,338,101041,100,100298,100,,,100279,100,,,100184,100,,,100066,100,,,100033,100,,,100027,100,,,100012,100,,,99991,100
2019-06-28 10:01:20.000000000,100615,262,100370,262,100954,257,100355,257,101041,257,100298,257,,,100279,100,,,100184,100,,,100066,100,,,100033,100,,,100027,100,,,100012,100,,,99991,100
2019-06-28 10:01:23.524286982,100505,100,100370,262,100615,262,100355,257,100954,257,100298,257,101041,257,100279,100,,,100184,100,,,100066,100,,,100033,100,,,100027,100,,,100012,100,,,99991,100
2019-06-28 10:01:30.000000000,100505,575,100370,575,100615,100,100355,100,100954,100,100298,100,101041,100,100279,100,,,100184,100,,,100066,100,,,100033,100,,,100027,100,,,100012,100,,,99991,100
2019-06-28 10:01:34.300545465,100505,675,100370,575,100615,100,100355,100,100954,100,100298,100,101041,100,100279,100,,,100184,100,,,100066,100,,,100033,100,,,100027,100,,,100012,100,,,99991,100
2019-06-28 10:01:40.000000000,100505,319,100370,219,100615,219,100355,219,100954,219,100298,219,101041,219,100279,219,,,100184,100,,,100066,100,,,100033,100,,,100027,100,,,100012,100,,,99991,100
2019-06-28 10:01:50.000000000,100505,675,100370,575,100615,100,100355,100,100954,100,100298,100,101041,100,100279,100,,,100184,100,,,100066,100,,,100033,100,,,100027,100,,,100012,100,,,99991,100
2019-06-28 10:01:52.437809274,100505,675,100370,475,100615,100,100355,100,100954,100,100298,100,101041,100,100279,100,,,100184,100,,,100066,100,,,100033,100,,,100027,100,,,100012,100,,,99991,100
2019-06-28 10:02:00.000000000,100505,295,100355,195,100615,195,100298,195,100954,195,100279,195,101041,195,100184,195,101042,95,100066,195,,,100033,100,,,100027,100,,,100012,100,,,99991,100,,,99970,100
2019-06-28 10:02:10.000000000,100505,675,100355,575,100615,100,100298,100,100954,100,100279,100,101041,100,100184,100,,,100066,100,,,100033,100,,,100027,100,,,100012,100,,,99991,100,,,99970,100
2019-06-28 10:02:20.000000000,100505,438,100355,338,100615,338,100298,338,100954,100,100279,100,101041,100,100184,100,,,100066,100,,,100033,100,,,100027,100,,,100012,100,,,99991,100,,,99970,100
2019-06-28 10:02:30.000000000,100505,675,100355,575,100615,100,100298,100,100954,100,100279,100,101041,100,100184,100,,,100066,100,,,100033,100,,,100027,100,,,100012,100,,,99991,100,,,99970,100
2019-06-28 10:02:30.131369296,100399,100,100355,575,100505,675,100298,100,100954,100,100279,100,101041,100,100184,100,,,100066,100,,,100033,100,,,100027,100,,,100012,100,,,99991,100,,,99970,100
2019-06-28 10:02:40.000000000,100399,338,100355,338,100505,438,100298,338,100954,100,100279,100,101041,100,100184,100,,,100066,100,,,100033,100,,,100027,100,,,100012,100,,,99991,100,,,99970,100
2019-06-28 10:02:50.000000000,100399,575,100355,575,100505,200,100298,100,100954,100,100279,100,101041,100,100184,100,,,100066,100,,,100033,100,,,100027,100,,,100012,100,,,99991,100,,,99970,100
2019-06-28 10:03:00.000000000,100399,262,100355,262,100505,357,100298,257,100954,257,100279,257,101041,100,100184,100,,,100066,100,,,100033,100,,,100027,100,,,100012,100,,,99991,100,,,99970,100
2019-06-28 10:03:10.000000000,100399,262,100355,262,100505,357,100298,257,100954,257,100279,257,101041,100,100184,100,,,100066,100,,,100033,100,,,100027,100,,,100012,100,,,99991,100,,,99970,100
2019-06-28 10:03:10.835963845,100399,162,100355,262,100505,357,100298,257,100954,257,100279,257,101041,100,100184,100,,,100066,100,,,100033,100,,,100027,100,,,100012,100,,,99991,100,,,99970,100
2019-06-28 10:03:19.091544625,100399,262,100355,262,100505,357,100298,257,100954,257,100279,257,101041,100,100184,100,,,100066,100,,,100033,100,,,100027,100,,,99991,100,,,99970,100,,,99961,100
2019-06-28 10:03:20.000000000,100399,262,100355,262,100505,357,100298,257,100954,257,100279,257,101041,100,100184,100,,,100066,100,,,100033,100,,,100027,100,,,99991,100,,,99970,100,,,99961,100
2019-06-28 10:03:30.000000000,100399,338,100355,338,100505,438,100298,338,100954,100,100279,100,101041,100,100184,100,,,100066,100,,,100033,100,,,100027,100,,,99991,100,,,99970,100,,,99961,100
2019-06-28 10:03:32.303756883,100399,338,100355,338,100505,438,100298,338,100954,100,100279,100,101041,100,100184,100,,,100066,100,,,100033,100,,,100027,100,,,99991,100,,,99970,100,,,99961,100
2019-06-28 10:03:40.000000000,100399,575,100355,575,100505,200,100298,100,100954,100,100279,100,101041,100,100184,100,,,100066,100,,,100033,100,,,100027,100,,,99991,100,,,99970,100,,,99961,100
2019-06-28 10:03:50.000000000,100399,575,100355,575,100505,200,100298,100,100954,100,100279,100,101041,100,100184,100,,,100066,100,,,100033,100,,,100027,100,,,99991,100,,,99970,100,,,99961,100
2019-06-28 10:04:00.000000000,100399,575,100355,575,100505,200,100298,100,100954,100,100279,100,101041,100,100184,100,,,100066,100,,,100033,100,,,100027,100,,,99991,100,,,99970,100,,,99961,100
2019-06-28 10:04:10.000000000,100399,219,100355,219,100505,319,100298,219,100954,219,100279,219,101041,219,100184,219,,,100066,100,,,100033,100,,,100027,100,,,99991,100,,,99970,100,,,99961,100
2019-06-28 10:04:20.000000000,100399,262,100355,262,100505,357,100298,257,100954,257,100279,257,101041,100,100184,100,,,100066,100,,,100033,100,,,100027,100,,,99991,100,,,99970,100,,,99961,100
2019-06-28 10:04:27.016442495,100399,262,100355,162,100505,357,100298,257,100954,257,100279,257,101041,100,100184,100,,,100066,100,,,100033,100,,,100027,100,,,99991,100,,,99970,100,,,99961,100
2019-06-28 10:04:30.000000000,100399,195,100298,195,100505,295,100279,195,100954,195,100184,195,101041,195,100066,195,101042,95,100033,195,,,100027,100,,,99991,100,,,99970,100,,,99961,100,,,99860,100
2019-06-28 10:04:30.360493845,100399,195,100298,95,100505,295,100279,195,100954,195,100184,195,101041,195,100066,195,101042,95,100033,195,,,100027,100,,,99991,100,,,99970,100,,,99961,100,,,99860,100
2019-06-28 10:04:38.931588215,100298,5,100279,195,100399,195,100184,195,100505,295,100066,195,100954,195,100033,195,101041,195,100027,100,101042,95,99991,100,,,99970,100,,,99961,100,,,99860,100,,,98642,100
2019-06-28 10:04:40.000000000,100298,124,100279,219,100399,219,100184,219,100505,319,100066,219,100954,219,100033,219,101041,100,100027,100,,,99991,100,,,99970,100,,,99961,100,,,99860,100,,,98642,100
2019-06-28 10:04:50.000000000,100298,124,100279,219,100399,219,100184,219,100505,319,100066,219,100954,219,100033,219,101041,100,100027,100,,,99991,100,,,99970,100,,,99961,100,,,99860,100,,,98642,100
2019-06-28 10:04:59.757899187,100298,124,100279,119,100399,219,100184,219,100505,319,100066,219,100954,219,100033,219,101041,100,100027,100,,,99991,100,,,99970,100,,,99961,100,,,99860,100,,,98642,100
2019-06-28 10:05:00.000000000,100298,243,100184,338,100399,338,100066,338,100505,200,100033,100,100954,100,100027,100,101041,100,99991,100,,,99970,100,,,99961,100,,,99860,100,,,98642,100,,,,
2019-06-28 10:05:04.656723744,100298,243,100184,238,100399,338,100066,338,100505,200,100033,100,100954,100,100027,100,101041,100,99991,100,,,99970,100,,,99961,100,,,99860,100,,,98642,100,,,,
2019-06-28 10:05:10.000000000,100298,167,100066,262,100399,257,100033,257,100505,357,100027,257,100954,100,99991,100,101041,100,99970,100,,,99961,100,,,99860,100,,,98642,100,,,,,,,,
2019-06-28 10:05:11.030939564,100279,100,100066,262,100298,167,100033,257,100399,257,100027,257,100505,357,99991,100,100954,100,99970,100,101041,100,99961,100,,,99860,100,,,98642,100,,,,,,,,
2019-06-28 10:05:20.000000000,100279,338,100066,338,100298,243,100033,338,100399,100,100027,100,100505,200,99991,100,100954,100,99970,100,101041,100,99961,100,,,99860,100,,,98642,100,,,,,,,,
2019-06-28 10:05:21.158864496,100279,338,100066,238,100298,243,100033,338,100399,100,100027,100,100505,200,99991,100,100954,100,99970,100,101041,100,99961,100,,,99860,100,,,98642,100,,,,,,,,
2019-06-28 10:05:28.066558162,100279,338,100066,238,100298,243,100033,338,100399,100,100027,100,100505,200,99991,100,100954,100,99970,100,101041,100,99961,100,,,99860,100,,,99092,100,,,98642,100,,,,
2019-06-28 10:05:28.078845306,100279,338,100066,138,100298,243,100033,338,100399,100,100027,100,100505,200,99991,100,100954,100,99970,100,101041,100,99961,100,,,99860,100,,,98642,100,,,,,,,,
2019-06-28 10:05:30.000000000,100279,219,100033,219,100298,124,100027,219,100399,219,99991,219,100505,319,99970,219,100954,100,99961,100,101041,100,99860,100,,,98642,100,,,,,,,,,,,,
2019-06-28 10:05:35.376046626,100279,219,100033,219,100298,124,100027,219,100399,219,99991,219,100505,319,99970,219,100954,100,99961,100,101041,100,99860,100,,,99519,100,,,98642,100,,,,,,,,
2019-06-28 10:05:39.842484276,100279,219,100033,119,100298,124,100027,219,100399,219,99991,219,100505,319,99970,219,100954,100,99961,100,101041,100,99860,100,,,99519,100,,,98642,100,,,,,,,,
2019-06-28 10:05:40.000000000,100279,195,100027,195,100298,100,99991,195,100399,195,99970,195,100505,295,99961,195,100954,195,99860,195,101041,100,99519,100,,,98642,100,,,,,,,,,,,,
2019-06-28 10:05:40.641115414,100279,195,100027,95,100298,100,99991,195,100399,195,99970,195,100505,295,99961,195,100954,195,99860,195,101041,100,99519,100,,,,,,,,,,,,,,,,
2019-06-28 10:05:44.073544571,100027,5,99991,195,100279,195,99970,195,100298,100,99961,195,100399,195,99860,195,100505,295,99519,100,100954,195,,,101041,100,,,,,,,,,,,,,,
2019-06-28 10:05:50.000000000,100027,100,99991,195,100279,195,99970,195,100298,100,99961,195,100399,195,99860,195,100505,295,99519,195,100954,100,,,101041,100,,,,,,,,,,,,,,
2019-06-28 10:05:51.980761780,100027,200,99991,195,100279,195,99970,195,100298,100,99961,195,100399,195,99860,195,100505,295,99519,195,100954,100,,,101041,100,,,,,,,,,,,,,,
2019-06-28 10:06:00.000000000,100027,580,99991,575,100279,100,99970,100,100298,5,99961,100,100399,100,99860,100,100505,200,99519,100,100954,100,,,101041,100,,,,,,,,,,,,,,
2019-06-28 10:06:10.000000000,100027,267,99991,262,100279,257,99970,257,100298,162,99961,257,100399,100,99860,100,100505,200,99519,100,100954,100,,,101041,100,,,,,,,,,,,,,,
2019-06-28 10:06:20.000000000,100027,267,99991,262,100279,257,99970,257,100298,162,99961,257,100399,100,99860,100,100505,200,99519,100,100954,100,,,101041,100,,,,,,,,,,,,,,
2019-06-28 10:06:30.000000000,100027,224,99991,219,100279,219,99970,219,100298,124,99961,219,100399,219,99860,219,100505,200,99519,100,100954,100,,,101041,100,,,,,,,,,,,,,,
2019-06-28 10:06:35.091818846,100027,224,99991,219,100279,219,99970,219,100298,124,99961,219,100399,219,99860,219,100505,200,99519,100,100954,100,99226,100,101041,100,,,,,,,,,,,,,,
2019-06-28 10:06:40.000000000,100027,580,99991,575,100279,100,99970,100,100298,5,99961,100,100399,100,99860,100,100505,200,99519,100,100954,100,99226,100,101041,100,,,,,,,,,,,,,,
2019-06-28 10:06:50.000000000,100027,343,99991,338,100279,338,99970,338,100298,5,99961,100,100399,100,99860,100,100505,200,99519,100,100954,100,99226,100,101041,100,,,,,,,,,,,,,,
2019-06-28 10:07:00.000000000,100027,224,99991,219,100279,219,99970,219,100298,124,99961,219,100399,219,99860,219,100505,200,99519,100,100954,100,99226,100,101041,100,,,,,,,,,,,,,,
2019-06-28 10:07:10.000000000,100027,200,99991,195,100279,195,99970,195,100298,100,99961,195,100399,195,99860,195,100505,295,99519,195,100954,100,99226,100,101041,100,,,,,,,,,,,,,,
2019-06-28 10:07:20.000000000,100027,200,99991,195,100279,195,99970,195,100298,100,99961,195,100399,195,99860,195,100505,295,99519,195,100954,100,99226,100,101041,100,,,,,,,,,,,,,,
2019-06-28 10:07:30.000000000,100027,200,99991,195,100279,195,99970,195,100298,100,99961,195,100399,195,99860,195,100505,295,99519,195,100954,100,99226,100,101041,100,,,,,,,,,,,,,,
2019-06-28 10:07:32.961759652,100027,200,100015,100,100279,195,99991,195,100298,100,99970,195,100399,195,99961,195,100505,295,99860,195,100954,100,99519,195,,,99226,100,,,,,,,,,,,,
2019-06-28 10:07:40.000000000,100027,580,100015,575,100279,100,99991,100,100298,5,99970,100,100399,100,99961,100,100505,200,99860,100,100954,100,99519,100,,,99226,100,,,,,,,,,,,,
2019-06-28 10:07:50.000000000,100027,267,100015,262,100279,257,99991,257,100298,162,99970,257,100399,100,99961,100,100505,200,99860,100,100954,100,99519,100,,,99226,100,,,,,,,,,,,,
2019-06-28 10:08:00.000000000,100027,200,100015,195,100279,195,99991,195,100298,100,99970,195,100399,195,99961,195,100505,295,99860,195,100954,100,99519,100,,,99226,100,,,,,,,,,,,,
2019-06-28 10:08:07.342502949,100027,200,100015,195,100279,195,99991,195,100298,95,99970,195,100399,195,99961,195,100505,295,99908,100,100954,100,99860,195,,,99519,100,,,99226,100,,,,,,,,
2019-06-28 10:08:10.000000000,100027,580,100015,575,100279,100,99991,100,100399,100,99970,100,100505,200,99961,100,100954,100,99908,100,,,99860,100,,,99519,100,,,99226,100,,,,,,,,
2019-06-28 10:08:12.788386537,100027,580,100015,575,100279,100,99991,100,100399,100,99970,100,100505,200,99961,100,100954,100,99908,100,,,99860,100,,,99756,100,,,99519,100,,,99226,100,,,,
2019-06-28 10:08:20.000000000,100027,200,100015,195,100279,195,99991,195,100399,195,99970,195,100505,295,99961,195,100954,195,99908,195,,,99860,100,,,99756,100,,,99519,100,,,99226,100,,,,
2019-06-28 10:08:21.645049547,100027,200,100015,195,100279,95,99991,195,100399,195,99970,195,100505,295,99961,195,100954,195,99908,195,,,99860,100,,,99756,100,,,99519,100,,,99226,100,,,,
2019-06-28 10:08:30.000000000,100027,200,100015,195,100399,195,99991,195,100505,295,99970,195,100954,195,99961,195,100955,95,99908,195,,,99860,100,,,99756,100,,,99519,100,,,99226,100,,,,
2019-06-28 10:08:40.000000000,100027,224,100015,219,100399,219,99991,219,100505,319,99970,219,100954,219,99961,219,,,99908,100,,,99860,100,,,99756,100,,,99519,100,,,99226,100,,,,
2019-06-28 10:08:42.920028654,100027,224,100015,119,100399,219,99991,219,100505,319,99970,219,100954,219,99961,219,,,99908,100,,,99756,100,,,99519,100,,,99226,100,,,,,,,,
2019-06-28 10:08:50.000000000,100027,580,99991,575,100399,100,99970,100,100505,200,99961,100,100954,100,99908,100,,,99756,100,,,99519,100,,,99226,100,,,,,,,,,,,,
2019-06-28 10:09:00.000000000,100027,267,99991,262,100399,257,99970,257,100505,357,99961,257,100954,100,99908,100,,,99756,100,,,99519,100,,,99226,100,,,,,,,,,,,,
2019-06-28 10:09:10.000000000,100027,580,99991,575,100399,100,99970,100,100505,200,99961,100,100954,100,99908,100,,,99756,100,,,99519,100,,,99226,100,,,,,,,,,,,,
2019-06-28 10:09:20.000000000,100027,343,99991,338,100399,338,99970,338,100505,200,99961,100,100954,100,99908,100,,,99756,100,,,99519,100,,,99226,100,,,,,,,,,,,,
2019-06-28 10:09:30.000000000,100027,200,99991,195,100399,195,99970,195,100505,295,99961,195,100954,195,99908,195,100955,95,99756,195,,,99519,100,,,99226,100,,,,,,,,,,,,
2019-06-28 10:09:40.000000000,100027,267,99991,262,100399,257,99970,257,100505,357,99961,257,100954,100,99908,100,,,99756,100,,,99519,100,,,99226,100,,,,,,,,,,,,
2019-06-28 10:09:49.803310436,100027,267,99991,162,100399,257,99970,257,100505,357,99961,257,100954,100,99908,100,,,99756,100,,,99519,100,,,99226,100,,,,,,,,,,,,
2019-06-28 10:09:50.000000000,100027,267,99970,262,100399,257,99961,257,100505,357,99908,257,100954,100,99756,100,,,99519,100,,,99226,100,,,,,,,,,,,,,,,,
2019-06-28 10:09:53.822654593,100027,267,99970,162,100399,257,99961,257,100505,357,99908,257,100954,100,99756,100,,,99519,100,,,99226,100,,,,,,,,,,,,,,,,
2019-06-28 10:10:00.000000000,100027,267,99961,262,100399,257,99908,257,100505,357,99756,257,100954,100,99519,100,,,99226,100,,,,,,,,,,,,,,,,,,,,
2019-06-28 10:10:10.000000000,100027,580,99961,575,100399,100,99908,100,100505,200,99756,100,100954,100,99519,100,,,99226,100,,,,,,,,,,,,,,,,,,,,
2019-06-28 10:10:13.611943921,99991,100,99961,575,100027,580,99908,100,100399,100,99756,100,100505,200,99519,100,100954,100,99226,100,,,,,,,,,,,,,,,,,,,,
2019-06-28 10:10:20.000000000,99991,262,99961,262,100027,262,99908,257,100399,257,99756,257,100505,200,99519,100,100954,100,99226,100,,,,,,,,,,,,,,,,,,,,
2019-06-28 10:10:24.320013643,99991,362,99961,262,100027,262,99908,257,100399,257,99756,257,100505,200,99519,100,100954,100,99226,100,,,,,,,,,,,,,,,,,,,,
2019-06-28 10:10:30.000000000,99991,675,99961,575,100027,105,99908,100,100399,100,99756,100,100505,200,99519,100,100954,100,99226,100,,,,,,,,,,,,,,,,,,,,
2019-06-28 10:10:40.000000000,99991,362,99961,262,100027,262,99908,257,100399,257,99756,257,100505,200,99519,100,100954,100,99226,100,,,,,,,,,,,,,,,,,,,,
2019-06-28 10:10:43.175957217,99991,362,99961,262,100027,262,99908,257,100399,257,99756,257,100505,200,99519,100,100954,100,99226,100,,,99141,100,,,,,,,,,,,,,,,,
2019-06-28 10:10:44.354964394,99991,362,99961,162,100027,262,99908,257,100399,257,99756,257,100505,200,99519,100,100954,100,99226,100,,,99141,100,,,,,,,,,,,,,,,,
2019-06-28 10:10:47.094921824,99991,362,99961,162,100027,262,99908,257,100399,257,99756,257,100505,200,99519,100,,,99226,100,,,99211,100,,,99141,100,,,,,,,,,,,,
2019-06-28 10:10:50.000000000,99991,319,99908,219,100027,224,99756,219,100399,219,99519,219,100505,319,99226,219,,,99211,100,,,99141,100,,,,,,,,,,,,,,,,
2019-06-28 10:11:00.000000000,99991,319,99908,219,100027,224,99756,219,100399,219,99519,219,100505,319,99226,219,,,99211,100,,,99141,100,,,,,,,,,,,,,,,,
2019-06-28 10:11:03.303619083,99991,319,99908,119,100027,224,99756,219,100399,219,99519,219,100505,319,99226,219,,,99211,100,,,99141,100,,,,,,,,,,,,,,,,
2019-06-28 10:11:10.000000000,99991,319,99756,219,100027,224,99519,219,100399,219,99226,219,100505,319,99211,219,,,99141,100,,,,,,,,,,,,,,,,,,,,
2019-06-28 10:11:16.298407125,99991,319,99756,119,100027,224,99519,219,100399,219,99226,219,100505,319,99211,219,,,99141,100,,,,,,,,,,,,,,,,,,,,
2019-06-28 10:11:20.000000000,99991,319,99519,219,100027,224,99226,219,100399,219,99211,219,100505,319,99141,219,,,,,,,,,,,,,,,,,,,,,,,,
2019-06-28 10:11:30.000000000,99991,438,99519,338,100027,343,99226,338,100399,100,99211,100,100505,200,99141,100,,,,,,,,,,,,,,,,,,,,,,,,
