,ask_price_1,ask_size_1,bid_price_1,bid_size_1,ask_price_2,ask_size_2,bid_price_2,bid_size_2,ask_price_3,ask_size_3,bid_price_3,bid_size_3,ask_price_4,ask_size_4,bid_price_4,bid_size_4,ask_price_5,ask_size_5,bid_price_5,bid_size_5,ask_price_6,ask_size_6,bid_price_6,bid_size_6,ask_price_7,ask_size_7,bid_price_7,bid_size_7,ask_price_8,ask_size_8,bid_price_8,bid_size_8,ask_price_9,ask_size_9,bid_price_9,bid_size_9,ask_price_10,ask_size_10,bid_price_10,bid_size_10
2019-06-28 09:30:00.000000001,99946,100,,,,,,,,,,,,,,,,,,,,,,,,,,,,,,,,,,,,,,
2019-06-28 09:30:00.000000002,99946,100,99843,100,,,,,,,,,,,,,,,,,,,,,,,,,,,,,,,,,,,,
2019-06-28 09:30:00.000000003,99946,100,99843,100,99993,100,,,,,,,,,,,,,,,,,,,,,,,,,,,,,,,,,,
2019-06-28 09:30:00.000000004,99993,100,99843,100,,,,,,,,,,,,,,,,,,,,,,,,,,,,,,,,,,,,
2019-06-28 09:30:00.000000008,99993,100,99843,100,,,99833,100,,,,,,,,,,,,,,,,,,,,,,,,,,,,,,,,
2019-06-28 09:30:00.000000009,99993,100,99972,100,100029,100,99884,100,,,99843,100,,,99833,100,,,,,,,,,,,,,,,,,,,,,,,,
2019-06-28 09:30:00.000000012,99993,100,99972,100,100029,100,99938,100,100206,100,99884,100,,,99843,100,,,99833,100,,,,,,,,,,,,,,,,,,,,
2019-06-28 09:30:00.000000014,99993,100,99972,100,100029,100,99938,100,100086,100,99884,100,100206,100,99843,100,,,99833,100,,,,,,,,,,,,,,,,,,,,
2019-06-28 09:30:00.000000017,99993,100,99972,100,100029,100,99938,100,100086,100,99926,100,100206,100,99884,100,,,99843,100,,,99833,100,,,,,,,,,,,,,,,,
2019-06-28 09:30:00.000000020,99993,100,99972,100,100029,100,99957,100,100086,100,99938,100,100206,100,99926,100,,,99884,100,,,99873,100,,,99843,100,,,99833,100,,,,,,,,
2019-06-28 09:30:00.000000021,99993,100,99972,100,100029,100,99957,100,100086,100,99938,100,100206,100,99926,100,,,99884,100,,,99873,100,,,99870,100,,,99843,100,,,99833,100,,,,
2019-06-28 09:30:00.000000022,99993,100,99973,100,100029,100,99972,100,100086,100,99957,100,100206,100,99938,100,,,99926,100,,,99884,100,,,99873,100,,,99870,100,,,99843,100,,,99833,100
2019-06-28 09:30:00.000000023,99993,100,99973,100,100029,100,99972,100,100086,100,99957,100,100097,100,99938,100,100206,100,99926,100,,,99884,100,,,99873,100,,,99870,100,,,99843,100,,,99833,100
2019-06-28 09:30:00.000000024,100029,100,99973,100,100086,100,99972,100,100097,100,99957,100,100206,100,99938,100,,,99926,100,,,99884,100,,,99873,100,,,99870,100,,,99843,100,,,99833,100
2019-06-28 09:30:00.000000025,99993,100,99973,100,100029,100,99972,100,100086,100,99957,100,100097,100,99938,100,100206,100,99926,100,,,99884,100,,,99873,100,,,99870,100,,,99843,100,,,99833,100
2019-06-28 09:30:00.000000027,99993,100,99973,100,100029,100,99972,100,100086,100,99957,100,100097,100,99938,100,100206,100,99926,100,,,99884,100,,,99873,100,,,99870,100,,,99848,100,,,99843,100
2019-06-28 09:30:00.000000028,99993,100,99973,100,100029,100,99972,100,100042,100,99957,100,100086,100,99938,100,100097,100,99926,100,100206,100,99884,100,,,99873,100,,,99870,100,,,99848,100,,,99843,100
2019-06-28 09:30:00.000000030,99993,100,99973,100,100029,100,99972,100,100042,100,99958,100,100084,100,99957,100,100086,100,99938,100,100097,100,99926,100,100206,100,99884,100,,,99873,100,,,99870,100,,,99848,100
2019-06-28 09:30:00.000000031,99993,200,99973,100,100029,100,99972,100,100042,100,99958,100,100084,100,99957,100,100086,100,99938,100,100097,100,99926,100,100206,100,99884,100,,,99873,100,,,99870,100,,,99848,100
2019-06-28 09:30:00.000000032,99993,200,99973,100,100029,100,99972,100,100035,100,99958,100,100042,100,99957,100,100084,100,99938,100,100086,100,99932,100,100089,100,99926,100,100097,100,99884,100,100206,100,99873,100,,,99870,100
2019-06-28 09:30:00.000000033,99993,400,99973,100,100029,100,99972,100,100035,100,99958,100,100042,100,99957,100,100084,100,99938,100,100086,100,99932,100,100089,100,99926,100,100097,100,99884,100,100206,100,99873,100,,,99870,100
2019-06-28 09:30:00.000000034,99993,300,99973,100,100029,100,99972,100,100035,100,99958,100,100042,100,99957,100,100069,100,99938,100,100084,100,99932,100,100086,100,99926,100,100089,100,99884,100,100097,100,99873,100,100206,100,99870,100
2019-06-28 09:30:00.000000039,99993,300,99973,100,100029,100,99972,100,100035,100,99958,100,100042,100,99957,100,100069,100,99938,100,100084,100,99932,100,100086,100,99926,100,100089,100,99923,100,100097,100,99884,100,100206,100,99873,100
2019-06-28 09:30:00.000000041,99993,300,99973,100,100029,100,99972,100,100035,100,99958,100,100042,100,99957,100,100069,100,99938,100,100084,100,99932,100,100086,100,99926,100,100089,100,99923,100,100097,100,99884,100,100152,100,99873,100
2019-06-28 09:30:00.000000043,99993,300,99973,100,100029,100,99972,100,100035,100,99958,100,100042,100,99957,100,100069,100,99938,100,100084,100,99932,100,100086,100,99926,100,100089,100,99923,100,100097,100,99884,100,100114,100,99873,100
2019-06-28 09:30:00.000000044,99993,300,99973,100,100029,100,99972,100,100035,100,99958,100,100042,100,99957,100,100069,100,99938,100,100084,100,99936,100,100086,100,99932,100,100089,100,99926,100,100097,100,99923,100,100114,100,99884,100
2019-06-28 09:30:00.000000045,99993,300,99973,100,100029,100,99972,100,100035,100,99958,100,100042,100,99957,100,100069,100,99938,100,100084,100,99936,100,100086,100,99932,100,100089,100,99926,100,100097,100,99923,100,100114,100,99884,100
2019-06-28 09:30:00.000000046,99993,200,99973,100,100029,100,99972,100,100035,100,99958,100,100042,100,99957,100,100069,100,99938,100,100084,100,99936,100,100086,100,99932,100,100089,100,99926,100,100097,100,99923,100,100114,100,99884,100
2019-06-28 09:30:00.000000049,99993,200,99973,100,100029,100,99972,100,100035,100,99958,100,100042,100,99957,100,100069,100,99956,100,100084,100,99938,100,100086,100,99936,100,100089,100,99932,100,100097,100,99926,100,100114,100,99923,100
2019-06-28 09:30:00.000000051,99993,100,99973,100,100029,100,99972,100,100035,100,99958,100,100042,100,99957,100,100069,100,99956,100,100084,100,99938,100,100086,100,99936,100,100089,100,99932,100,100097,100,99926,100,100114,100,99923,100
2019-06-28 09:30:00.000000053,99993,100,99973,100,100029,100,99972,100,100035,100,99964,100,100042,100,99958,100,100069,100,99957,100,100084,100,99956,100,100086,100,99938,100,100087,100,99936,100,100089,100,99932,100,100097,100,99926,100
2019-06-28 09:30:00.000000056,99993,100,99973,100,100029,100,99972,100,100035,100,99964,100,100042,100,99958,100,100069,100,99957,100,100081,100,99956,100,100084,100,99938,100,100086,100,99936,100,100087,100,99932,100,100089,100,99926,100
2019-06-28 09:30:00.000000057,99993,100,99973,100,100029,100,99972,100,100035,100,99964,100,100042,100,99958,100,100069,100,99957,100,100081,100,99956,100,100084,100,99938,100,100086,100,99936,100,100087,100,99932,100,100089,100,99926,100
2019-06-28 09:30:00.000000063,99984,100,99975,100,99993,100,99973,100,100029,100,99972,100,100035,100,99964,100,100042,100,99958,100,100069,100,99957,100,100081,100,99956,100,100084,100,99938,100,100086,100,99936,100,100087,100,99932,100
2019-06-28 09:30:00.000000066,99993,100,99975,100,100029,100,99973,100,100035,100,99972,100,100042,100,99964,100,100069,100,99958,100,100081,100,99957,100,100084,100,99956,100,100086,100,99938,100,100087,100,99936,100,100089,100,99932,100
2019-06-28 09:30:00.000000070,99993,100,99984,100,100029,100,99975,100,100035,100,99973,100,100042,100,99972,100,100069,100,99964,100,100081,100,99958,100,100084,100,99957,100,100086,100,99956,100,100087,100,99938,100,100089,100,99936,100
2019-06-28 09:30:00.000000072,99993,200,99984,200,100029,100,99975,100,100035,100,99973,100,100042,100,99972,100,100069,100,99964,100,100081,100,99958,100,100084,100,99957,100,100086,100,99956,100,100087,100,99938,100,100089,100,99936,100
2019-06-28 09:30:00.000000073,99993,200,99984,200,100029,100,99975,100,100035,100,99973,100,100042,100,99972,100,100069,100,99964,100,100081,100,99958,100,100084,100,99957,100,100086,100,99956,100,100087,100,99938,100,100089,100,99936,100
2019-06-28 09:30:00.000000074,99993,200,99984,100,100029,100,99975,100,100035,100,99973,100,100042,100,99972,100,100069,100,99964,100,100081,100,99958,100,100084,100,99957,100,100086,100,99956,100,100087,100,99938,100,100089,100,99936,100
2019-06-28 09:30:00.000000077,99993,200,99984,100,100029,100,99975,100,100035,100,99973,100,100042,100,99972,100,100069,100,99964,100,100081,100,99958,100,100084,100,99957,100,100086,100,99956,100,100087,100,99938,100,100089,100,99936,100
2019-06-28 09:30:00.000000080,99993,200,99984,100,100029,100,99975,100,100035,100,99973,100,100042,100,99972,100,100069,100,99964,100,100081,100,99958,100,100084,100,99957,100,100086,100,99956,100,100087,100,99938,100,100089,100,99936,100
2019-06-28 09:30:00.000000085,99993,200,99984,100,100029,100,99981,100,100035,100,99975,100,100042,100,99973,100,100069,100,99972,100,100081,100,99964,100,100084,100,99958,100,100086,100,99957,100,100087,100,99956,100,100089,100,99938,100
2019-06-28 09:30:00.000000087,99993,200,99984,100,100029,100,99981,100,100035,100,99975,100,100042,100,99973,100,100069,100,99972,100,100081,100,99964,100,100084,100,99958,100,100086,100,99957,100,100087,100,99956,100,100089,100,99954,100
2019-06-28 09:30:00.000000090,99993,200,99984,100,100029,100,99981,100,100035,100,99975,100,100042,100,99973,100,100069,100,99972,100,100081,100,99965,100,100084,100,99964,100,100086,100,99958,100,100087,100,99957,100,100089,100,99956,100
2019-06-28 09:30:00.000000093,99993,200,99984,100,100029,100,99981,100,100035,100,99975,100,100042,100,99973,100,100069,100,99972,100,100081,100,99965,100,100084,100,99964,100,100086,100,99958,100,100087,100,99957,100,100089,100,99956,100
2019-06-28 09:30:00.000000095,99993,200,99984,100,100029,100,99981,100,100035,100,99975,100,100042,100,99973,100,100069,100,99972,100,100081,100,99965,100,100084,100,99964,100,100086,100,99958,100,100087,100,99957,100,100089,100,99956,100
2019-06-28 09:30:00.000000096,99993,200,99984,100,100029,100,99981,100,100035,100,99975,100,100042,100,99973,200,100069,100,99972,100,100081,100,99965,100,100084,100,99964,100,100086,100,99958,100,100087,100,99957,100,100089,100,99956,100
2019-06-28 09:30:00.000000097,99993,200,99984,100,100029,100,99981,100,100035,100,99975,100,100042,100,99973,200,100069,100,99972,100,100081,100,99965,100,100084,100,99964,100,100086,100,99958,100,100087,100,99957,100,100089,100,99956,100
2019-06-28 09:30:00.000000099,99993,200,99985,100,100029,100,99984,100,100035,100,99981,100,100042,100,99975,100,100069,100,99973,200,100081,100,99972,100,100084,100,99965,100,100086,100,99964,100,100087,100,99958,100,100089,100,99957,100
2019-06-28 09:30:02.700394471,99993,200,99985,200,100029,100,99984,100,100035,100,99981,100,100042,100,99975,100,100069,100,99973,200,100081,100,99972,100,100084,100,99965,100,100086,100,99964,100,100087,100,99958,100,100089,100,99957,100
2019-06-28 09:30:10.000000000,99993,430,99985,430,100029,330,99984,330,100035,100,99981,100,100042,100,99975,100,100069,100,99973,200,100081,100,99972,100,100084,100,99965,100,100086,100,99964,100,100087,100,99958,100,100089,100,99957,100
2019-06-28 09:30:15.245244039,99993,430,99985,430,100029,330,99984,330,100035,100,99981,100,100042,100,99975,100,100069,100,99973,200,100081,100,99972,100,100086,100,99965,100,100087,100,99964,100,100089,100,99958,100,100097,100,99957,100
2019-06-28 09:30:20.000000000,99993,292,99985,292,100029,192,99984,192,100035,192,99981,192,100042,192,99975,192,100069,192,99973,292,100081,100,99972,100,100086,100,99965,100,100087,100,99964,100,100089,100,99958,100,100097,100,99957,100
2019-06-28 09:30:20.164804033,99993,292,99985,392,100029,192,99984,192,100035,192,99981,192,100042,192,99975,192,100069,192,99973,292,100081,100,99965,100,100086,100,99964,100,100087,100,99958,100,100089,100,99957,100,100097,100,99956,100
2019-06-28 09:30:30.000000000,99993,357,99985,457,100029,252,99984,252,100035,252,99981,252,100042,100,99975,100,100069,100,99973,200,100081,100,99965,100,100086,100,99964,100,100087,100,99958,100,100089,100,99957,100,100097,100,99956,100
2019-06-28 09:30:31.564867283,99993,357,99985,457,99997,100,99984,252,100029,252,99981,252,100035,252,99975,100,100042,100,99973,200,100069,100,99965,100,100081,100,99964,100,100086,100,99958,100,100089,100,99957,100,100097,100,99956,100
2019-06-28 09:30:40.000000000,99993,315,99985,415,99997,215,99984,215,100029,215,99981,215,100035,215,99975,215,100042,100,99973,200,100069,100,99965,100,100081,100,99964,100,100086,100,99958,100,100089,100,99957,100,100097,100,99956,100
2019-06-28 09:30:40.003679097,99993,315,99985,315,99997,215,99984,215,100029,215,99981,215,100035,215,99975,215,100042,100,99973,200,100069,100,99965,100,100081,100,99958,100,100086,100,99957,100,100089,100,99956,100,100097,100,99954,100
2019-06-28 09:30:50.000000000,99993,357,99985,357,99997,252,99984,252,100029,252,99981,252,100035,100,99975,100,100042,100,99973,200,100069,100,99965,100,100081,100,99958,100,100086,100,99957,100,100089,100,99956,100,100097,100,99954,100
2019-06-28 09:30:58.656399392,99993,357,99985,357,99997,252,99984,252,100029,252,99981,152,100035,100,99975,100,100042,100,99973,200,100069,100,99965,100,100081,100,99958,100,100086,100,99957,100,100089,100,99956,100,100097,100,99954,100
2019-06-28 09:31:00.000000000,99993,661,99985,661,99997,100,99984,100,100029,100,99975,100,100035,100,99973,200,100042,100,99965,100,100069,100,99958,100,100081,100,99957,100,100086,100,99956,100,100089,100,99954,100,100097,100,99948,100
2019-06-28 09:31:10.000000000,99993,430,99985,430,99997,330,99984,330,100029,100,99975,100,100035,100,99973,200,100042,100,99965,100,100069,100,99958,100,100081,100,99957,100,100086,100,99956,100,100089,100,99954,100,100097,100,99948,100
2019-06-28 09:31:14.138218887,99993,430,99985,430,99997,330,99984,330,100029,100,99975,100,100035,100,99973,200,100042,100,99965,100,100069,100,99958,100,100081,100,99957,100,100086,100,99956,100,100089,100,99954,100,100097,100,99948,100
2019-06-28 09:31:15.566823475,99993,430,99985,430,99997,330,99984,330,100029,100,99975,100,100035,100,99973,200,100042,100,99965,100,100069,100,99958,100,100081,100,99957,100,100086,100,99956,100,100089,100,99954,100,100097,100,99948,100
2019-06-28 09:31:20.000000000,99993,315,99985,315,99997,215,99984,215,100029,215,99975,215,100035,215,99973,315,100042,100,99965,100,100069,100,99958,100,100081,100,99957,100,100086,100,99956,100,100089,100,99954,100,100097,100,99948,100
2019-06-28 09:31:30.000000000,99993,661,99985,661,99997,100,99984,100,100029,100,99975,100,100035,100,99973,200,100042,100,99965,100,100069,100,99958,100,100081,100,99957,100,100086,100,99956,100,100089,100,99954,100,100097,100,99948,100
2019-06-28 09:31:40.000000000,99993,315,99985,315,99997,215,99984,215,100029,215,99975,215,100035,215,99973,315,100042,100,99965,100,100069,100,99958,100,100081,100,99957,100,100086,100,99956,100,100089,100,99954,100,100097,100,99948,100
2019-06-28 09:31:45.956283859,99993,315,99985,215,99997,215,99984,215,100029,215,99975,215,100035,215,99973,315,100042,100,99965,100,100069,100,99958,100,100081,100,99957,100,100086,100,99956,100,100089,100,99954,100,100097,100,99948,100
2019-06-28 09:31:50.000000000,99993,292,99985,192,99997,192,99984,192,100029,192,99975,192,100035,192,99973,292,100042,192,99965,192,100069,100,99958,100,100081,100,99957,100,100086,100,99956,100,100089,100,99954,100,100097,100,99948,100
2019-06-28 09:32:00.000000000,99993,661,99985,561,99997,100,99984,100,100029,100,99975,100,100035,100,99973,200,100042,100,99965,100,100069,100,99958,100,100081,100,99957,100,100086,100,99956,100,100089,100,99954,100,100097,100,99948,100
2019-06-28 09:32:04.891736797,99993,661,99985,461,99997,100,99984,100,100029,100,99975,100,100035,100,99973,200,100042,100,99965,100,100069,100,99958,100,100081,100,99957,100,100086,100,99956,100,100089,100,99954,100,100097,100,99948,100
2019-06-28 09:32:10.000000000,99993,357,99984,257,99997,252,99975,252,100029,252,99973,352,100035,100,99965,100,100042,100,99958,100,100069,100,99957,100,100081,100,99956,100,100086,100,99954,100,100089,100,99948,100,100097,100,99938,100
2019-06-28 09:32:20.000000000,99993,315,99984,215,99997,215,99975,215,100029,215,99973,315,100035,215,99965,215,100042,100,99958,100,100069,100,99957,100,100081,100,99956,100,100086,100,99954,100,100089,100,99948,100,100097,100,99938,100
2019-06-28 09:32:25.933255958,99993,315,99984,115,99997,215,99975,215,100029,215,99973,315,100035,215,99965,215,100042,100,99958,100,100069,100,99957,100,100081,100,99956,100,100086,100,99954,100,100089,100,99948,100,100097,100,99938,100
2019-06-28 09:32:30.000000000,99993,292,99975,192,99997,192,99973,292,100029,192,99965,192,100035,192,99958,192,100042,192,99957,192,100069,100,99956,100,100081,100,99954,100,100086,100,99948,100,100089,100,99938,100,100097,100,99932,100
2019-06-28 09:32:40.000000000,99993,430,99975,330,99997,330,99973,430,100029,100,99965,100,100035,100,99958,100,100042,100,99957,100,100069,100,99956,100,100081,100,99954,100,100086,100,99948,100,100089,100,99938,100,100097,100,99932,100
2019-06-28 09:32:50.000000000,99993,357,99975,257,99997,252,99973,352,100029,252,99965,252,100035,100,99958,100,100042,100,99957,100,100069,100,99956,100,100081,100,99954,100,100086,100,99948,100,100089,100,99938,100,100097,100,99932,100
2019-06-28 09:33:00.000000000,99993,357,99975,257,99997,252,99973,352,100029,252,99965,252,100035,100,99958,100,100042,100,99957,100,100069,100,99956,100,100081,100,99954,100,100086,100,99948,100,100089,100,99938,100,100097,100,99932,100
2019-06-28 09:33:01.060248794,99993,357,99975,257,99997,252,99973,352,100029,252,99965,252,100035,100,99958,100,100042,100,99957,100,100069,100,99956,100,100081,100,99954,100,100086,100,99948,100,100089,100,99938,100,100097,100,99932,100
2019-06-28 09:33:10.000000000,99993,315,99975,215,99997,215,99973,315,100029,215,99965,215,100035,215,99958,215,100042,100,99957,100,100069,100,99956,100,100081,100,99954,100,100086,100,99948,100,100089,100,99938,100,100097,100,99932,100
2019-06-28 09:33:19.116834709,99993,315,99975,215,99997,215,99973,315,100029,215,99965,215,100035,215,99958,215,100042,100,99957,100,100069,100,99956,100,100081,100,99954,100,100086,100,99948,100,100089,100,99938,100,100097,100,99932,100
2019-06-28 09:33:20.000000000,99993,315,99975,215,99997,215,99973,315,100029,215,99965,215,100035,215,99958,215,100042,100,99957,100,100069,100,99956,100,100081,100,99954,100,100086,100,99948,100,100089,100,99938,100,100097,100,99932,100
2019-06-28 09:33:30.000000000,99993,661,99975,561,99997,100,99973,200,100029,100,99965,100,100035,100,99958,100,100042,100,99957,100,100069,100,99956,100,100081,100,99954,100,100086,100,99948,100,100089,100,99938,100,100097,100,99932,100
2019-06-28 09:33:40.000000000,99993,292,99975,192,99997,192,99973,292,100029,192,99965,192,100035,192,99958,192,100042,192,99957,192,100069,100,99956,100,100081,100,99954,100,100086,100,99948,100,100089,100,99938,100,100097,100,99932,100
2019-06-28 09:33:42.946461274,99993,292,99975,92,99997,92,99973,292,100029,192,99965,192,100035,192,99958,192,100042,192,99957,192,100069,100,99956,100,100081,100,99954,100,100086,100,99948,100,100089,100,99938,100,100097,100,99932,100
2019-06-28 09:33:50.000000000,99993,357,99973,357,100029,252,99965,252,100035,252,99958,252,100042,100,99957,100,100069,100,99956,100,100081,100,99954,100,100086,100,99948,100,100089,100,99938,100,100097,100,99932,100,100114,100,99923,100
2019-06-28 09:33:54.171022701,99984,100,99973,357,99993,357,99965,252,100029,252,99958,252,100035,252,99957,100,100042,100,99956,100,100069,100,99954,100,100081,100,99948,100,100086,100,99938,100,100089,100,99932,100,100097,100,99923,100
2019-06-28 09:34:00.000000000,99984,215,99973,315,99993,315,99965,215,100029,215,99958,215,100035,215,99957,215,100042,100,99956,100,100069,100,99954,100,100081,100,99948,100,100086,100,99938,100,100089,100,99932,100,100097,100,99923,100
2019-06-28 09:34:03.477478582,99984,215,99973,315,99993,315,99965,215,100029,215,99958,215,100035,215,99957,215,100042,100,99956,100,100069,100,99954,100,100081,100,99948,100,100086,100,99938,100,100089,100,99932,100,100097,100,99923,100
2019-06-28 09:34:10.000000000,99984,257,99973,357,99993,352,99965,252,100029,252,99958,252,100035,100,99957,100,100042,100,99956,100,100069,100,99954,100,100081,100,99948,100,100086,100,99938,100,100089,100,99932,100,100097,100,99923,100
2019-06-28 09:34:20.000000000,99984,561,99973,661,99993,200,99965,100,100029,100,99958,100,100035,100,99957,100,100042,100,99956,100,100069,100,99954,100,100081,100,99948,100,100086,100,99938,100,100089,100,99932,100,100097,100,99923,100
2019-06-28 09:34:30.000000000,99984,192,99973,292,99993,292,99965,192,100029,192,99958,192,100035,192,99957,192,100042,192,99956,192,100069,100,99954,100,100081,100,99948,100,100086,100,99938,100,100089,100,99932,100,100097,100,99923,100
2019-06-28 09:34:40.000000000,99984,561,99973,661,99993,200,99965,100,100029,100,99958,100,100035,100,99957,100,100042,100,99956,100,100069,100,99954,100,100081,100,99948,100,100086,100,99938,100,100089,100,99932,100,100097,100,99923,100
2019-06-28 09:34:44.412729964,99984,561,99973,661,99993,200,99965,100,100029,100,99958,100,100035,100,99957,100,100042,100,99956,100,100069,100,99954,100,100081,100,99948,100,100086,100,99938,100,100089,100,99932,100,100097,100,99923,100
2019-06-28 09:34:50.000000000,99984,215,99973,315,99993,315,99965,215,100029,215,99958,215,100035,215,99957,215,100042,100,99956,100,100069,100,99954,100,100081,100,99948,100,100086,100,99938,100,100089,100,99932,100,100097,100,99923,100
2019-06-28 09:34:52.291274103,99984,315,99973,315,99993,315,99965,215,100029,215,99958,215,100035,215,99957,215,100042,100,99956,100,100069,100,99954,100,100081,100,99948,100,100086,100,99938,100,100089,100,99932,100,100097,100,99923,100
2019-06-28 09:35:00.000000000,99984,357,99973,357,99993,352,99965,252,100029,252,99958,252,100035,100,99957,100,100042,100,99956,100,100069,100,99954,100,100081,100,99948,100,100086,100,99938,100,100089,100,99932,100,100097,100,99923,100
2019-06-28 09:35:10.000000000,99984,357,99973,357,99993,352,99965,252,100029,252,99958,252,100035,100,99957,100,100042,100,99956,100,100069,100,99954,100,100081,100,99948,100,100086,100,99938,100,100089,100,99932,100,100097,100,99923,100
2019-06-28 09:35:20.000000000,99984,292,99973,292,99993,292,99965,192,100029,192,99958,192,100035,192,99957,192,100042,192,99956,192,100069,100,99954,100,100081,100,99948,100,100086,100,99938,100,100089,100,99932,100,100097,100,99923,100
2019-06-28 09:35:28.287201948,99984,292,99973,192,99993,292,99965,192,100029,192,99958,192,100035,192,99957,192,100042,192,99956,192,100069,100,99954,100,100081,100,99948,100,100086,100,99938,100,100089,100,99932,100,100097,100,99923,100
2019-06-28 09:35:30.000000000,99984,315,99973,215,99993,315,99965,215,100029,215,99958,215,100035,215,99957,215,100042,100,99956,100,100069,100,99954,100,100081,100,99948,100,100086,100,99938,100,100089,100,99932,100,100097,100,99923,100
2019-06-28 09:35:40.000000000,99984,430,99973,330,99993,430,99965,330,100029,100,99958,100,100035,100,99957,100,100042,100,99956,100,100069,100,99954,100,100081,100,99948,100,100086,100,99938,100,100089,100,99932,100,100097,100,99923,100
2019-06-28 09:35:47.758421015,99984,430,99973,230,99993,430,99965,330,100029,100,99957,100,100035,100,99956,100,100042,100,99954,100,100069,100,99948,100,100081,100,99938,100,100086,100,99932,100,100089,100,99923,100,100097,100,99884,100
2019-06-28 09:35:48.943691731,99984,430,99973,130,99993,430,99965,330,100029,100,99957,100,100035,100,99956,100,100042,100,99954,100,100069,100,99948,100,100081,100,99938,100,100086,100,99932,100,100089,100,99923,100,100097,100,99884,100
2019-06-28 09:35:50.000000000,99984,357,99965,257,99993,352,99957,252,100029,252,99956,252,100035,100,99954,100,100042,100,99948,100,100069,100,99938,100,100081,100,99932,100,100086,100,99923,100,100089,100,99884,100,100097,100,99873,100
2019-06-28 09:35:51.425499933,99984,357,99965,257,99993,352,99957,152,100029,252,99956,252,100035,100,99954,100,100042,100,99948,100,100069,100,99938,100,100081,100,99932,100,100086,100,99923,100,100089,100,99884,100,100097,100,99873,100
2019-06-28 09:36:00.000000000,99984,430,99965,330,99993,430,99956,330,100029,100,99954,100,100035,100,99948,100,100042,100,99938,100,100069,100,99932,100,100081,100,99923,100,100086,100,99884,100,100089,100,99873,100,100097,100,99868,100
2019-06-28 09:36:07.069794568,99984,430,99965,230,99993,430,99956,330,100029,100,99954,100,100035,100,99948,100,100042,100,99938,100,100069,100,99932,100,100081,100,99923,100,100086,100,99884,100,100089,100,99873,100,100097,100,99868,100
2019-06-28 09:36:08.923498626,99984,330,99965,230,99993,430,99956,330,100029,100,99954,100,100035,100,99948,100,100042,100,99938,100,100069,100,99932,100,100081,100,99923,100,100086,100,99884,100,100089,100,99873,100,100097,100,99868,100
2019-06-28 09:36:10.000000000,99984,257,99956,257,99993,352,99954,252,100029,252,99948,252,100035,100,99938,100,100042,100,99932,100,100069,100,99923,100,100081,100,99884,100,100086,100,99873,100,100089,100,99868,100,100097,100,99867,100
2019-06-28 09:36:17.466919032,99984,257,99956,257,99993,352,99954,252,100029,252,99948,252,100035,100,99938,100,100042,100,99932,100,100069,100,99923,100,100081,100,99884,100,100086,100,99873,100,100089,100,99868,100,100097,100,99867,100
2019-06-28 09:36:20.000000000,99984,192,99956,192,99993,292,99954,192,100029,192,99948,192,100035,192,99938,192,100042,192,99932,192,100069,100,99923,100,100081,100,99884,100,100086,100,99873,100,100089,100,99868,100,100097,100,99867,100
2019-06-28 09:36:30.000000000,99984,561,99956,561,99993,200,99954,100,100029,100,99948,100,100035,100,99938,100,100042,100,99932,100,100069,100,99923,100,100081,100,99884,100,100086,100,99873,100,100089,100,99868,100,100097,100,99867,100
2019-06-28 09:36:40.000000000,99984,561,99956,561,99993,200,99954,100,100029,100,99948,100,100035,100,99938,100,100042,100,99932,100,100069,100,99923,100,100081,100,99884,100,100086,100,99873,100,100089,100,99868,100,100097,100,99867,100
2019-06-28 09:36:41.665546431,99984,561,99956,461,99993,200,99954,100,100029,100,99948,100,100035,100,99938,100,100042,100,99932,100,100069,100,99923,100,100081,100,99884,100,100086,100,99873,100,100089,100,99867,100,100097,100,99864,100
2019-06-28 09:36:49.938705298,99984,561,99956,361,99993,200,99954,100,100029,100,99938,100,100035,100,99932,100,100042,100,99923,100,100069,100,99884,100,100081,100,99873,100,100086,100,99867,100,100089,100,99864,100,100097,100,99849,100
2019-06-28 09:36:50.000000000,99984,215,99954,215,99993,315,99938,215,100029,215,99932,215,100035,215,99923,215,100042,100,99884,100,100069,100,99873,100,100081,100,99867,100,100086,100,99864,100,100089,100,99849,100,100097,100,99841,100
2019-06-28 09:36:58.523495989,99984,215,99954,215,99993,315,99938,215,100029,215,99932,215,100035,215,99923,215,100042,100,99884,100,100069,100,99873,100,100081,100,99867,100,100086,100,99864,100,100089,100,99849,100,100097,100,99841,100
2019-06-28 09:37:00.000000000,99984,215,99954,215,99993,315,99938,215,100029,215,99932,215,100035,215,99923,215,100042,100,99884,100,100069,100,99873,100,100081,100,99867,100,100086,100,99864,100,100089,100,99849,100,100097,100,99841,100
2019-06-28 09:37:10.000000000,99984,561,99954,561,99993,200,99938,100,100029,100,99932,100,100035,100,99923,100,100042,100,99884,100,100069,100,99873,100,100081,100,99867,100,100086,100,99864,100,100089,100,99849,100,100097,100,99841,100
2019-06-28 09:37:18.064689130,99984,561,99954,461,99993,200,99938,100,100029,100,99932,100,100035,100,99923,100,100042,100,99884,100,100069,100,99873,100,100081,100,99867,100,100086,100,99864,100,100089,100,99849,100,100097,100,99841,100
2019-06-28 09:37:20.000000000,99984,192,99938,192,99993,292,99932,192,100029,192,99923,192,100035,192,99884,192,100042,192,99873,192,100069,100,99867,100,100081,100,99864,100,100086,100,99849,100,100089,100,99841,100,100097,100,99833,100
2019-06-28 09:37:29.612138399,99984,192,99938,192,99993,292,99932,192,100029,192,99923,192,100035,192,99884,192,100042,192,99873,192,100069,100,99867,100,100081,100,99864,100,100086,100,99849,100,100089,100,99841,100,100097,100,99833,100
2019-06-28 09:37:30.000000000,99984,561,99938,561,99993,200,99932,100,100029,100,99923,100,100035,100,99884,100,100042,100,99873,100,100069,100,99867,100,100081,100,99864,100,100086,100,99849,100,100089,100,99841,100,100097,100,99833,100
2019-06-28 09:37:31.043398043,99956,100,99938,561,99984,561,99932,100,99993,200,99923,100,100029,100,99884,100,100035,100,99873,100,100042,100,99867,100,100069,100,99864,100,100081,100,99849,100,100086,100,99841,100,100089,100,99833,100
2019-06-28 09:37:34.401786274,99956,100,99938,561,99984,561,99932,100,99993,200,99923,100,100029,100,99884,100,100035,100,99873,100,100042,100,99867,100,100069,100,99864,100,100081,100,99849,100,100086,100,99841,100,100089,100,99833,100
2019-06-28 09:37:40.000000000,99956,561,99938,561,99984,100,99932,100,99993,200,99923,100,100029,100,99884,100,100035,100,99873,100,100042,100,99867,100,100069,100,99864,100,100081,100,99849,100,100086,100,99841,100,100089,100,99833,100
2019-06-28 09:37:50.000000000,99956,215,99938,215,99984,215,99932,215,99993,315,99923,215,100029,215,99884,215,100035,100,99873,100,100042,100,99867,100,100069,100,99864,100,100081,100,99849,100,100086,100,99841,100,100089,100,99833,100
2019-06-28 09:37:56.240116351,99956,215,99938,215,99984,215,99932,215,99993,315,99923,215,100029,215,99884,215,100035,100,99867,100,100042,100,99864,100,100069,100,99849,100,100081,100,99841,100,100086,100,99833,100,100089,100,99764,100
2019-06-28 09:38:00.000000000,99956,561,99938,561,99984,100,99932,100,99993,200,99923,100,100029,100,99884,100,100035,100,99867,100,100042,100,99864,100,100069,100,99849,100,100081,100,99841,100,100086,100,99833,100,100089,100,99764,100
2019-06-28 09:38:10.000000000,99956,215,99938,215,99984,215,99932,215,99993,315,99923,215,100029,215,99884,215,100035,100,99867,100,100042,100,99864,100,100069,100,99849,100,100081,100,99841,100,100086,100,99833,100,100089,100,99764,100
2019-06-28 09:38:18.634140389,99956,215,99938,215,99984,215,99932,215,99993,215,99923,215,100029,215,99884,215,100035,100,99867,100,100042,100,99864,100,100069,100,99849,100,100081,100,99841,100,100086,100,99833,100,100089,100,99764,100
2019-06-28 09:38:20.000000000,99956,330,99938,330,99984,330,99932,330,99993,100,99923,100,100029,100,99884,100,100035,100,99867,100,100042,100,99864,100,100069,100,99849,100,100081,100,99841,100,100086,100,99833,100,100089,100,99764,100
2019-06-28 09:38:30.000000000,99956,330,99938,330,99984,330,99932,330,99993,100,99923,100,100029,100,99884,100,100035,100,99867,100,100042,100,99864,100,100069,100,99849,100,100081,100,99841,100,100086,100,99833,100,100089,100,99764,100
2019-06-28 09:38:31.081158891,99956,430,99938,330,99984,330,99932,330,99993,100,99923,100,100029,100,99884,100,100035,100,99867,100,100042,100,99864,100,100069,100,99849,100,100081,100,99841,100,100086,100,99833,100,100089,100,99764,100
2019-06-28 09:38:40.000000000,99956,292,99938,192,99984,192,99932,192,99993,192,99923,192,100029,192,99884,192,100035,192,99867,192,100042,100,99864,100,100069,100,99849,100,100081,100,99841,100,100086,100,99833,100,100089,100,99764,100
2019-06-28 09:38:44.978013301,99956,392,99938,192,99984,192,99932,192,99993,92,99923,192,100029,192,99884,192,100035,192,99867,192,100042,100,99864,100,100069,100,99849,100,100081,100,99841,100,100086,100,99833,100,100089,100,99764,100
2019-06-28 09:38:49.206453520,99956,492,99938,192,99984,192,99932,192,99993,92,99923,192,100029,192,99884,192,100035,192,99867,192,100042,100,99864,100,100069,100,99849,100,100081,100,99841,100,100086,100,99833,100,100089,100,99764,100
2019-06-28 09:38:50.000000000,99956,492,99938,192,99984,192,99932,192,100029,192,99923,192,100035,192,99884,192,100042,192,99867,192,100069,100,99864,100,100081,100,99849,100,100086,100,99841,100,100089,100,99833,100,100097,100,99764,100
2019-06-28 09:38:55.960280966,99956,492,99938,92,99984,192,99932,192,100029,192,99923,192,100035,192,99884,192,100042,192,99867,192,100069,100,99864,100,100081,100,99849,100,100086,100,99841,100,100089,100,99833,100,100097,100,99764,100
2019-06-28 09:39:00.000000000,99956,515,99932,215,99984,215,99923,215,100029,215,99884,215,100035,215,99867,215,100042,100,99864,100,100069,100,99849,100,100081,100,99841,100,100086,100,99833,100,100089,100,99764,100,100097,100,99605,100
2019-06-28 09:39:10.000000000,99956,557,99932,257,99984,252,99923,252,100029,252,99884,252,100035,100,99867,100,100042,100,99864,100,100069,100,99849,100,100081,100,99841,100,100086,100,99833,100,100089,100,99764,100,100097,100,99605,100
2019-06-28 09:39:20.000000000,99956,557,99932,257,99984,252,99923,252,100029,252,99884,252,100035,100,99867,100,100042,100,99864,100,100069,100,99849,100,100081,100,99841,100,100086,100,99833,100,100089,100,99764,100,100097,100,99605,100
2019-06-28 09:39:22.822384210,99956,557,99932,257,99984,252,99923,252,100029,252,99884,252,100035,100,99867,100,100042,100,99864,100,100069,100,99849,100,100081,100,99841,100,100086,100,99833,100,100089,100,99764,100,100097,100,99605,100
2019-06-28 09:39:30.000000000,99956,492,99932,192,99984,192,99923,192,100029,192,99884,192,100035,192,99867,192,100042,192,99864,192,100069,100,99849,100,100081,100,99841,100,100086,100,99833,100,100089,100,99764,100,100097,100,99605,100
2019-06-28 09:39:31.423583887,99956,492,99932,192,99984,192,99923,192,100029,192,99884,192,100035,192,99867,192,100042,192,99864,192,100069,100,99849,100,100081,100,99841,100,100086,100,99833,100,100089,100,99764,100,100097,100,99605,100
2019-06-28 09:39:32.981915919,99954,100,99932,192,99956,492,99923,192,99984,192,99884,192,100029,192,99867,192,100035,192,99864,192,100042,192,99849,100,100069,100,99841,100,100081,100,99833,100,100086,100,99764,100,100089,100,99605,100
2019-06-28 09:39:34.261936103,99954,200,99932,192,99956,392,99923,192,99984,192,99884,192,100029,192,99867,192,100035,192,99864,192,100042,192,99849,100,100069,100,99841,100,100081,100,99833,100,100086,100,99764,100,100089,100,99605,100
2019-06-28 09:39:40.000000000,99954,430,99932,330,99956,530,99923,330,99984,100,99884,100,100029,100,99867,100,100035,100,99864,100,100042,100,99849,100,100069,100,99841,100,100081,100,99833,100,100086,100,99764,100,100089,100,99605,100
2019-06-28 09:39:42.082165673,99954,430,99932,230,99956,530,99923,330,99984,100,99884,100,100029,100,99867,100,100035,100,99864,100,100042,100,99849,100,100069,100,99841,100,100081,100,99833,100,100086,100,99764,100,100089,100,99605,100
2019-06-28 09:39:50.000000000,99954,661,99923,561,99956,300,99884,100,99984,100,99867,100,100029,100,99864,100,100035,100,99849,100,100042,100,99841,100,100069,100,99833,100,100081,100,99764,100,100086,100,99605,100,100089,100,99518,100
2019-06-28 09:40:00.000000000,99954,661,99923,561,99956,300,99884,100,99984,100,99867,100,100029,100,99864,100,100035,100,99849,100,100042,100,99841,100,100069,100,99833,100,100081,100,99764,100,100086,100,99605,100,100089,100,99518,100
2019-06-28 09:40:03.201952283,99954,661,99923,461,99956,300,99884,100,99984,100,99867,100,100029,100,99864,100,100035,100,99849,100,100042,100,99841,100,100069,100,99833,100,100081,100,99764,100,100086,100,99605,100,100089,100,99518,100
2019-06-28 09:40:10.000000000,99954,315,99884,215,99956,415,99867,215,99984,215,99864,215,100029,215,99849,215,100035,100,99841,100,100042,100,99833,100,100069,100,99764,100,100081,100,99605,100,100086,100,99518,100,100089,100,99477,100
2019-06-28 09:40:17.872636218,99954,315,99884,115,99956,415,99867,215,99984,215,99864,215,100029,215,99849,215,100035,100,99841,100,100042,100,99833,100,100069,100,99764,100,100081,100,99605,100,100086,100,99518,100,100089,100,99477,100
2019-06-28 09:40:20.000000000,99954,661,99867,561,99956,300,99864,100,99984,100,99849,100,100029,100,99841,100,100035,100,99833,100,100042,100,99764,100,100069,100,99605,100,100081,100,99518,100,100086,100,99477,100,100089,100,98949,100
2019-06-28 09:40:25.679990658,99954,661,99867,561,99956,300,99864,100,99984,100,99849,100,100029,100,99841,100,100035,100,99833,100,100042,100,99764,100,100069,100,99605,100,100081,100,99518,100,100086,100,99477,100,100089,100,98949,100
2019-06-28 09:40:30.000000000,99954,430,99867,330,99956,530,99864,330,99984,100,99849,100,100029,100,99841,100,100035,100,99833,100,100042,100,99764,100,100069,100,99605,100,100081,100,99518,100,100086,100,99477,100,100089,100,98949,100
2019-06-28 09:40:34.546883115,99923,100,99867,330,99954,430,99864,330,99956,530,99849,100,99984,100,99841,100,100029,100,99833,100,100035,100,99764,100,100042,100,99605,100,100069,100,99518,100,100081,100,99477,100,100086,100,98949,100
2019-06-28 09:40:38.990517579,99923,100,99867,230,99954,430,99864,330,99956,530,99849,100,99984,100,99841,100,100029,100,99833,100,100035,100,99764,100,100042,100,99605,100,100069,100,99518,100,100081,100,99477,100,100086,100,98949,100
2019-06-28 09:40:40.000000000,99923,192,99864,192,99954,292,99849,192,99956,392,99841,192,99984,192,99833,192,100029,192,99764,192,100035,100,99605,100,100042,100,99518,100,100069,100,99477,100,100081,100,98949,100,100086,100,98896,100
2019-06-28 09:40:50.000000000,99923,215,99864,215,99954,315,99849,215,99956,415,99841,215,99984,215,99833,215,100029,100,99764,100,100035,100,99605,100,100042,100,99518,100,100069,100,99477,100,100081,100,98949,100,100086,100,98896,100
2019-06-28 09:41:00.000000000,99923,330,99864,330,99954,430,99849,330,99956,300,99841,100,99984,100,99833,100,100029,100,99764,100,100035,100,99605,100,100042,100,99518,100,100069,100,99477,100,100081,100,98949,100,100086,100,98896,100
2019-06-28 09:41:10.000000000,99923,561,99864,561,99954,200,99849,100,99956,300,99841,100,99984,100,99833,100,100029,100,99764,100,100035,100,99605,100,100042,100,99518,100,100069,100,99477,100,100081,100,98949,100,100086,100,98896,100
2019-06-28 09:41:20.000000000,99923,561,99864,561,99954,200,99849,100,99956,300,99841,100,99984,100,99833,100,100029,100,99764,100,100035,100,99605,100,100042,100,99518,100,100069,100,99477,100,100081,100,98949,100,100086,100,98896,100
2019-06-28 09:41:24.377750788,99923,561,99864,561,99954,200,99849,100,99956,300,99841,100,99984,100,99833,100,100029,100,99764,100,100035,100,99605,100,100042,100,99518,100,100069,100,99477,100,100081,100,99202,100,100086,100,98949,100
2019-06-28 09:41:28.028116322,99923,561,99864,561,99954,200,99849,100,99956,300,99841,100,99984,100,99833,100,100029,100,99764,100,100035,100,99605,100,100042,100,99518,100,100069,100,99477,100,100081,100,99202,100,100086,100,99116,100
2019-06-28 09:41:30.000000000,99923,215,99864,215,99954,315,99849,215,99956,415,99841,215,99984,215,99833,215,100029,100,99764,100,100035,100,99605,100,100042,100,99518,100,100069,100,99477,100,100081,100,99202,100,100086,100,99116,100
2019-06-28 09:41:39.147081551,99923,215,99864,115,99954,315,99849,215,99956,415,99841,215,99984,215,99833,215,100029,100,99764,100,100035,100,99605,100,100042,100,99518,100,100069,100,99477,100,100081,100,99202,100,100086,100,99116,100
2019-06-28 09:41:40.000000000,99923,215,99849,215,99954,315,99841,215,99956,415,99833,215,99984,215,99764,215,100029,100,99605,100,100035,100,99518,100,100042,100,99477,100,100069,100,99202,100,100081,100,99116,100,100086,100,98949,100
2019-06-28 09:41:45.593437723,99923,215,99849,115,99954,315,99841,215,99956,415,99833,215,99984,215,99764,215,100029,100,99605,100,100035,100,99518,100,100042,100,99477,100,100069,100,99202,100,100081,100,99116,100,100086,100,98949,100
2019-06-28 09:41:49.929547862,99923,215,99849,115,99954,315,99841,215,99956,415,99833,215,99984,215,99764,215,100029,100,99605,100,100035,100,99518,100,100042,100,99477,100,100069,100,99352,100,100081,100,99202,100,100086,100,99116,100
2019-06-28 09:41:50.000000000,99923,330,99841,330,99954,430,99833,330,99956,300,99764,100,99984,100,99605,100,100029,100,99518,100,100035,100,99477,100,100042,100,99352,100,100069,100,99202,100,100081,100,99116,100,100086,100,98949,100
2019-06-28 09:42:00.000000000,99923,257,99841,257,99954,352,99833,252,99956,452,99764,252,99984,100,99605,100,100029,100,99518,100,100035,100,99477,100,100042,100,99352,100,100069,100,99202,100,100081,100,99116,100,100086,100,98949,100
2019-06-28 09:42:02.832226378,99864,100,99841,257,99923,257,99833,252,99954,352,99764,252,99956,452,99605,100,99984,100,99518,100,100029,100,99477,100,100035,100,99352,100,100042,100,99202,100,100069,100,99116,100,100081,100,98949,100
2019-06-28 09:42:10.000000000,99864,561,99841,561,99923,100,99833,100,99954,200,99764,100,99956,300,99605,100,99984,100,99518,100,100029,100,99477,100,100035,100,99352,100,100042,100,99202,100,100069,100,99116,100,100081,100,98949,100
2019-06-28 09:42:20.000000000,99864,330,99841,330,99923,330,99833,330,99954,200,99764,100,99956,300,99605,100,99984,100,99518,100,100029,100,99477,100,100035,100,99352,100,100042,100,99202,100,100069,100,99116,100,100081,100,98949,100
2019-06-28 09:42:29.741152988,99864,230,99841,330,99923,330,99833,330,99954,200,99764,100,99956,300,99605,100,99984,100,99518,100,100029,100,99477,100,100035,100,99352,100,100042,100,99202,100,100069,100,99116,100,100081,100,98949,100
2019-06-28 09:42:30.000000000,99923,257,99841,257,99954,352,99833,252,99956,452,99764,252,99984,100,99605,100,100029,100,99518,100,100035,100,99477,100,100042,100,99352,100,100069,100,99202,100,100081,100,99116,100,100086,100,98949,100
2019-06-28 09:42:40.000000000,99923,257,99841,257,99954,352,99833,252,99956,452,99764,252,99984,100,99605,100,100029,100,99518,100,100035,100,99477,100,100042,100,99352,100,100069,100,99202,100,100081,100,99116,100,100086,100,98949,100
2019-06-28 09:42:50.000000000,99923,215,99841,215,99954,315,99833,215,99956,415,99764,215,99984,215,99605,215,100029,100,99518,100,100035,100,99477,100,100042,100,99352,100,100069,100,99202,100,100081,100,99116,100,100086,100,98949,100
2019-06-28 09:43:00.000000000,99923,561,99841,561,99954,200,99833,100,99956,300,99764,100,99984,100,99605,100,100029,100,99518,100,100035,100,99477,100,100042,100,99352,100,100069,100,99202,100,100081,100,99116,100,100086,100,98949,100
2019-06-28 09:43:10.000000000,99923,561,99841,561,99954,200,99833,100,99956,300,99764,100,99984,100,99605,100,100029,100,99518,100,100035,100,99477,100,100042,100,99352,100,100069,100,99202,100,100081,100,99116,100,100086,100,98949,100
2019-06-28 09:43:20.000000000,99923,192,99841,192,99954,292,99833,192,99956,392,99764,192,99984,192,99605,192,100029,192,99518,192,100035,100,99477,100,100042,100,99352,100,100069,100,99202,100,100081,100,99116,100,100086,100,98949,100
2019-06-28 09:43:30.000000000,99923,215,99841,215,99954,315,99833,215,99956,415,99764,215,99984,215,99605,215,100029,100,99518,100,100035,100,99477,100,100042,100,99352,100,100069,100,99202,100,100081,100,99116,100,100086,100,98949,100
2019-06-28 09:43:39.462888374,99923,215,99841,115,99954,315,99833,215,99956,415,99764,215,99984,215,99605,215,100029,100,99518,100,100035,100,99477,100,100042,100,99352,100,100069,100,99202,100,100081,100,99116,100,100086,100,98949,100
2019-06-28 09:43:40.000000000,99923,215,99833,215,99954,315,99764,215,99956,415,99605,215,99984,215,99518,215,100029,100,99477,100,100035,100,99352,100,100042,100,99202,100,100069,100,99116,100,100081,100,98949,100,100086,100,98896,100
2019-06-28 09:43:46.609005424,99923,215,99833,215,99949,100,99764,215,99954,315,99605,215,99956,415,99518,215,99984,215,99477,100,100029,100,99352,100,100042,100,99202,100,100069,100,99116,100,100081,100,98949,100,100086,100,98896,100
2019-06-28 09:43:50.000000000,99923,257,99833,257,99949,252,99764,252,99954,352,99605,252,99956,300,99518,100,99984,100,99477,100,100029,100,99352,100,100042,100,99202,100,100069,100,99116,100,100081,100,98949,100,100086,100,98896,100
2019-06-28 09:44:00.000000000,99923,561,99833,561,99949,100,99764,100,99954,200,99605,100,99956,300,99518,100,99984,100,99477,100,100029,100,99352,100,100042,100,99202,100,100069,100,99116,100,100081,100,98949,100,100086,100,98896,100
2019-06-28 09:44:00.777004737,99923,561,99833,461,99949,100,99764,100,99954,200,99605,100,99956,300,99518,100,99984,100,99477,100,100029,100,99352,100,100042,100,99202,100,100069,100,99116,100,100081,100,98949,100,100086,100,98896,100
2019-06-28 09:44:03.969229898,99923,561,99833,361,99949,100,99764,100,99954,200,99605,100,99956,300,99518,100,99984,100,99477,100,100029,100,99352,100,100042,100,99116,100,100069,100,98949,100,100081,100,98896,100,100086,100,98847,100
2019-06-28 09:44:10.000000000,99923,561,99764,561,99949,100,99605,100,99954,200,99518,100,99956,300,99477,100,99984,100,99352,100,100029,100,99116,100,100042,100,98949,100,100069,100,98896,100,100081,100,98847,100,100086,100,98662,100
2019-06-28 09:44:15.722763470,99923,561,99764,561,99949,100,99661,100,99954,200,99605,100,99956,300,99518,100,99984,100,99477,100,100029,100,99352,100,100042,100,99116,100,100069,100,98949,100,100081,100,98896,100,100086,100,98847,100
2019-06-28 09:44:20.000000000,99923,330,99764,330,99949,330,99661,330,99954,200,99605,100,99956,300,99518,100,99984,100,99477,100,100029,100,99352,100,100042,100,99116,100,100069,100,98949,100,100081,100,98896,100,100086,100,98847,100
2019-06-28 09:44:30.000000000,99923,215,99764,215,99949,215,99661,215,99954,315,99605,215,99956,415,99518,215,99984,100,99477,100,100029,100,99352,100,100042,100,99116,100,100069,100,98949,100,100081,100,98896,100,100086,100,98847,100
2019-06-28 09:44:38.866576791,99870,100,99764,215,99923,215,99661,215,99949,215,99605,215,99954,315,99518,215,99956,415,99477,100,99984,100,99352,100,100029,100,99116,100,100042,100,98949,100,100069,100,98896,100,100081,100,98847,100
2019-06-28 09:44:40.000000000,99870,561,99764,561,99923,100,99661,100,99949,100,99605,100,99954,200,99518,100,99956,300,99477,100,99984,100,99352,100,100029,100,99116,100,100042,100,98949,100,100069,100,98896,100,100081,100,98847,100
2019-06-28 09:44:50.000000000,99870,330,99764,330,99923,330,99661,330,99949,100,99605,100,99954,200,99518,100,99956,300,99477,100,99984,100,99352,100,100029,100,99116,100,100042,100,98949,100,100069,100,98896,100,100081,100,98847,100
2019-06-28 09:45:00.000000000,99870,330,99764,330,99923,330,99661,330,99949,100,99605,100,99954,200,99518,100,99956,300,99477,100,99984,100,99352,100,100029,100,99116,100,100042,100,98949,100,100069,100,98896,100,100081,100,98847,100
2019-06-28 09:45:10.000000000,99870,192,99764,192,99923,192,99661,192,99949,192,99605,192,99954,292,99518,192,99956,392,99477,192,99984,100,99352,100,100029,100,99116,100,100042,100,98949,100,100069,100,98896,100,100081,100,98847,100
2019-06-28 09:45:20.000000000,99870,561,99764,561,99923,100,99661,100,99949,100,99605,100,99954,200,99518,100,99956,300,99477,100,99984,100,99352,100,100029,100,99116,100,100042,100,98949,100,100069,100,98896,100,100081,100,98847,100
2019-06-28 09:45:30.000000000,99870,192,99764,192,99923,192,99661,192,99949,192,99605,192,99954,292,99518,192,99956,392,99477,192,99984,100,99352,100,100029,100,99116,100,100042,100,98949,100,100069,100,98896,100,100081,100,98847,100
2019-06-28 09:45:40.000000000,99870,215,99764,215,99923,215,99661,215,99949,215,99605,215,99954,315,99518,215,99956,300,99477,100,99984,100,99352,100,100029,100,99116,100,100042,100,98949,100,100069,100,98896,100,100081,100,98847,100
2019-06-28 09:45:41.428158578,99870,215,99764,215,99923,215,99661,115,99949,215,99605,215,99954,315,99518,215,99956,300,99477,100,99984,100,99352,100,100029,100,99116,100,100042,100,98949,100,100069,100,98896,100,100081,100,98847,100
2019-06-28 09:45:44.873875127,99870,215,99764,215,99923,215,99661,115,99949,215,99605,215,99954,315,99518,215,99956,300,99477,100,99984,100,99352,100,100029,100,99116,100,100042,100,98949,100,100069,100,98896,100,100081,100,98847,100
2019-06-28 09:45:50.000000000,99870,192,99764,192,99923,192,99605,192,99949,192,99518,192,99954,292,99477,192,99956,392,99352,192,99984,100,99116,100,100029,100,98949,100,100042,100,98896,100,100069,100,98847,100,100081,100,98662,100
2019-06-28 09:45:58.859609649,99870,192,99764,192,99923,192,99605,192,99949,192,99518,192,99954,292,99477,192,99956,392,99352,192,99984,100,99116,100,100029,100,98896,100,100042,100,98847,100,100069,100,98662,100,100081,100,98621,100
2019-06-28 09:46:00.000000000,99870,330,99764,330,99923,330,99605,330,99949,100,99518,100,99954,200,99477,100,99956,300,99352,100,99984,100,99116,100,100029,100,98896,100,100042,100,98847,100,100069,100,98662,100,100081,100,98621,100
2019-06-28 09:46:08.959374407,99870,330,99764,330,99923,330,99605,330,99949,100,99518,100,99954,200,99477,100,99956,300,99352,100,99984,100,99116,100,100029,100,98896,100,100042,100,98847,100,100069,100,98662,100,100086,100,98621,100
2019-06-28 09:46:10.000000000,99870,192,99764,192,99923,192,99605,192,99949,192,99518,192,99954,292,99477,192,99956,392,99352,192,99984,100,99116,100,100029,100,98896,100,100042,100,98847,100,100069,100,98662,100,100086,100,98621,100
2019-06-28 09:46:20.000000000,99870,330,99764,330,99923,330,99605,330,99949,100,99518,100,99954,200,99477,100,99956,300,99352,100,99984,100,99116,100,100029,100,98896,100,100042,100,98847,100,100069,100,98662,100,100086,100,98621,100
2019-06-28 09:46:22.772742652,99870,330,99834,100,99923,230,99764,330,99949,100,99605,330,99954,200,99518,100,99956,300,99477,100,99984,100,99352,100,100029,100,99116,100,100042,100,98896,100,100069,100,98847,100,100086,100,98662,100
2019-06-28 09:46:30.000000000,99870,215,99834,215,99949,215,99764,215,99954,315,99605,215,99956,415,99518,215,99984,100,99477,100,100029,100,99352,100,100042,100,99116,100,100069,100,98896,100,100086,100,98847,100,100089,100,98662,100
2019-06-28 09:46:40.000000000,99870,330,99834,330,99949,330,99764,330,99954,200,99605,100,99956,300,99518,100,99984,100,99477,100,100029,100,99352,100,100042,100,99116,100,100069,100,98896,100,100086,100,98847,100,100089,100,98662,100
2019-06-28 09:46:50.000000000,99870,257,99834,257,99949,252,99764,252,99954,352,99605,252,99956,300,99518,100,99984,100,99477,100,100029,100,99352,100,100042,100,99116,100,100069,100,98896,100,100086,100,98847,100,100089,100,98662,100
2019-06-28 09:46:57.364390505,99870,257,99834,357,99949,252,99764,252,99954,352,99605,252,99956,300,99518,100,99984,100,99477,100,100029,100,99352,100,100042,100,99116,100,100069,100,98896,100,100086,100,98847,100,100089,100,98662,100
2019-06-28 09:47:00.000000000,99870,561,99834,661,99949,100,99764,100,99954,200,99605,100,99956,300,99518,100,99984,100,99477,100,100029,100,99352,100,100042,100,99116,100,100069,100,98896,100,100086,100,98847,100,100089,100,98662,100
2019-06-28 09:47:10.000000000,99870,330,99834,430,99949,330,99764,330,99954,200,99605,100,99956,300,99518,100,99984,100,99477,100,100029,100,99352,100,100042,100,99116,100,100069,100,98896,100,100086,100,98847,100,100089,100,98662,100
2019-06-28 09:47:20.000000000,99870,257,99834,357,99949,252,99764,252,99954,352,99605,252,99956,300,99518,100,99984,100,99477,100,100029,100,99352,100,100042,100,99116,100,100069,100,98896,100,100086,100,98847,100,100089,100,98662,100
2019-06-28 09:47:21.291255863,99870,257,99834,357,99949,252,99764,252,99954,352,99605,252,99956,200,99518,100,99984,100,99477,100,100029,100,99352,100,100042,100,99116,100,100069,100,98896,100,100086,100,98847,100,100089,100,98662,100
2019-06-28 09:47:30.000000000,99870,192,99834,292,99949,192,99764,192,99954,292,99605,192,99956,292,99518,192,99984,192,99477,192,100029,100,99352,100,100042,100,99116,100,100069,100,98896,100,100086,100,98847,100,100089,100,98662,100
2019-06-28 09:47:37.494363332,99870,92,99834,292,99949,192,99764,192,99954,292,99605,192,99956,292,99518,192,99984,192,99477,192,100029,100,99352,100,100042,100,99116,100,100069,100,98896,100,100086,100,98662,100,100089,100,98621,100
2019-06-28 09:47:40.000000000,99949,215,99834,315,99954,315,99764,215,99956,315,99605,215,99984,215,99518,215,100029,100,99477,100,100042,100,99352,100,100069,100,99116,100,100086,100,98896,100,100089,100,98662,100,100097,100,98621,100
2019-06-28 09:47:50.000000000,99949,330,99834,430,99954,430,99764,330,99956,200,99605,100,99984,100,99518,100,100029,100,99477,100,100042,100,99352,100,100069,100,99116,100,100086,100,98896,100,100089,100,98662,100,100097,100,98621,100
2019-06-28 09:47:53.546233022,99949,330,99835,100,99954,430,99834,430,99956,200,99764,330,99984,100,99605,100,100029,100,99518,100,100042,100,99477,100,100069,100,99352,100,100086,100,99116,100,100089,100,98896,100,100097,100,98662,100
2019-06-28 09:48:00.000000000,99949,192,99835,192,99954,292,99834,292,99956,292,99764,192,99984,192,99605,192,100029,192,99518,192,100042,100,99477,100,100069,100,99352,100,100086,100,99116,100,100089,100,98896,100,100097,100,98662,100
2019-06-28 09:48:10.000000000,99949,257,99835,257,99954,352,99834,352,99956,352,99764,252,99984,100,99605,100,100029,100,99518,100,100042,100,99477,100,100069,100,99352,100,100086,100,99116,100,100089,100,98896,100,100097,100,98662,100
2019-06-28 09:48:18.320950130,99949,157,99835,257,99954,352,99834,352,99956,352,99764,252,99984,100,99605,100,100029,100,99518,100,100042,100,99477,100,100069,100,99352,100,100086,100,99116,100,100089,100,98896,100,100097,100,98662,100
2019-06-28 09:48:20.000000000,99954,661,99835,561,99956,200,99834,200,99984,100,99764,100,100029,100,99605,100,100042,100,99518,100,100069,100,99477,100,100086,100,99352,100,100089,100,99116,100,100097,100,98896,100,100134,100,98662,100
2019-06-28 09:48:23.192290605,99954,661,99835,561,99956,200,99834,200,99984,100,99764,100,100029,100,99605,100,100042,100,99518,100,100069,100,99477,100,100086,100,99352,100,100097,100,99116,100,100134,100,98896,100,100138,100,98662,100
2019-06-28 09:48:24.165625856,99954,661,99835,561,99956,100,99834,200,99984,100,99764,100,100029,100,99605,100,100042,100,99518,100,100069,100,99477,100,100086,100,99352,100,100097,100,99116,100,100134,100,98896,100,100138,100,98662,100
2019-06-28 09:48:29.778047435,99954,661,99835,561,99956,100,99834,200,99984,100,99764,100,100029,100,99605,100,100042,100,99518,100,100069,100,99477,100,100086,100,99352,100,100097,100,99116,100,100134,100,98896,100,100138,100,98662,100
2019-06-28 09:48:30.000000000,99954,661,99835,561,99956,100,99834,200,99984,100,99764,100,100029,100,99605,100,100042,100,99518,100,100069,100,99477,100,100086,100,99352,100,100097,100,99116,100,100134,100,98896,100,100138,100,98662,100
2019-06-28 09:48:34.867192378,99954,661,99835,561,99956,100,99834,200,99984,100,99764,100,100029,100,99605,100,100042,100,99518,100,100069,100,99477,100,100086,100,99352,100,100134,100,99116,100,100138,100,98896,100,100206,100,98662,100
2019-06-28 09:48:40.000000000,99954,661,99835,561,99956,100,99834,200,99984,100,99764,100,100029,100,99605,100,100042,100,99518,100,100069,100,99477,100,100086,100,99352,100,100134,100,99116,100,100138,100,98896,100,100206,100,98662,100
2019-06-28 09:48:47.265168915,99954,561,99835,561,99956,100,99834,200,99984,100,99605,100,100029,100,99518,100,100042,100,99477,100,100069,100,99352,100,100086,100,99116,100,100134,100,98896,100,100138,100,98662,100,100206,100,98621,100
2019-06-28 09:48:48.918316901,99954,561,99949,100,99956,100,99835,561,99984,100,99834,200,100029,100,99605,100,100042,100,99518,100,100069,100,99477,100,100086,100,99352,100,100134,100,99116,100,100138,100,98896,100,100206,100,98662,100
2019-06-28 09:48:50.000000000,99954,257,99949,257,99956,252,99835,252,99984,252,99834,352,100029,100,99605,100,100042,100,99518,100,100069,100,99477,100,100086,100,99352,100,100134,100,99116,100,100138,100,98896,100,100206,100,98662,100
2019-06-28 09:48:50.259376896,99954,157,99949,257,99956,252,99835,252,99984,252,99834,352,100029,100,99605,100,100042,100,99518,100,100069,100,99477,100,100086,100,99352,100,100134,100,99116,100,100138,100,98896,100,100206,100,98662,100
2019-06-28 09:49:00.000000000,99956,215,99949,215,99984,215,99835,215,100029,215,99834,315,100042,215,99605,215,100069,100,99518,100,100086,100,99477,100,100134,100,99352,100,100138,100,99116,100,100206,100,98896,100,100885,100,98662,100
2019-06-28 09:49:00.932066251,99956,115,99949,215,99984,215,99835,215,100029,215,99834,315,100042,215,99605,215,100069,100,99518,100,100086,100,99477,100,100134,100,99352,100,100138,100,99116,100,100206,100,98896,100,100885,100,98662,100
2019-06-28 09:49:10.000000000,99984,561,99949,561,100029,100,99835,100,100042,100,99834,200,100069,100,99605,100,100086,100,99518,100,100134,100,99477,100,100138,100,99352,100,100206,100,99116,100,100885,100,98896,100,100899,100,98662,100
2019-06-28 09:49:20.000000000,99984,215,99949,215,100029,215,99835,215,100042,215,99834,315,100069,215,99605,215,100086,100,99518,100,100134,100,99477,100,100138,100,99352,100,100206,100,99116,100,100885,100,98896,100,100899,100,98662,100
2019-06-28 09:49:30.000000000,99984,561,99949,561,100029,100,99835,100,100042,100,99834,200,100069,100,99605,100,100086,100,99518,100,100134,100,99477,100,100138,100,99352,100,100206,100,99116,100,100885,100,98896,100,100899,100,98662,100
2019-06-28 09:49:40.000000000,99984,192,99949,192,100029,192,99835,192,100042,192,99834,292,100069,192,99605,192,100086,192,99518,192,100134,100,99477,100,100138,100,99352,100,100206,100,99116,100,100885,100,98896,100,100899,100,98662,100
2019-06-28 09:49:50.000000000,99984,330,99949,330,100029,330,99835,330,100042,100,99834,200,100069,100,99605,100,100086,100,99518,100,100134,100,99477,100,100138,100,99352,100,100206,100,99116,100,100885,100,98896,100,100899,100,98662,100
2019-06-28 09:50:00.000000000,99984,215,99949,215,100029,215,99835,215,100042,215,99834,315,100069,215,99605,215,100086,100,99518,100,100134,100,99477,100,100138,100,99352,100,100206,100,99116,100,100885,100,98896,100,100899,100,98662,100
2019-06-28 09:50:08.335843265,99984,115,99949,215,100029,215,99835,215,100042,215,99834,315,100069,215,99605,215,100086,100,99518,100,100134,100,99477,100,100138,100,99352,100,100206,100,99116,100,100885,100,98896,100,100899,100,98662,100
2019-06-28 09:50:10.000000000,100029,330,99949,330,100042,330,99835,330,100069,100,99834,200,100086,100,99605,100,100134,100,99518,100,100138,100,99477,100,100206,100,99352,100,100885,100,99116,100,100899,100,98896,100,101132,100,98662,100
2019-06-28 09:50:20.000000000,100029,330,99949,330,100042,330,99835,330,100069,100,99834,200,100086,100,99605,100,100134,100,99518,100,100138,100,99477,100,100206,100,99352,100,100885,100,99116,100,100899,100,98896,100,101132,100,98662,100
2019-06-28 09:50:30.000000000,100029,257,99949,257,100042,252,99835,252,100069,252,99834,352,100086,100,99605,100,100134,100,99518,100,100138,100,99477,100,100206,100,99352,100,100885,100,99116,100,100899,100,98896,100,101132,100,98662,100
2019-06-28 09:50:40.000000000,100029,257,99949,257,100042,252,99835,252,100069,252,99834,352,100086,100,99605,100,100134,100,99518,100,100138,100,99477,100,100206,100,99352,100,100885,100,99116,100,100899,100,98896,100,101132,100,98662,100
2019-06-28 09:50:50.000000000,100029,257,99949,257,100042,252,99835,252,100069,252,99834,352,100086,100,99605,100,100134,100,99518,100,100138,100,99477,100,100206,100,99352,100,100885,100,99116,100,100899,100,98896,100,101132,100,98662,100
2019-06-28 09:51:00.000000000,100029,561,99949,561,100042,100,99835,100,100069,100,99834,200,100086,100,99605,100,100134,100,99518,100,100138,100,99477,100,100206,100,99352,100,100885,100,99116,100,100899,100,98896,100,101132,100,98662,100
2019-06-28 09:51:10.000000000,100029,257,99949,257,100042,252,99835,252,100069,252,99834,352,100086,100,99605,100,100134,100,99518,100,100138,100,99477,100,100206,100,99352,100,100885,100,99116,100,100899,100,98896,100,101132,100,98662,100
2019-06-28 09:51:18.274159139,100029,157,99949,257,100042,252,99835,252,100069,252,99834,352,100086,100,99605,100,100134,100,99518,100,100138,100,99477,100,100206,100,99352,100,100885,100,99116,100,100899,100,98896,100,101132,100,98662,100
2019-06-28 09:51:20.000000000,100042,192,99949,192,100069,192,99835,192,100086,192,99834,292,100134,192,99605,192,100138,192,99518,192,100206,100,99477,100,100885,100,99352,100,100899,100,99116,100,101132,100,98896,100,101436,100,98662,100
2019-06-28 09:51:27.900207709,100042,92,99949,192,100069,192,99835,192,100086,192,99834,292,100134,192,99605,192,100138,92,99518,192,100206,100,99477,100,100885,100,99352,100,100899,100,99116,100,101132,100,98896,100,101436,100,98662,100
2019-06-28 09:51:30.000000000,100069,561,99949,561,100086,100,99835,100,100134,100,99834,200,100206,100,99605,100,100885,100,99518,100,100899,100,99477,100,101132,100,99352,100,101436,100,99116,100,101764,100,98896,100,101916,100,98662,100
2019-06-28 09:51:40.000000000,100069,192,99949,192,100086,192,99835,192,100134,192,99834,292,100206,192,99605,192,100885,192,99518,192,100899,100,99477,100,101132,100,99352,100,101436,100,99116,100,101764,100,98896,100,101916,100,98662,100
2019-06-28 09:51:48.150697690,100069,192,99949,192,100086,192,99835,192,100134,192,99834,292,100206,192,99605,192,100885,192,99518,192,100899,100,99477,100,101132,100,99352,100,101401,100,99116,100,101436,100,98896,100,101764,100,98662,100
2019-06-28 09:51:50.000000000,100069,215,99949,215,100086,215,99835,215,100134,215,99834,315,100206,215,99605,215,100885,100,99518,100,100899,100,99477,100,101132,100,99352,100,101401,100,99116,100,101436,100,98896,100,101764,100,98662,100
2019-06-28 09:51:52.089206009,100069,215,99949,215,100086,215,99835,215,100134,215,99834,315,100206,215,99605,215,100885,100,99518,100,100899,100,99477,100,101132,100,99352,100,101185,100,99116,100,101401,100,98896,100,101436,100,98662,100
2019-06-28 09:52:00.000000000,100069,215,99949,215,100086,215,99835,215,100134,215,99834,315,100206,215,99605,215,100885,100,99518,100,100899,100,99477,100,101132,100,99352,100,101185,100,99116,100,101401,100,98896,100,101436,100,98662,100
2019-06-28 09:52:10.000000000,100069,561,99949,561,100086,100,99835,100,100134,100,99834,200,100206,100,99605,100,100885,100,99518,100,100899,100,99477,100,101132,100,99352,100,101185,100,99116,100,101401,100,98896,100,101436,100,98662,100
2019-06-28 09:52:20.000000000,100069,561,99949,561,100086,100,99835,100,100134,100,99834,200,100206,100,99605,100,100885,100,99518,100,100899,100,99477,100,101132,100,99352,100,101185,100,99116,100,101401,100,98896,100,101436,100,98662,100
2019-06-28 09:52:30.000000000,100069,330,99949,330,100086,330,99835,330,100134,100,99834,200,100206,100,99605,100,100885,100,99518,100,100899,100,99477,100,101132,100,99352,100,101185,100,99116,100,101401,100,98896,100,101436,100,98662,100
2019-06-28 09:52:32.681782341,100069,330,99949,330,100086,230,99835,330,100134,100,99834,200,100206,100,99605,100,100885,100,99518,100,100899,100,99477,100,101132,100,99352,100,101185,100,99116,100,101259,100,98896,100,101401,100,98662,100
2019-06-28 09:52:40.000000000,100069,330,99949,330,100134,330,99835,330,100206,100,99834,200,100885,100,99605,100,100899,100,99518,100,101132,100,99477,100,101185,100,99352,100,101259,100,99116,100,101401,100,98896,100,101436,100,98662,100
2019-06-28 09:52:50.000000000,100069,330,99949,330,100134,330,99835,330,100206,100,99834,200,100885,100,99605,100,100899,100,99518,100,101132,100,99477,100,101185,100,99352,100,101259,100,99116,100,101401,100,98896,100,101436,100,98662,100
2019-06-28 09:53:00.000000000,100069,561,99949,561,100134,100,99835,100,100206,100,99834,200,100885,100,99605,100,100899,100,99518,100,101132,100,99477,100,101185,100,99352,100,101259,100,99116,100,101401,100,98896,100,101436,100,98662,100
2019-06-28 09:53:02.564929448,100069,461,99949,561,100134,100,99835,100,100206,100,99834,200,100885,100,99605,100,100899,100,99518,100,101132,100,99477,100,101185,100,99352,100,101259,100,99116,100,101401,100,98896,100,101436,100,98662,100
2019-06-28 09:53:09.915996655,100069,361,99949,561,100134,100,99835,100,100206,100,99834,200,100885,100,99605,100,100899,100,99518,100,101132,100,99477,100,101185,100,99352,100,101259,100,99116,100,101401,100,98896,100,101436,100,98662,100
2019-06-28 09:53:10.000000000,100134,192,99949,192,100206,192,99835,192,100885,192,99834,292,100899,192,99605,192,101132,192,99518,192,101185,100,99477,100,101259,100,99352,100,101401,100,99116,100,101436,100,98896,100,101764,100,98662,100
2019-06-28 09:53:11.760535632,100134,92,99949,192,100206,192,99835,192,100885,192,99834,292,100899,192,99605,192,101132,192,99518,192,101185,100,99477,100,101259,100,99352,100,101401,100,99116,100,101764,100,98896,100,101916,100,98662,100
2019-06-28 09:53:20.000000000,100206,330,99949,330,100885,330,99835,330,100899,100,99834,200,101132,100,99605,100,101185,100,99518,100,101259,100,99477,100,101401,100,99352,100,101764,100,99116,100,101916,100,98896,100,,,98662,100
2019-06-28 09:53:30.000000000,100206,192,99949,192,100885,192,99835,192,100899,192,99834,292,101132,192,99605,192,101185,192,99518,192,101259,100,99477,100,101401,100,99352,100,101764,100,99116,100,101916,100,98896,100,,,98662,100
2019-06-28 09:53:38.314212435,100206,92,99949,192,100885,192,99835,192,100899,192,99834,292,101132,192,99605,192,101185,192,99518,192,101259,100,99477,100,101401,100,99352,100,101764,100,99116,100,101916,100,98896,100,,,98662,100
2019-06-28 09:53:40.000000000,100885,215,99949,215,100899,215,99835,215,101132,215,99834,315,101185,215,99605,215,101259,100,99518,100,101401,100,99477,100,101764,100,99352,100,101916,100,99116,100,,,98896,100,,,98662,100
2019-06-28 09:53:50.000000000,100885,257,99949,257,100899,252,99835,252,101132,252,99834,352,101185,100,99605,100,101259,100,99518,100,101401,100,99477,100,101764,100,99352,100,101916,100,99116,100,,,98896,100,,,98662,100
2019-06-28 09:53:54.492846049,100885,257,100134,100,100899,252,99949,257,101132,252,99835,252,101185,100,99834,352,101259,100,99605,100,101401,100,99518,100,101764,100,99477,100,101916,100,99352,100,,,99116,100,,,98896,100
2019-06-28 09:54:00.000000000,100885,561,100134,561,100899,100,99949,100,101132,100,99835,100,101185,100,99834,200,101259,100,99605,100,101401,100,99518,100,101764,100,99477,100,101916,100,99352,100,,,99116,100,,,98896,100
2019-06-28 09:54:03.262712142,100885,561,100134,561,100899,100,99949,100,101056,100,99835,100,101132,100,99834,200,101185,100,99605,100,101259,100,99518,100,101401,100,99477,100,101764,100,99352,100,101916,100,99116,100,,,98896,100
2019-06-28 09:54:10.000000000,100885,257,100134,257,100899,252,99949,252,101056,252,99835,252,101132,100,99834,200,101185,100,99605,100,101259,100,99518,100,101401,100,99477,100,101764,100,99352,100,101916,100,99116,100,,,98896,100
2019-06-28 09:54:18.574220704,100885,157,100619,100,100899,252,100134,257,101056,252,99949,252,101132,100,99835,252,101185,100,99834,200,101259,100,99605,100,101401,100,99518,100,101764,100,99477,100,101916,100,99352,100,,,99116,100
2019-06-28 09:54:20.000000000,100899,330,100619,330,101056,330,100134,330,101132,100,99949,100,101185,100,99835,100,101259,100,99834,200,101401,100,99605,100,101764,100,99518,100,101916,100,99477,100,,,99352,100,,,99116,100
2019-06-28 09:54:30.000000000,100899,330,100619,330,101056,330,100134,330,101132,100,99949,100,101185,100,99835,100,101259,100,99834,200,101401,100,99605,100,101764,100,99518,100,101916,100,99477,100,,,99352,100,,,99116,100
2019-06-28 09:54:35.727662460,100899,330,100619,330,101056,330,100552,100,101132,100,100134,330,101185,100,99949,100,101259,100,99835,100,101401,100,99834,200,101764,100,99605,100,101916,100,99518,100,,,99477,100,,,99352,100
2019-06-28 09:54:40.000000000,100899,561,100619,561,101056,100,100552,100,101132,100,100134,100,101185,100,99949,100,101259,100,99835,100,101401,100,99834,200,101764,100,99605,100,101916,100,99518,100,,,99477,100,,,99352,100
2019-06-28 09:54:49.905569386,100899,561,100619,461,101056,100,100552,100,101132,100,100134,100,101185,100,99949,100,101259,100,99835,100,101401,100,99834,200,101764,100,99605,100,101916,100,99518,100,,,99477,100,,,99352,100
2019-06-28 09:54:50.000000000,100899,192,100552,192,101056,192,100134,192,101132,192,99949,192,101185,192,99835,192,101259,192,99834,292,101401,100,99605,100,101764,100,99518,100,101916,100,99477,100,,,99352,100,,,99116,100
2019-06-28 09:55:00.000000000,100899,192,100552,192,101056,192,100134,192,101132,192,99949,192,101185,192,99835,192,101259,192,99834,292,101401,100,99605,100,101764,100,99518,100,101916,100,99477,100,,,99352,100,,,99116,100
2019-06-28 09:55:02.603232654,100899,192,100552,192,101056,192,100490,100,101132,192,100134,192,101185,192,99949,192,101259,192,99835,192,101401,100,99834,292,101764,100,99605,100,101916,100,99518,100,,,99477,100,,,99352,100
2019-06-28 09:55:09.036751521,100899,192,100552,192,101056,192,100490,100,101132,192,100206,100,101185,192,100134,192,101259,192,99949,192,101401,100,99835,192,101764,100,99834,292,101916,100,99605,100,,,99518,100,,,99477,100
2019-06-28 09:55:10.000000000,100899,192,100552,192,101056,192,100490,192,101132,192,100206,192,101185,192,100134,192,101259,192,99949,192,101401,100,99835,100,101764,100,99834,200,101916,100,99605,100,,,99518,100,,,99477,100
2019-06-28 09:55:14.923180652,100899,192,100552,192,101056,192,100490,192,101132,192,100251,100,101185,192,100206,192,101259,192,100134,192,101764,100,99949,192,101916,100,99835,100,,,99834,200,,,99605,100,,,99518,100
2019-06-28 09:55:20.000000000,100899,257,100552,257,101056,252,100490,252,101132,252,100251,252,101185,100,100206,100,101259,100,100134,100,101764,100,99949,100,101916,100,99835,100,,,99834,200,,,99605,100,,,99518,100
2019-06-28 09:55:22.058995309,100899,257,100552,257,101056,252,100490,252,101132,252,100251,252,101185,100,100206,200,101259,100,100134,100,101764,100,99949,100,101916,100,99835,100,,,99834,200,,,99605,100,,,99518,100
2019-06-28 09:55:26.987978369,100899,257,100552,257,101056,252,100490,252,101132,252,100251,252,101185,100,100206,300,101259,100,100134,100,101764,100,99949,100,101916,100,99835,100,,,99834,200,,,99605,100,,,99518,100
2019-06-28 09:55:30.000000000,100899,330,100552,330,101056,330,100490,330,101132,100,100251,100,101185,100,100206,300,101259,100,100134,100,101764,100,99949,100,101916,100,99835,100,,,99834,200,,,99605,100,,,99518,100
2019-06-28 09:55:31.463865355,100899,330,100552,330,101056,330,100490,330,101132,100,100251,100,101185,100,100239,100,101259,100,100206,300,101916,100,100134,100,,,99949,100,,,99835,100,,,99834,200,,,99605,100
2019-06-28 09:55:40.000000000,100899,561,100552,561,101056,100,100490,100,101132,100,100251,100,101185,100,100239,100,101259,100,100206,300,101916,100,100134,100,,,99949,100,,,99835,100,,,99834,200,,,99605,100
2019-06-28 09:55:50.000000000,100899,257,100552,257,101056,252,100490,252,101132,252,100251,252,101185,100,100239,100,101259,100,100206,300,101916,100,100134,100,,,99949,100,,,99835,100,,,99834,200,,,99605,100
2019-06-28 09:56:00.000000000,100899,192,100552,192,101056,192,100490,192,101132,192,100251,192,101185,192,100239,192,101259,192,100206,392,101916,100,100134,100,,,99949,100,,,99835,100,,,99834,200,,,99605,100
2019-06-28 09:56:08.115729364,100899,192,100552,192,101056,192,100490,192,101132,192,100482,100,101185,192,100251,192,101259,192,100239,192,101916,100,100206,392,,,100134,100,,,99949,100,,,99835,100,,,99834,200
2019-06-28 09:56:10.000000000,100899,192,100552,192,101056,192,100490,192,101132,192,100482,192,101185,192,100251,192,101259,192,100239,192,101916,100,100206,300,,,100134,100,,,99949,100,,,99835,100,,,99834,200
2019-06-28 09:56:20.000000000,100899,257,100552,257,101056,252,100490,252,101132,252,100482,252,101185,100,100251,100,101259,100,100239,100,101916,100,100206,300,,,100134,100,,,99949,100,,,99835,100,,,99834,200
2019-06-28 09:56:30.000000000,100899,561,100552,561,101056,100,100490,100,101132,100,100482,100,101185,100,100251,100,101259,100,100239,100,101916,100,100206,300,,,100134,100,,,99949,100,,,99835,100,,,99834,200
2019-06-28 09:56:40.000000000,100899,215,100552,215,101056,215,100490,215,101132,215,100482,215,101185,215,100251,215,101259,100,100239,100,101916,100,100206,300,,,100134,100,,,99949,100,,,99835,100,,,99834,200
2019-06-28 09:56:50.000000000,100899,192,100552,192,101056,192,100490,192,101132,192,100482,192,101185,192,100251,192,101259,192,100239,192,101916,100,100206,300,,,100134,100,,,99949,100,,,99835,100,,,99834,200
2019-06-28 09:56:59.224871789,100899,192,100673,100,101056,192,100552,192,101132,92,100490,192,101185,192,100482,192,101259,192,100251,192,101916,100,100239,192,,,100206,300,,,100134,100,,,99949,100,,,99835,100
2019-06-28 09:57:00.000000000,100899,561,100673,561,101056,100,100552,100,101185,100,100490,100,101259,100,100482,100,101916,100,100251,100,,,100239,100,,,100206,300,,,100134,100,,,99949,100,,,99835,100
2019-06-28 09:57:10.000000000,100899,192,100673,192,101056,192,100552,192,101185,192,100490,192,101259,192,100482,192,101916,192,100251,192,,,100239,100,,,100206,300,,,100134,100,,,99949,100,,,99835,100
2019-06-28 09:57:17.277394205,100899,192,100673,192,101005,100,100552,192,101056,192,100490,192,101185,192,100482,192,101259,192,100251,92,101916,192,100239,100,,,100206,300,,,100134,100,,,99949,100,,,99835,100
2019-06-28 09:57:18.399721660,100899,192,100673,92,101005,100,100552,192,101056,192,100490,192,101185,192,100482,192,101259,192,100251,92,101916,192,100239,100,,,100206,300,,,100134,100,,,99949,100,,,99835,100
2019-06-28 09:57:20.000000000,100899,330,100552,330,101005,330,100490,330,101056,100,100482,100,101185,100,100239,100,101259,100,100206,300,101916,100,100134,100,,,99949,100,,,99835,100,,,99834,200,,,99605,100
2019-06-28 09:57:30.000000000,100899,215,100552,215,101005,215,100490,215,101056,215,100482,215,101185,215,100239,215,101259,100,100206,300,101916,100,100134,100,,,99949,100,,,99835,100,,,99834,200,,,99605,100
2019-06-28 09:57:31.973462434,100899,215,100674,100,101005,215,100552,215,101056,215,100490,215,101185,215,100482,215,101259,100,100239,215,101916,100,100206,300,,,100134,100,,,99949,100,,,99835,100,,,99834,200
2019-06-28 09:57:39.249576843,100899,215,100674,100,101005,215,100631,100,101056,215,100552,215,101185,215,100490,215,101259,100,100482,215,101916,100,100239,215,,,100206,300,,,100134,100,,,99949,100,,,99835,100
2019-06-28 09:57:40.000000000,100899,257,100674,257,101005,252,100631,252,101056,252,100552,252,101185,100,100490,100,101259,100,100482,100,101916,100,100239,100,,,100206,300,,,100134,100,,,99949,100,,,99835,100
2019-06-28 09:57:50.000000000,100899,561,100674,561,101005,100,100631,100,101056,100,100552,100,101185,100,100490,100,101259,100,100482,100,101916,100,100239,100,,,100206,300,,,100134,100,,,99949,100,,,99835,100
2019-06-28 09:57:59.941115409,100899,561,100674,661,101005,100,100631,100,101056,100,100552,100,101185,100,100490,100,101259,100,100482,100,101916,100,100239,100,,,100206,300,,,100134,100,,,99949,100,,,99835,100
2019-06-28 09:58:00.000000000,100899,561,100674,661,101005,100,100631,100,101056,100,100552,100,101185,100,100490,100,101259,100,100482,100,101916,100,100239,100,,,100206,300,,,100134,100,,,99949,100,,,99835,100
2019-06-28 09:58:07.508477295,100899,461,100674,661,101005,100,100631,100,101056,100,100552,100,101185,100,100490,100,101259,100,100482,100,101916,100,100239,100,,,100206,300,,,100134,100,,,99949,100,,,99835,100
2019-06-28 09:58:10.000000000,101005,257,100674,357,101056,252,100631,252,101185,252,100552,252,101259,100,100490,100,101916,100,100482,100,,,100239,100,,,100206,300,,,100134,100,,,99949,100,,,99835,100
2019-06-28 09:58:10.062707444,100929,100,100674,357,101005,257,100631,252,101056,252,100552,252,101185,252,100490,100,101259,100,100482,100,101916,100,100239,100,,,100206,300,,,100134,100,,,99949,100,,,99835,100
2019-06-28 09:58:10.373053373,100929,100,100674,357,101005,257,100631,252,101056,252,100552,252,101185,252,100490,100,101259,100,100482,100,101916,100,100239,100,,,100206,300,,,100134,100,,,99949,100,,,99835,100
2019-06-28 09:58:20.000000000,100929,257,100674,357,101005,252,100631,252,101056,252,100552,252,101185,100,100490,100,101259,100,100482,100,101916,100,100239,100,,,100206,300,,,100134,100,,,99949,100,,,99835,100
2019-06-28 09:58:27.399161084,100929,257,100675,100,101005,252,100674,357,101056,252,100631,252,101185,100,100552,252,101259,100,100490,100,101916,100,100482,100,,,100239,100,,,100206,300,,,100134,100,,,99949,100
2019-06-28 09:58:28.511666969,100929,257,100675,200,101005,252,100674,357,101056,252,100631,252,101185,100,100552,252,101259,100,100490,100,101916,100,100482,100,,,100239,100,,,100206,300,,,100134,100,,,99949,100
2019-06-28 09:58:30.000000000,100929,561,100675,661,101005,100,100674,200,101056,100,100631,100,101185,100,100552,100,101259,100,100490,100,101916,100,100482,100,,,100239,100,,,100206,300,,,100134,100,,,99949,100
2019-06-28 09:58:30.734483125,100929,561,100675,761,101005,100,100674,200,101056,100,100631,100,101185,100,100552,100,101259,100,100490,100,101916,100,100482,100,,,100239,100,,,100206,200,,,100134,100,,,99949,100
2019-06-28 09:58:40.000000000,100929,257,100675,457,101005,252,100674,352,101056,252,100631,252,101185,100,100552,100,101259,100,100490,100,101916,100,100482,100,,,100239,100,,,100206,200,,,100134,100,,,99949,100
2019-06-28 09:58:50.000000000,100929,215,100675,415,101005,215,100674,315,101056,215,100631,215,101185,215,100552,215,101259,100,100490,100,101916,100,100482,100,,,100239,100,,,100206,200,,,100134,100,,,99949,100
2019-06-28 09:59:00.000000000,100929,561,100675,761,101005,100,100674,200,101056,100,100631,100,101185,100,100552,100,101259,100,100490,100,101916,100,100482,100,,,100239,100,,,100206,200,,,100134,100,,,99949,100
2019-06-28 09:59:10.000000000,100929,330,100675,530,101005,330,100674,430,101056,100,100631,100,101185,100,100552,100,101259,100,100490,100,101916,100,100482,100,,,100239,100,,,100206,200,,,100134,100,,,99949,100
2019-06-28 09:59:20.000000000,100929,215,100675,415,101005,215,100674,315,101056,215,100631,215,101185,215,100552,215,101259,100,100490,100,101916,100,100482,100,,,100239,100,,,100206,200,,,100134,100,,,99949,100
2019-06-28 09:59:23.853209956,100929,215,100675,515,101005,215,100674,315,101056,215,100631,215,101185,215,100552,215,101259,100,100490,100,101916,100,100482,100,,,100239,100,,,100206,200,,,100134,100,,,99949,100
2019-06-28 09:59:30.000000000,100929,561,100675,861,101005,100,100674,200,101056,100,100631,100,101185,100,100552,100,101259,100,100490,100,101916,100,100482,100,,,100239,100,,,100206,200,,,100134,100,,,99949,100
2019-06-28 09:59:40.000000000,100929,257,100675,557,101005,252,100674,352,101056,252,100631,252,101185,100,100552,100,101259,100,100490,100,101916,100,100482,100,,,100239,100,,,100206,200,,,100134,100,,,99949,100
2019-06-28 09:59:50.000000000,100929,192,100675,492,101005,192,100674,292,101056,192,100631,192,101185,192,100552,192,101259,192,100490,192,101916,100,100482,100,,,100239,100,,,100206,200,,,100134,100,,,99949,100
2019-06-28 09:59:54.775987589,100929,92,100675,492,101005,192,100674,292,101056,192,100631,192,101185,192,100552,192,101259,192,100490,192,101916,100,100482,100,,,100239,100,,,100206,200,,,100134,100,,,99949,100
2019-06-28 10:00:00.000000000,101005,330,100675,630,101056,330,100674,430,101185,100,100631,100,101259,100,100552,100,101916,100,100490,100,,,100482,100,,,100239,100,,,100206,200,,,100134,100,,,99949,100
2019-06-28 10:00:10.000000000,101005,192,100675,492,101056,192,100674,292,101185,192,100631,192,101259,192,100552,192,101916,192,100490,192,,,100482,100,,,100239,100,,,100206,200,,,100134,100,,,99949,100
2019-06-28 10:00:20.000000000,101005,561,100675,861,101056,100,100674,200,101185,100,100631,100,101259,100,100552,100,101916,100,100490,100,,,100482,100,,,100239,100,,,100206,200,,,100134,100,,,99949,100
2019-06-28 10:00:20.853406170,101005,461,100675,861,101056,100,100674,200,101185,100,100631,100,101259,100,100552,100,101916,100,100490,100,,,100482,100,,,100239,100,,,100206,200,,,100134,100,,,99949,100
2019-06-28 10:00:23.189269662,101005,461,100929,100,101056,100,100675,861,101185,100,100674,200,101259,100,100631,100,101916,100,100552,100,,,100490,100,,,100482,100,,,100239,100,,,100206,200,,,100134,100
2019-06-28 10:00:30.000000000,101056,215,100929,215,101185,215,100675,515,101259,215,100674,315,101916,215,100631,215,,,100552,100,,,100490,100,,,100482,100,,,100239,100,,,100206,200,,,100134,100
2019-06-28 10:00:38.475879697,101056,115,100929,215,101185,215,100675,515,101259,215,100674,315,101916,215,100631,215,,,100552,100,,,100490,100,,,100482,100,,,100239,100,,,100206,200,,,100134,100
2019-06-28 10:00:40.000000000,101185,215,100929,215,101259,215,100675,515,101916,215,100674,315,101917,115,100631,215,,,100552,100,,,100490,100,,,100482,100,,,100239,100,,,100206,200,,,100134,100
2019-06-28 10:00:50.000000000,101185,257,100929,257,101259,252,100675,552,101916,252,100674,352,,,100631,100,,,100552,100,,,100490,100,,,100482,100,,,100239,100,,,100206,200,,,100134,100
2019-06-28 10:01:00.000000000,101185,561,100929,561,101259,100,100675,400,101916,100,100674,200,,,100631,100,,,100552,100,,,100490,100,,,100482,100,,,100239,100,,,100206,200,,,100134,100
2019-06-28 10:01:04.731864404,101185,561,100929,561,101250,100,100675,400,101259,100,100674,200,101916,100,100631,100,,,100552,100,,,100490,100,,,100482,100,,,100239,100,,,100206,200,,,100134,100
2019-06-28 10:01:10.000000000,101185,215,100929,215,101250,215,100675,515,101259,215,100674,315,101916,215,100631,215,,,100552,100,,,100490,100,,,100482,100,,,100239,100,,,100206,200,,,100134,100
2019-06-28 10:01:18.238551248,101185,215,101005,100,101250,215,100929,215,101259,215,100675,515,101916,215,100674,315,,,100631,215,,,100552,100,,,100490,100,,,100482,100,,,100239,100,,,100206,200
2019-06-28 10:01:20.000000000,101185,192,101005,192,101250,192,100929,192,101259,192,100675,492,101916,192,100674,292,101917,92,100631,192,,,100552,100,,,100490,100,,,100482,100,,,100239,100,,,100206,200
2019-06-28 10:01:21.076714553,101185,192,101005,192,101250,192,100929,192,101259,192,100675,492,101343,100,100674,292,101916,192,100631,192,101917,92,100552,100,,,100490,100,,,100482,100,,,100239,100,,,100206,200
2019-06-28 10:01:24.502807027,101185,192,101005,192,101250,192,100929,192,101259,192,100675,492,101323,100,100674,292,101343,100,100631,192,101916,192,100552,100,101917,92,100490,100,,,100482,100,,,100239,100,,,100206,200
2019-06-28 10:01:30.000000000,101185,561,101005,561,101250,100,100929,100,101259,100,100675,400,101323,100,100674,200,101343,100,100631,100,101916,100,100552,100,,,100490,100,,,100482,100,,,100239,100,,,100206,200
2019-06-28 10:01:40.000000000,101185,330,101005,330,101250,330,100929,330,101259,100,100675,400,101323,100,100674,200,101343,100,100631,100,101916,100,100552,100,,,100490,100,,,100482,100,,,100239,100,,,100206,200
2019-06-28 10:01:50.000000000,101185,192,101005,192,101250,192,100929,192,101259,192,100675,492,101323,192,100674,292,101343,192,100631,192,101916,100,100552,100,,,100490,100,,,100482,100,,,100239,100,,,100206,200
2019-06-28 10:01:57.522430549,101185,192,101005,292,101250,192,100929,192,101259,192,100675,492,101323,192,100674,292,101343,192,100631,192,101916,100,100552,100,,,100490,100,,,100482,100,,,100239,100,,,100206,200
2019-06-28 10:02:00.000000000,101185,215,101005,315,101250,215,100929,215,101259,215,100675,515,101323,215,100674,315,101343,100,100631,100,101916,100,100552,100,,,100490,100,,,100482,100,,,100239,100,,,100206,200
2019-06-28 10:02:09.099421796,101185,215,101005,315,101250,215,100929,215,101259,215,100675,515,101323,215,100674,315,101343,100,100631,100,101904,100,100552,100,101916,100,100490,100,,,100482,100,,,100239,100,,,100206,200
2019-06-28 10:02:10.000000000,101185,215,101005,315,101250,215,100929,215,101259,215,100675,515,101323,215,100674,315,101343,100,100631,100,101904,100,100552,100,101916,100,100490,100,,,100482,100,,,100239,100,,,100206,200
2019-06-28 10:02:10.359468166,101185,215,101005,315,101250,215,100929,215,101259,215,100675,515,101323,215,100674,315,101343,100,100631,100,101725,100,100552,100,101904,100,100490,100,101916,100,100482,100,,,100239,100,,,100206,200
2019-06-28 10:02:12.999269361,101185,215,101005,315,101250,215,100929,215,101259,215,100675,515,101323,215,100674,315,101343,100,100631,100,101725,100,100552,100,101739,100,100490,100,101904,100,100482,100,101916,100,100239,100,,,100206,200
2019-06-28 10:02:20.000000000,101185,257,101005,357,101250,252,100929,252,101259,252,100675,552,101323,100,100674,200,101343,100,100631,100,101725,100,100552,100,101739,100,100490,100,101904,100,100482,100,101916,100,100239,100,,,100206,200
2019-06-28 10:02:22.304400355,101185,257,101005,457,101250,252,100929,252,101259,252,100675,452,101323,100,100674,200,101343,100,100631,100,101725,100,100552,100,101739,100,100490,100,101904,100,100482,100,101916,100,100239,100,,,100206,200
2019-06-28 10:02:30.000000000,101185,561,101005,761,101250,100,100929,100,101259,100,100675,300,101323,100,100674,200,101343,100,100631,100,101725,100,100552,100,101739,100,100490,100,101904,100,100482,100,101916,100,100239,100,,,100206,200
2019-06-28 10:02:40.000000000,101185,215,101005,415,101250,215,100929,215,101259,215,100675,415,101323,215,100674,315,101343,100,100631,100,101725,100,100552,100,101739,100,100490,100,101904,100,100482,100,101916,100,100239,100,,,100206,200
2019-06-28 10:02:50.000000000,101185,257,101005,457,101250,252,100929,252,101259,252,100675,452,101323,100,100674,200,101343,100,100631,100,101725,100,100552,100,101739,100,100490,100,101904,100,100482,100,101916,100,100239,100,,,100206,200
2019-06-28 10:03:00.000000000,101185,257,101005,457,101250,252,100929,252,101259,252,100675,452,101323,100,100674,200,101343,100,100631,100,101725,100,100552,100,101739,100,100490,100,101904,100,100482,100,101916,100,100239,100,,,100206,200
2019-06-28 10:03:00.322152591,101185,157,101005,457,101250,252,100929,252,101259,252,100675,452,101323,100,100674,200,101343,100,100631,100,101725,100,100552,100,101739,100,100490,100,101904,100,100482,100,101916,100,100239,100,,,100206,200
2019-06-28 10:03:02.913761344,101185,157,101056,100,101250,252,101005,457,101259,252,100929,252,101323,100,100675,452,101343,100,100674,200,101725,100,100631,100,101739,100,100552,100,101904,100,100490,100,101916,100,100482,100,,,100239,100
2019-06-28 10:03:04.786737344,101185,57,101056,100,101250,252,101005,457,101259,252,100929,252,101323,100,100675,452,101343,100,100674,200,101725,100,100631,100,101739,100,100552,100,101904,100,100490,100,101916,100,100482,100,,,100239,100
2019-06-28 10:03:09.477279046,101250,252,101185,43,101259,252,101056,100,101323,100,101005,457,101343,100,100929,252,101725,100,100675,452,101739,100,100674,200,101904,100,100631,100,101916,100,100490,100,,,100482,100,,,100239,100
2019-06-28 10:03:10.000000000,101250,330,101185,273,101259,330,101056,330,101323,100,101005,300,101343,100,100929,100,101725,100,100675,300,101739,100,100674,200,101904,100,100631,100,101916,100,100490,100,,,100482,100,,,100239,100
2019-06-28 10:03:20.000000000,101250,561,101185,504,101259,100,101056,100,101323,100,101005,300,101343,100,100929,100,101725,100,100675,300,101739,100,100674,200,101904,100,100631,100,101916,100,100490,100,,,100482,100,,,100239,100
2019-06-28 10:03:20.265398410,101250,561,101185,604,101259,100,101056,100,101323,100,101005,300,101343,100,100675,300,101725,100,100674,200,101739,100,100631,100,101904,100,100490,100,101916,100,100482,100,,,100239,100,,,100206,200
2019-06-28 10:03:22.575990958,101191,100,101185,604,101250,561,101056,100,101259,100,101005,300,101323,100,100675,300,101343,100,100674,200,101725,100,100631,100,101739,100,100490,100,101904,100,100482,100,101916,100,100239,100,,,100206,200
2019-06-28 10:03:30.000000000,101191,192,101185,235,101250,192,101056,192,101259,192,101005,392,101323,192,100675,392,101343,192,100674,292,101725,100,100631,100,101739,100,100490,100,101904,100,100482,100,101916,100,100239,100,,,100206,200
2019-06-28 10:03:32.876910515,101191,92,101185,235,101250,192,101056,192,101259,192,101005,392,101288,100,100675,392,101323,192,100674,292,101343,192,100631,100,101725,100,100490,100,101739,100,100482,100,101904,100,100239,100,101916,100,100206,200
2019-06-28 10:03:40.000000000,101250,192,101185,235,101259,192,101056,192,101288,192,101005,392,101323,192,100675,392,101343,192,100674,292,101725,100,100631,100,101739,100,100490,100,101904,100,100482,100,101916,100,100239,100,,,100206,200
2019-06-28 10:03:47.232554706,101250,192,101185,235,101259,192,101159,100,101288,192,101056,192,101323,192,101005,392,101343,192,100675,392,101725,100,100674,292,101739,100,100631,100,101904,100,100490,100,101916,100,100482,100,,,100239,100
2019-06-28 10:03:50.000000000,101250,215,101185,258,101259,215,101159,215,101288,215,101056,215,101323,215,101005,415,101343,100,100675,300,101725,100,100674,200,101739,100,100631,100,101904,100,100490,100,101916,100,100482,100,,,100239,100
2019-06-28 10:03:56.504326205,101250,215,101185,158,101259,215,101159,215,101288,215,101056,215,101323,215,101005,415,101343,100,100675,300,101725,100,100674,200,101739,100,100631,100,101904,100,100490,100,101916,100,100482,100,,,100239,100
2019-06-28 10:04:00.000000000,101250,561,101185,504,101259,100,101159,100,101288,100,101056,100,101323,100,101005,300,101343,100,100675,300,101725,100,100674,200,101739,100,100631,100,101904,100,100490,100,101916,100,100482,100,,,100239,100
2019-06-28 10:04:10.000000000,101250,192,101185,135,101259,192,101159,192,101288,192,101056,192,101323,192,101005,392,101343,192,100675,392,101725,100,100674,200,101739,100,100631,100,101904,100,100490,100,101916,100,100482,100,,,100239,100
2019-06-28 10:04:20.000000000,101250,257,101185,200,101259,252,101159,252,101288,252,101056,252,101323,100,101005,300,101343,100,100675,300,101725,100,100674,200,101739,100,100631,100,101904,100,100490,100,101916,100,100482,100,,,100239,100
2019-06-28 10:04:30.000000000,101250,561,101185,504,101259,100,101159,100,101288,100,101056,100,101323,100,101005,300,101343,100,100675,300,101725,100,100674,200,101739,100,100631,100,101904,100,100490,100,101916,100,100482,100,,,100239,100
2019-06-28 10:04:40.000000000,101250,257,101185,200,101259,252,101159,252,101288,252,101056,252,101323,100,101005,300,101343,100,100675,300,101725,100,100674,200,101739,100,100631,100,101904,100,100490,100,101916,100,100482,100,,,100239,100
2019-06-28 10:04:42.864505792,101250,157,101185,200,101259,252,101159,252,101288,252,101056,252,101323,100,101005,300,101343,100,100675,300,101725,100,100674,200,101739,100,100631,100,101904,100,100490,100,101916,100,100482,100,,,100239,100
2019-06-28 10:04:50.000000000,101259,561,101185,504,101288,100,101159,100,101323,100,101056,100,101343,100,101005,300,101725,100,100675,300,101739,100,100674,200,101904,100,100631,100,101916,100,100490,100,,,100482,100,,,100239,100
2019-06-28 10:04:56.002060133,101259,661,101185,504,101288,100,101159,100,101323,100,101056,100,101343,100,101005,300,101725,100,100675,300,101739,100,100674,200,101904,100,100631,100,101916,100,100490,100,,,100482,100,,,100206,200
2019-06-28 10:04:57.507126973,101259,661,101186,100,101288,100,101185,504,101323,100,101159,100,101343,100,101056,100,101725,100,101005,300,101739,100,100675,300,101904,100,100674,200,101916,100,100631,100,,,100490,100,,,100482,100
2019-06-28 10:05:00.000000000,101259,357,101186,257,101288,252,101185,195,101323,252,101159,252,101343,100,101056,100,101725,100,101005,300,101739,100,100675,300,101904,100,100674,200,101916,100,100631,100,,,100490,100,,,100482,100
2019-06-28 10:05:01.423966230,101259,357,101222,100,101288,252,101186,257,101323,252,101185,195,101343,100,101159,252,101725,100,101056,100,101739,100,101005,300,101904,100,100675,300,101916,100,100674,200,,,100631,100,,,100490,100
2019-06-28 10:05:10.000000000,101259,430,101222,330,101288,330,101186,330,101323,100,101185,43,101343,100,101159,100,101725,100,101056,100,101739,100,101005,300,101904,100,100675,300,101916,100,100674,200,,,100631,100,,,100490,100
2019-06-28 10:05:20.000000000,101259,661,101222,561,101288,100,101186,100,101323,100,101185,43,101343,100,101159,100,101725,100,101056,100,101739,100,101005,300,101904,100,100675,300,101916,100,100674,200,,,100631,100,,,100490,100
2019-06-28 10:05:22.674513856,101259,561,101222,561,101288,100,101186,100,101323,100,101185,43,101343,100,101159,100,101725,100,101056,100,101739,100,101005,300,101904,100,100675,300,101916,100,100674,200,,,100631,100,,,100490,100
2019-06-28 10:05:30.000000000,101259,192,101222,192,101288,192,101186,192,101323,192,101185,135,101343,192,101159,192,101725,192,101056,192,101739,100,101005,300,101904,100,100675,300,101916,100,100674,200,,,100631,100,,,100490,100
2019-06-28 10:05:40.000000000,101259,215,101222,215,101288,215,101186,215,101323,215,101185,158,101343,215,101159,215,101725,100,101056,100,101739,100,101005,300,101904,100,100675,300,101916,100,100674,200,,,100631,100,,,100490,100
2019-06-28 10:05:50.000000000,101259,561,101222,561,101288,100,101186,100,101323,100,101185,43,101343,100,101159,100,101725,100,101056,100,101739,100,101005,300,101904,100,100675,300,101916,100,100674,200,,,100631,100,,,100490,100
2019-06-28 10:05:55.887601291,101259,561,101222,561,101288,100,101186,100,101323,100,101185,43,101343,100,101159,100,101487,100,101056,100,101725,100,101005,300,101739,100,100675,300,101904,100,100674,200,101916,100,100631,100,,,100490,100
2019-06-28 10:06:00.000000000,101259,257,101222,257,101288,252,101186,252,101323,252,101185,195,101343,100,101159,100,101487,100,101056,100,101725,100,101005,300,101739,100,100675,300,101904,100,100674,200,101916,100,100631,100,,,100490,100
2019-06-28 10:06:10.000000000,101259,215,101222,215,101288,215,101186,215,101323,215,101185,158,101343,215,101159,215,101487,100,101056,100,101725,100,101005,300,101739,100,100675,300,101904,100,100674,200,101916,100,100631,100,,,100490,100
2019-06-28 10:06:20.000000000,101259,257,101222,257,101288,252,101186,252,101323,252,101185,195,101343,100,101159,100,101487,100,101056,100,101725,100,101005,300,101739,100,100675,300,101904,100,100674,200,101916,100,100631,100,,,100490,100
2019-06-28 10:06:30.000000000,101259,561,101222,561,101288,100,101186,100,101323,100,101185,43,101343,100,101159,100,101487,100,101056,100,101725,100,101005,300,101739,100,100675,300,101904,100,100674,200,101916,100,100631,100,,,100490,100
2019-06-28 10:06:40.000000000,101259,561,101222,561,101288,100,101186,100,101323,100,101185,43,101343,100,101159,100,101487,100,101056,100,101725,100,101005,300,101739,100,100675,300,101904,100,100674,200,101916,100,100631,100,,,100490,100
2019-06-28 10:06:49.448953704,101259,561,101222,561,101288,100,101186,100,101323,100,101185,43,101343,100,101159,100,101487,100,101056,100,101725,100,101005,300,101739,100,100814,100,101904,100,100675,300,101916,100,100674,200,,,100631,100
2019-06-28 10:06:50.000000000,101259,192,101222,192,101288,192,101186,192,101323,192,101185,135,101343,192,101159,192,101487,192,101056,192,101725,100,101005,300,101739,100,100814,100,101904,100,100675,300,101916,100,100674,200,,,100631,100
2019-06-28 10:07:00.000000000,101259,330,101222,330,101288,330,101186,330,101323,100,101185,43,101343,100,101159,100,101487,100,101056,100,101725,100,101005,300,101739,100,100814,100,101904,100,100675,300,101916,100,100674,200,,,100631,100
2019-06-28 10:07:10.000000000,101259,257,101222,257,101288,252,101186,252,101323,252,101185,195,101343,100,101159,100,101487,100,101056,100,101725,100,101005,300,101739,100,100814,100,101904,100,100675,300,101916,100,100674,200,,,100631,100
2019-06-28 10:07:20.000000000,101259,192,101222,192,101288,192,101186,192,101323,192,101185,135,101343,192,101159,192,101487,192,101056,192,101725,100,101005,300,101739,100,100814,100,101904,100,100675,300,101916,100,100674,200,,,100631,100
2019-06-28 10:07:24.816021369,101249,100,101222,192,101259,192,101186,192,101288,192,101185,135,101323,192,101159,192,101343,192,101056,192,101487,192,101005,300,101725,100,100814,100,101739,100,100675,300,101904,100,100674,200,101916,100,100631,100
2019-06-28 10:07:30.000000000,101249,257,101222,257,101259,252,101186,252,101288,252,101185,195,101323,100,101159,100,101343,100,101056,100,101487,100,101005,300,101725,100,100814,100,101739,100,100675,300,101904,100,100674,200,101916,100,100631,100
2019-06-28 10:07:38.680902933,101249,257,101222,257,101259,252,101186,252,101288,252,101185,195,101323,100,101159,100,101343,100,101056,100,101487,100,101005,300,101725,100,100814,100,101739,100,100675,200,101904,100,100674,200,101916,100,100631,100
2019-06-28 10:07:40.000000000,101249,215,101222,215,101259,215,101186,215,101288,215,101185,158,101323,215,101159,215,101343,100,101056,100,101487,100,101005,300,101725,100,100814,100,101739,100,100675,200,101904,100,100674,200,101916,100,100631,100
2019-06-28 10:07:43.684533628,101249,215,101222,115,101259,215,101186,215,101288,215,101185,158,101323,215,101159,215,101343,100,101056,100,101487,100,101005,300,101725,100,100814,100,101739,100,100675,200,101904,100,100674,200,101916,100,100631,100
2019-06-28 10:07:50.000000000,101249,215,101186,215,101259,215,101185,158,101288,215,101159,215,101323,215,101056,215,101343,100,101005,300,101487,100,100814,100,101725,100,100675,200,101739,100,100674,200,101904,100,100631,100,101916,100,100490,100
2019-06-28 10:07:50.086448350,101249,215,101186,115,101259,215,101185,158,101288,215,101159,215,101323,215,101056,215,101343,100,101005,300,101487,100,100814,100,101725,100,100675,200,101739,100,100674,200,101904,100,100631,100,101916,100,100490,100
2019-06-28 10:08:00.000000000,101249,215,101185,158,101259,215,101159,215,101288,215,101056,215,101323,215,101005,415,101343,100,100814,100,101487,100,100675,200,101725,100,100674,200,101739,100,100631,100,101904,100,100490,100,101916,100,100482,100
2019-06-28 10:08:10.000000000,101249,257,101185,200,101259,252,101159,252,101288,252,101056,252,101323,100,101005,300,101343,100,100814,100,101487,100,100675,200,101725,100,100674,200,101739,100,100631,100,101904,100,100490,100,101916,100,100482,100
2019-06-28 10:08:20.000000000,101249,561,101185,504,101259,100,101159,100,101288,100,101056,100,101323,100,101005,300,101343,100,100814,100,101487,100,100675,200,101725,100,100674,200,101739,100,100631,100,101904,100,100490,100,101916,100,100482,100
2019-06-28 10:08:21.970936593,101249,561,101185,404,101259,100,101159,100,101288,100,101056,100,101323,100,101005,300,101343,100,100814,100,101487,100,100675,200,101725,100,100674,200,101739,100,100490,100,101904,100,100482,100,101916,100,100206,200
2019-06-28 10:08:23.349701943,101249,561,101185,404,101259,100,101159,100,101288,100,101056,100,101323,100,101005,300,101343,100,100814,100,101487,100,100675,200,101725,100,100674,200,101739,100,100504,100,101904,100,100490,100,101916,100,100482,100
2019-06-28 10:08:30.000000000,101249,330,101159,330,101259,330,101056,330,101288,100,101005,300,101323,100,100814,100,101343,100,100675,200,101487,100,100674,200,101725,100,100504,100,101739,100,100490,100,101904,100,100482,100,101916,100,100206,200
2019-06-28 10:08:40.000000000,101249,257,101159,257,101259,252,101056,252,101288,252,101005,452,101323,100,100814,100,101343,100,100675,200,101487,100,100674,200,101725,100,100504,100,101739,100,100490,100,101904,100,100482,100,101916,100,100206,200
2019-06-28 10:08:50.000000000,101249,330,101159,330,101259,330,101056,330,101288,100,101005,300,101323,100,100814,100,101343,100,100675,200,101487,100,100674,200,101725,100,100504,100,101739,100,100490,100,101904,100,100482,100,101916,100,100206,200
2019-06-28 10:09:00.000000000,101249,561,101159,561,101259,100,101056,100,101288,100,101005,300,101323,100,100814,100,101343,100,100675,200,101487,100,100674,200,101725,100,100504,100,101739,100,100490,100,101904,100,100482,100,101916,100,100206,200
2019-06-28 10:09:10.000000000,101249,192,101159,192,101259,192,101056,192,101288,192,101005,392,101323,192,100814,192,101343,192,100675,292,101487,100,100674,200,101725,100,100504,100,101739,100,100490,100,101904,100,100482,100,101916,100,100206,200
2019-06-28 10:09:10.717825822,101249,192,101159,192,101259,192,101056,192,101264,100,101005,392,101288,192,100814,192,101323,192,100675,292,101343,92,100674,200,101487,100,100504,100,101725,100,100490,100,101739,100,100482,100,101904,100,100206,200
