,ask_price_1,ask_size_1,bid_price_1,bid_size_1,ask_price_2,ask_size_2,bid_price_2,bid_size_2,ask_price_3,ask_size_3,bid_price_3,bid_size_3,ask_price_4,ask_size_4,bid_price_4,bid_size_4,ask_price_5,ask_size_5,bid_price_5,bid_size_5,ask_price_6,ask_size_6,bid_price_6,bid_size_6,ask_price_7,ask_size_7,bid_price_7,bid_size_7,ask_price_8,ask_size_8,bid_price_8,bid_size_8,ask_price_9,ask_size_9,bid_price_9,bid_size_9,ask_price_10,ask_size_10,bid_price_10,bid_size_10
2019-06-28 09:30:00.000000004,99965,100,,,,,,,,,,,,,,,,,,,,,,,,,,,,,,,,,,,,,,
2019-06-28 09:30:00.000000006,99965,100,,,100043,100,,,,,,,,,,,,,,,,,,,,,,,,,,,,,,,,,,
2019-06-28 09:30:00.000000007,99965,100,99876,100,100043,100,,,,,,,,,,,,,,,,,,,,,,,,,,,,,,,,,,
2019-06-28 09:30:00.000000008,99965,100,99941,100,100043,100,99876,100,,,,,,,,,,,,,,,,,,,,,,,,,,,,,,,,
2019-06-28 09:30:00.000000010,100043,100,99941,100,100063,100,99876,100,,,,,,,,,,,,,,,,,,,,,,,,,,,,,,,,
2019-06-28 09:30:00.000000011,100043,100,99941,100,100063,100,99900,100,,,99876,100,,,,,,,,,,,,,,,,,,,,,,,,,,,,
2019-06-28 09:30:00.000000015,100043,100,99941,100,100063,100,99900,100,,,99876,100,,,99832,100,,,,,,,,,,,,,,,,,,,,,,,,
2019-06-28 09:30:00.000000016,100043,100,99968,100,100063,100,99941,100,,,99900,100,,,99876,100,,,99832,100,,,,,,,,,,,,,,,,,,,,
2019-06-28 09:30:00.000000018,99981,100,99968,100,100043,100,99941,100,100063,100,99900,100,,,99876,100,,,99832,100,,,,,,,,,,,,,,,,,,,,
2019-06-28 09:30:00.000000020,99981,100,99968,100,100043,100,99958,100,100063,100,99941,100,,,99900,100,,,99876,100,,,99832,100,,,,,,,,,,,,,,,,
2019-06-28 09:30:00.000000021,100043,100,99968,100,100063,100,99958,100,,,99941,100,,,99900,100,,,99876,100,,,99837,100,,,99832,100,,,,,,,,,,,,
2019-06-28 09:30:00.000000022,100043,100,99968,100,100059,100,99958,100,100063,100,99941,100,,,99900,100,,,99876,100,,,99837,100,,,99832,100,,,,,,,,,,,,
2019-06-28 09:30:00.000000024,100043,100,99968,100,100059,100,99958,100,100063,100,99941,100,100104,100,99900,100,100151,100,99876,100,,,99837,100,,,99832,100,,,,,,,,,,,,
2019-06-28 09:30:00.000000028,100043,100,99989,100,100059,100,99968,100,100063,100,99958,100,100104,100,99941,100,100151,100,99900,100,,,99876,100,,,99837,100,,,99832,100,,,,,,,,
2019-06-28 09:30:00.000000029,100043,100,99989,100,100059,100,99968,100,100062,100,99958,100,100063,100,99941,100,100104,100,99900,100,100151,100,99876,100,,,99837,100,,,99832,100,,,,,,,,
2019-06-28 09:30:00.000000030,100043,100,99989,100,100059,100,99968,100,100060,100,99958,100,100062,100,99941,100,100063,100,99900,100,100067,100,99876,100,100081,100,99837,100,100104,100,99832,100,100151,100,,,,,,
2019-06-28 09:30:00.000000031,100043,100,99968,100,100059,100,99958,100,100060,100,99941,100,100062,100,99900,100,100063,100,99876,100,100067,100,99837,100,100081,100,99832,100,100104,100,,,100151,100,,,,,,
2019-06-28 09:30:00.000000035,100043,100,99985,100,100059,100,99968,100,100060,100,99958,100,100062,100,99941,100,100063,100,99900,100,100067,100,99876,100,100081,100,99837,100,100104,100,99832,100,100151,100,,,,,,
2019-06-28 09:30:00.000000038,100059,100,99985,100,100060,100,99968,100,100062,100,99958,100,100063,100,99941,100,100067,100,99900,100,100081,100,99876,100,100104,100,99837,100,100151,100,99832,100,,,,,,,,
2019-06-28 09:30:00.000000041,100059,100,99985,100,100060,100,99968,100,100062,100,99964,100,100063,100,99958,100,100067,100,99941,100,100081,100,99900,100,100104,100,99876,100,100151,100,99837,100,,,99832,100,,,,
2019-06-28 09:30:00.000000047,100059,100,99985,100,100060,100,99968,100,100062,100,99964,100,100063,100,99958,100,100067,100,99941,100,100081,100,99937,100,100104,100,99900,100,100151,100,99876,100,,,99837,100,,,99832,100
2019-06-28 09:30:00.000000049,100043,100,99985,100,100059,100,99968,100,100060,100,99964,100,100062,100,99958,100,100063,100,99941,100,100067,100,99937,100,100081,100,99900,100,100104,100,99876,100,100151,100,99837,100,,,99832,100
2019-06-28 09:30:00.000000050,100043,100,99985,100,100059,100,99968,100,100060,100,99964,100,100062,100,99958,100,100063,100,99941,100,100067,100,99937,100,100081,100,99900,100,100104,100,99889,100,100151,100,99876,100,,,99837,100
2019-06-28 09:30:00.000000053,100043,100,99985,100,100059,100,99968,100,100060,100,99964,100,100062,100,99958,100,100063,100,99941,100,100067,100,99937,100,100081,100,99900,100,100104,100,99889,100,100151,100,99876,100,,,99837,100
2019-06-28 09:30:00.000000054,100043,100,99985,100,100059,100,99968,100,100060,100,99964,100,100062,100,99958,100,100063,100,99952,100,100067,100,99941,100,100081,100,99937,100,100104,100,99900,100,100151,100,99889,100,,,99876,100
2019-06-28 09:30:00.000000055,100043,100,100022,100,100059,100,99985,100,100060,100,99968,100,100062,100,99964,100,100063,100,99958,100,100067,100,99952,100,100081,100,99941,100,100104,100,99937,100,100151,100,99900,100,,,99889,100
2019-06-28 09:30:00.000000058,100043,100,100022,100,100059,100,99985,100,100060,100,99968,100,100062,100,99964,100,100063,100,99958,100,100067,100,99952,100,100081,100,99941,100,100094,100,99937,100,100104,100,99900,100,100151,100,99889,100
2019-06-28 09:30:00.000000060,100042,100,100022,100,100043,100,99985,100,100059,100,99968,100,100060,100,99964,100,100062,100,99958,100,100063,100,99952,100,100067,100,99941,100,100081,100,99937,100,100094,100,99900,100,100104,100,99889,100
2019-06-28 09:30:00.000000062,100022,100,99985,100,100042,100,99968,100,100043,100,99964,100,100059,100,99958,100,100060,100,99952,100,100062,100,99941,100,100063,100,99937,100,100067,100,99900,100,100081,100,99889,100,100094,100,99876,100
2019-06-28 09:30:00.000000063,100022,100,99985,100,100042,100,99968,100,100043,100,99964,100,100059,100,99958,100,100060,100,99952,100,100062,100,99941,100,100063,100,99937,100,100067,100,99900,100,100081,100,99889,100,100094,100,99876,100
2019-06-28 09:30:00.000000064,100022,100,99985,100,100042,100,99968,100,100043,100,99964,100,100059,100,99958,100,100060,100,99952,100,100062,100,99941,100,100063,100,99937,100,100067,100,99900,100,100081,100,99889,100,100094,100,99876,100
2019-06-28 09:30:00.000000065,100022,100,99991,200,100042,100,99985,100,100043,100,99968,100,100059,100,99964,100,100060,100,99958,100,100062,100,99952,100,100063,100,99941,100,100067,100,99937,100,100081,100,99900,100,100094,100,99889,100
2019-06-28 09:30:00.000000068,100042,100,99991,200,100043,100,99985,100,100059,100,99968,100,100060,100,99964,100,100062,100,99958,100,100063,100,99952,100,100067,100,99941,100,100081,100,99937,100,100094,100,99900,100,100104,100,99889,100
2019-06-28 09:30:00.000000069,100042,100,99991,100,100043,100,99985,100,100059,100,99968,100,100060,100,99964,100,100062,100,99958,100,100063,100,99952,100,100067,100,99941,100,100081,100,99937,100,100094,100,99900,100,100104,100,99889,100
2019-06-28 09:30:00.000000070,100042,100,99991,100,100043,100,99985,100,100059,100,99968,100,100060,100,99964,100,100062,100,99958,100,100063,100,99952,100,100067,100,99941,100,100081,100,99937,100,100094,100,99900,100,100104,100,99889,100
2019-06-28 09:30:00.000000071,100042,100,99985,100,100043,100,99968,100,100059,100,99964,100,100060,100,99958,100,100062,100,99952,100,100063,100,99941,100,100067,100,99937,100,100081,100,99900,100,100094,100,99889,100,100104,100,99876,100
2019-06-28 09:30:00.000000072,100042,100,100031,100,100043,100,99985,100,100059,100,99968,100,100060,100,99964,100,100062,100,99958,100,100063,100,99954,100,100067,100,99952,100,100081,100,99941,100,100094,100,99937,100,100104,100,99900,100
2019-06-28 09:30:00.000000075,100042,100,100031,100,100043,100,99985,100,100059,100,99968,100,100060,100,99964,100,100062,100,99958,100,100063,100,99954,100,100067,100,99952,100,100077,100,99941,100,100081,100,99937,100,100094,100,99900,100
2019-06-28 09:30:00.000000076,100042,100,100031,100,100043,100,99985,100,100059,100,99968,100,100060,100,99966,100,100062,100,99964,100,100063,100,99958,100,100067,100,99954,100,100077,100,99952,100,100081,100,99941,100,100094,100,99937,100
2019-06-28 09:30:00.000000079,100042,100,99985,100,100043,100,99968,100,100059,100,99966,100,100060,100,99964,100,100062,100,99958,100,100063,100,99954,100,100067,100,99952,100,100077,100,99941,100,100081,100,99937,100,100094,100,99900,100
2019-06-28 09:30:00.000000080,100043,100,99985,100,100059,100,99968,100,100060,100,99966,100,100062,100,99964,100,100063,100,99958,100,100067,100,99954,100,100077,100,99952,100,100081,100,99941,100,100091,100,99937,100,100094,100,99900,100
2019-06-28 09:30:00.000000083,100043,100,99991,100,100059,100,99985,100,100060,100,99968,100,100062,100,99966,100,100063,100,99964,100,100067,100,99958,100,100077,100,99954,100,100081,100,99952,100,100091,100,99941,100,100094,100,99937,100
2019-06-28 09:30:00.000000086,100043,100,99991,200,100059,100,99985,100,100060,100,99968,100,100062,100,99966,100,100063,100,99964,100,100067,100,99958,100,100077,100,99954,100,100081,100,99952,100,100091,100,99941,100,100094,100,99937,100
2019-06-28 09:30:00.000000089,100043,100,99991,200,100059,100,99985,100,100060,100,99968,100,100062,200,99966,100,100063,100,99964,100,100067,100,99958,100,100077,100,99954,100,100081,100,99952,100,100091,100,99941,100,100094,100,99937,100
2019-06-28 09:30:00.000000090,100043,100,99991,200,100059,100,99985,100,100060,100,99968,100,100062,200,99966,100,100063,100,99964,100,100067,100,99958,100,100077,100,99954,100,100081,100,99952,100,100091,100,99941,100,100094,100,99937,100
2019-06-28 09:30:00.000000091,100042,100,99991,200,100043,100,99985,100,100059,100,99968,100,100060,100,99966,100,100062,200,99964,100,100063,100,99958,100,100067,100,99954,100,100077,100,99952,100,100081,100,99941,100,100091,100,99937,100
2019-06-28 09:30:00.000000092,100042,100,99991,200,100043,100,99985,100,100059,100,99968,100,100060,100,99966,100,100062,200,99964,100,100063,100,99958,100,100067,100,99954,100,100077,100,99952,100,100081,100,99941,100,100091,100,99937,100
2019-06-28 09:30:00.000000095,100042,100,99991,200,100043,100,99985,100,100059,100,99968,100,100060,100,99966,100,100062,200,99964,100,100063,100,99958,100,100067,100,99954,100,100077,100,99952,100,100081,100,99941,100,100091,100,99937,100
2019-06-28 09:30:00.000000096,100042,200,99991,200,100043,100,99985,100,100059,100,99968,100,100060,100,99966,100,100062,200,99964,100,100063,100,99958,100,100067,100,99954,100,100077,100,99952,100,100081,100,99941,100,100091,100,99937,100
2019-06-28 09:30:00.000000097,100042,300,99991,200,100043,100,99985,100,100059,100,99968,100,100060,100,99966,100,100062,200,99964,100,100063,100,99958,100,100067,100,99954,100,100077,100,99952,100,100081,100,99941,100,100091,100,99937,100
2019-06-28 09:30:10.000000000,100042,452,99991,352,100043,248,99985,248,100059,248,99968,248,100060,100,99966,100,100062,200,99964,100,100063,100,99958,100,100067,100,99954,100,100077,100,99952,100,100081,100,99941,100,100091,100,99937,100
2019-06-28 09:30:13.080712139,100042,452,99991,252,100043,248,99985,248,100059,248,99968,248,100060,100,99966,100,100062,200,99964,100,100063,100,99958,100,100067,100,99954,100,100077,100,99952,100,100081,100,99941,100,100091,100,99937,100
2019-06-28 09:30:19.200893850,100042,452,99991,252,100043,248,99985,248,100059,248,99968,248,100060,100,99966,100,100062,200,99964,100,100063,100,99958,100,100067,100,99954,100,100077,100,99952,100,100081,100,99941,100,100091,100,99937,100
2019-06-28 09:30:20.000000000,100042,524,99991,324,100043,324,99985,324,100059,100,99968,100,100060,100,99966,100,100062,200,99964,100,100063,100,99958,100,100067,100,99954,100,100077,100,99952,100,100081,100,99941,100,100091,100,99937,100
2019-06-28 09:30:20.313416470,100042,524,99991,324,100043,324,99985,324,100059,100,99968,100,100060,100,99966,100,100062,200,99964,100,100063,100,99958,100,100067,100,99954,100,100077,100,99952,100,100091,100,99941,100,100094,100,99937,100
2019-06-28 09:30:30.000000000,100042,452,99991,252,100043,248,99985,248,100059,248,99968,248,100060,100,99966,100,100062,200,99964,100,100063,100,99958,100,100067,100,99954,100,100077,100,99952,100,100091,100,99941,100,100094,100,99937,100
2019-06-28 09:30:39.896038250,100042,452,99991,252,100043,248,99985,248,100059,248,99968,248,100060,100,99966,100,100062,200,99964,100,100063,100,99958,100,100067,100,99954,100,100077,100,99952,100,100091,100,99941,100,100104,100,99937,100
2019-06-28 09:30:40.000000000,100042,412,99991,212,100043,212,99985,212,100059,212,99968,212,100060,212,99966,212,100062,200,99964,100,100063,100,99958,100,100067,100,99954,100,100077,100,99952,100,100091,100,99941,100,100104,100,99937,100
2019-06-28 09:30:50.000000000,100042,524,99991,324,100043,324,99985,324,100059,100,99968,100,100060,100,99966,100,100062,200,99964,100,100063,100,99958,100,100067,100,99954,100,100077,100,99952,100,100091,100,99941,100,100104,100,99937,100
2019-06-28 09:31:00.000000000,100042,390,99991,190,100043,190,99985,190,100059,190,99968,190,100060,190,99966,190,100062,290,99964,190,100063,100,99958,100,100067,100,99954,100,100077,100,99952,100,100091,100,99941,100,100104,100,99937,100
2019-06-28 09:31:10.000000000,100042,390,99991,190,100043,190,99985,190,100059,190,99968,190,100060,190,99966,190,100062,290,99964,190,100063,100,99958,100,100067,100,99954,100,100077,100,99952,100,100091,100,99941,100,100104,100,99937,100
2019-06-28 09:31:20.000000000,100042,524,99991,324,100043,324,99985,324,100059,100,99968,100,100060,100,99966,100,100062,200,99964,100,100063,100,99958,100,100067,100,99954,100,100077,100,99952,100,100091,100,99941,100,100104,100,99937,100
2019-06-28 09:31:30.000000000,100042,452,99991,252,100043,248,99985,248,100059,248,99968,248,100060,100,99966,100,100062,200,99964,100,100063,100,99958,100,100067,100,99954,100,100077,100,99952,100,100091,100,99941,100,100104,100,99937,100
2019-06-28 09:31:31.233122873,100042,452,99992,100,100043,248,99991,252,100059,248,99985,248,100060,100,99968,248,100062,200,99966,100,100063,100,99964,100,100067,100,99958,100,100077,100,99954,100,100091,100,99952,100,100104,100,99941,100
2019-06-28 09:31:40.000000000,100042,524,99992,324,100043,324,99991,324,100059,100,99985,100,100060,100,99968,100,100062,200,99966,100,100063,100,99964,100,100067,100,99958,100,100077,100,99954,100,100091,100,99952,100,100104,100,99941,100
2019-06-28 09:31:50.000000000,100042,748,99992,548,100043,100,99991,100,100059,100,99985,100,100060,100,99968,100,100062,200,99966,100,100063,100,99964,100,100067,100,99958,100,100077,100,99954,100,100091,100,99952,100,100104,100,99941,100
2019-06-28 09:31:56.742441985,100042,748,99992,648,100043,100,99985,100,100059,100,99968,100,100060,100,99966,100,100062,200,99964,100,100063,100,99958,100,100067,100,99954,100,100077,100,99952,100,100091,100,99941,100,100104,100,99937,100
2019-06-28 09:32:00.000000000,100042,390,99992,290,100043,190,99985,190,100059,190,99968,190,100060,190,99966,190,100062,290,99964,190,100063,100,99958,100,100067,100,99954,100,100077,100,99952,100,100091,100,99941,100,100104,100,99937,100
2019-06-28 09:32:10.000000000,100042,412,99992,312,100043,212,99985,212,100059,212,99968,212,100060,212,99966,212,100062,200,99964,100,100063,100,99958,100,100067,100,99954,100,100077,100,99952,100,100091,100,99941,100,100104,100,99937,100
2019-06-28 09:32:20.000000000,100042,524,99992,424,100043,324,99985,324,100059,100,99968,100,100060,100,99966,100,100062,200,99964,100,100063,100,99958,100,100067,100,99954,100,100077,100,99952,100,100091,100,99941,100,100104,100,99937,100
2019-06-28 09:32:30.000000000,100042,412,99992,312,100043,212,99985,212,100059,212,99968,212,100060,212,99966,212,100062,200,99964,100,100063,100,99958,100,100067,100,99954,100,100077,100,99952,100,100091,100,99941,100,100104,100,99937,100
2019-06-28 09:32:39.687655543,100042,312,99992,312,100043,212,99985,212,100059,212,99968,212,100060,212,99966,212,100062,200,99964,100,100063,100,99958,100,100067,100,99954,100,100077,100,99952,100,100091,100,99941,100,100104,100,99937,100
2019-06-28 09:32:40.000000000,100042,648,99992,648,100043,100,99985,100,100059,100,99968,100,100060,100,99966,100,100062,200,99964,100,100063,100,99958,100,100067,100,99954,100,100077,100,99952,100,100091,100,99941,100,100104,100,99937,100
2019-06-28 09:32:50.000000000,100042,312,99992,312,100043,212,99985,212,100059,212,99968,212,100060,212,99966,212,100062,200,99964,100,100063,100,99958,100,100067,100,99954,100,100077,100,99952,100,100091,100,99941,100,100104,100,99937,100
2019-06-28 09:33:00.000000000,100042,290,99992,290,100043,190,99985,190,100059,190,99968,190,100060,190,99966,190,100062,290,99964,190,100063,100,99958,100,100067,100,99954,100,100077,100,99952,100,100091,100,99941,100,100104,100,99937,100
2019-06-28 09:33:09.581828180,100042,290,99993,100,100043,190,99992,190,100059,190,99985,190,100060,190,99968,190,100062,290,99966,190,100063,100,99964,190,100067,100,99958,100,100077,100,99954,100,100091,100,99952,100,100104,100,99941,100
2019-06-28 09:33:10.000000000,100042,290,99993,190,100043,190,99992,190,100059,190,99985,190,100060,190,99968,190,100062,290,99966,190,100063,100,99964,100,100067,100,99958,100,100077,100,99954,100,100091,100,99952,100,100104,100,99941,100
2019-06-28 09:33:20.000000000,100042,290,99993,190,100043,190,99992,190,100059,190,99985,190,100060,190,99968,190,100062,290,99966,190,100063,100,99964,100,100067,100,99958,100,100077,100,99954,100,100091,100,99952,100,100104,100,99941,100
2019-06-28 09:33:25.358118573,100042,290,99993,90,100043,190,99992,190,100059,190,99985,190,100060,190,99968,90,100062,290,99966,190,100063,100,99964,100,100067,100,99958,100,100077,100,99954,100,100091,100,99952,100,100104,100,99941,100
2019-06-28 09:33:30.000000000,100042,290,99992,190,100043,190,99985,190,100059,190,99966,190,100060,190,99964,190,100062,290,99958,190,100063,100,99954,100,100067,100,99952,100,100077,100,99941,100,100091,100,99937,100,100104,100,99900,100
2019-06-28 09:33:40.000000000,100042,352,99992,252,100043,248,99985,248,100059,248,99966,248,100060,100,99964,100,100062,200,99958,100,100063,100,99954,100,100067,100,99952,100,100077,100,99941,100,100091,100,99937,100,100104,100,99900,100
2019-06-28 09:33:50.000000000,100042,424,99992,324,100043,324,99985,324,100059,100,99966,100,100060,100,99964,100,100062,200,99958,100,100063,100,99954,100,100067,100,99952,100,100077,100,99941,100,100091,100,99937,100,100104,100,99900,100
2019-06-28 09:34:00.000000000,100042,352,99992,252,100043,248,99985,248,100059,248,99966,248,100060,100,99964,100,100062,200,99958,100,100063,100,99954,100,100067,100,99952,100,100077,100,99941,100,100091,100,99937,100,100104,100,99900,100
2019-06-28 09:34:10.000000000,100042,312,99992,212,100043,212,99985,212,100059,212,99966,212,100060,212,99964,212,100062,200,99958,100,100063,100,99954,100,100067,100,99952,100,100077,100,99941,100,100091,100,99937,100,100104,100,99900,100
2019-06-28 09:34:17.941059164,100041,100,99992,212,100042,312,99985,212,100043,212,99966,212,100059,212,99964,212,100060,212,99958,100,100062,200,99954,100,100063,100,99952,100,100067,100,99941,100,100077,100,99937,100,100091,100,99900,100
2019-06-28 09:34:20.000000000,100041,252,99992,252,100042,348,99985,248,100043,248,99966,248,100059,100,99964,100,100060,100,99958,100,100062,200,99954,100,100063,100,99952,100,100067,100,99941,100,100077,100,99937,100,100091,100,99900,100
2019-06-28 09:34:30.000000000,100041,548,99992,548,100042,200,99985,100,100043,100,99966,100,100059,100,99964,100,100060,100,99958,100,100062,200,99954,100,100063,100,99952,100,100067,100,99941,100,100077,100,99937,100,100091,100,99900,100
2019-06-28 09:34:40.000000000,100041,190,99992,190,100042,290,99985,190,100043,190,99966,190,100059,190,99964,190,100060,190,99958,190,100062,200,99954,100,100063,100,99952,100,100067,100,99941,100,100077,100,99937,100,100091,100,99900,100
2019-06-28 09:34:50.000000000,100041,324,99992,324,100042,424,99985,324,100043,100,99966,100,100059,100,99964,100,100060,100,99958,100,100062,200,99954,100,100063,100,99952,100,100067,100,99941,100,100077,100,99937,100,100091,100,99900,100
2019-06-28 09:35:00.000000000,100041,324,99992,324,100042,424,99985,324,100043,100,99966,100,100059,100,99964,100,100060,100,99958,100,100062,200,99954,100,100063,100,99952,100,100067,100,99941,100,100077,100,99937,100,100091,100,99900,100
2019-06-28 09:35:04.454095606,100041,224,99992,324,100042,424,99985,324,100043,100,99966,100,100059,100,99964,100,100060,100,99958,100,100062,200,99954,100,100063,100,99952,100,100067,100,99941,100,100077,100,99937,100,100091,100,99900,100
2019-06-28 09:35:05.554395285,100041,224,99992,324,100042,424,99985,324,100043,100,99966,100,100059,100,99964,100,100060,100,99958,100,100062,200,99954,100,100063,100,99952,100,100077,100,99941,100,100091,100,99937,100,100104,100,99900,100
2019-06-28 09:35:10.000000000,100042,648,99992,548,100043,100,99985,100,100059,100,99966,100,100060,100,99964,100,100062,200,99958,100,100063,100,99954,100,100077,100,99952,100,100091,100,99941,100,100104,100,99937,100,100106,100,99900,100
2019-06-28 09:35:15.941181214,100042,648,99994,100,100043,100,99992,548,100059,100,99985,100,100060,100,99966,100,100062,200,99964,100,100063,100,99958,100,100077,100,99954,100,100091,100,99952,100,100104,100,99941,100,100106,100,99937,100
2019-06-28 09:35:20.000000000,100042,424,99994,324,100043,324,99992,324,100059,100,99985,100,100060,100,99966,100,100062,200,99964,100,100063,100,99958,100,100077,100,99954,100,100091,100,99952,100,100104,100,99941,100,100106,100,99937,100
2019-06-28 09:35:21.445151456,100042,324,99994,324,100043,324,99992,324,100059,100,99985,100,100060,100,99966,100,100062,200,99964,100,100063,100,99958,100,100077,100,99954,100,100091,100,99952,100,100104,100,99941,100,100106,100,99937,100
2019-06-28 09:35:27.434011678,100042,224,99994,324,100043,324,99992,324,100059,100,99985,100,100060,100,99966,100,100062,200,99964,100,100063,100,99958,100,100077,100,99954,100,100091,100,99952,100,100104,100,99941,100,100106,100,99937,100
2019-06-28 09:35:27.789468537,100042,124,99994,324,100043,324,99992,324,100059,100,99985,100,100060,100,99966,100,100062,200,99964,100,100063,100,99958,100,100077,100,99954,100,100091,100,99952,100,100104,100,99941,100,100106,100,99937,100
2019-06-28 09:35:30.000000000,100043,548,99994,548,100059,100,99992,100,100060,100,99985,100,100062,200,99966,100,100063,100,99964,100,100077,100,99958,100,100091,100,99954,100,100104,100,99952,100,100106,100,99941,100,100112,100,99937,100
2019-06-28 09:35:40.000000000,100043,252,99994,252,100059,248,99992,248,100060,248,99985,248,100062,200,99966,100,100063,100,99964,100,100077,100,99958,100,100091,100,99954,100,100104,100,99952,100,100106,100,99941,100,100112,100,99937,100
2019-06-28 09:35:43.542359846,100043,252,99994,252,100059,248,99992,148,100060,248,99985,248,100062,200,99966,100,100063,100,99964,100,100077,100,99958,100,100091,100,99954,100,100104,100,99952,100,100106,100,99941,100,100112,100,99937,100
2019-06-28 09:35:50.000000000,100043,190,99994,190,100059,190,99985,190,100060,190,99966,190,100062,290,99964,190,100063,190,99958,190,100077,100,99954,100,100091,100,99952,100,100104,100,99941,100,100106,100,99937,100,100112,100,99900,100
2019-06-28 09:36:00.000000000,100043,212,99994,212,100059,212,99985,212,100060,212,99966,212,100062,312,99964,212,100063,100,99958,100,100077,100,99954,100,100091,100,99952,100,100104,100,99941,100,100106,100,99937,100,100112,100,99900,100
2019-06-28 09:36:08.844014077,100042,100,99994,212,100043,212,99985,212,100059,212,99966,212,100060,212,99964,212,100062,312,99958,100,100063,100,99954,100,100077,100,99952,100,100091,100,99941,100,100104,100,99937,100,100106,100,99900,100
2019-06-28 09:36:10.000000000,100042,324,99994,324,100043,324,99985,324,100059,100,99966,100,100060,100,99964,100,100062,200,99958,100,100063,100,99954,100,100077,100,99952,100,100091,100,99941,100,100104,100,99937,100,100106,100,99900,100
2019-06-28 09:36:20.000000000,100042,548,99994,548,100043,100,99985,100,100059,100,99966,100,100060,100,99964,100,100062,200,99958,100,100063,100,99954,100,100077,100,99952,100,100091,100,99941,100,100104,100,99937,100,100106,100,99900,100
2019-06-28 09:36:30.000000000,100042,548,99994,548,100043,100,99985,100,100059,100,99966,100,100060,100,99964,100,100062,200,99958,100,100063,100,99954,100,100077,100,99952,100,100091,100,99941,100,100104,100,99937,100,100106,100,99900,100
2019-06-28 09:36:40.000000000,100042,190,99994,190,100043,190,99985,190,100059,190,99966,190,100060,190,99964,190,100062,290,99958,190,100063,100,99954,100,100077,100,99952,100,100091,100,99941,100,100104,100,99937,100,100106,100,99900,100
2019-06-28 09:36:50.000000000,100042,190,99994,190,100043,190,99985,190,100059,190,99966,190,100060,190,99964,190,100062,290,99958,190,100063,100,99954,100,100077,100,99952,100,100091,100,99941,100,100104,100,99937,100,100106,100,99900,100
2019-06-28 09:36:53.808431309,100042,190,99994,190,100043,190,99985,190,100059,190,99966,190,100060,190,99964,190,100062,290,99958,190,100063,100,99954,100,100091,100,99952,100,100104,100,99941,100,100106,100,99937,100,100112,100,99900,100
2019-06-28 09:36:56.900643817,100042,90,99994,190,100043,190,99985,190,100059,190,99966,190,100060,190,99964,190,100062,290,99958,190,100063,100,99954,100,100091,100,99952,100,100104,100,99941,100,100106,100,99937,100,100112,100,99900,100
2019-06-28 09:37:00.000000000,100043,252,99994,252,100059,248,99985,248,100060,248,99966,248,100062,200,99964,100,100063,100,99958,100,100091,100,99954,100,100104,100,99952,100,100106,100,99941,100,100112,100,99937,100,100118,100,99900,100
2019-06-28 09:37:10.000000000,100043,190,99994,190,100059,190,99985,190,100060,190,99966,190,100062,290,99964,190,100063,190,99958,190,100091,100,99954,100,100104,100,99952,100,100106,100,99941,100,100112,100,99937,100,100118,100,99900,100
2019-06-28 09:37:20.000000000,100043,212,99994,212,100059,212,99985,212,100060,212,99966,212,100062,312,99964,212,100063,100,99958,100,100091,100,99954,100,100104,100,99952,100,100106,100,99941,100,100112,100,99937,100,100118,100,99900,100
2019-06-28 09:37:24.985236080,100043,212,99994,212,100059,212,99985,212,100060,212,99966,212,100062,212,99964,212,100063,100,99958,100,100091,100,99954,100,100104,100,99952,100,100106,100,99941,100,100112,200,99937,100,100118,100,99900,100
2019-06-28 09:37:26.340717984,100043,212,99994,212,100059,212,99985,212,100060,212,99966,212,100062,212,99964,212,100063,100,99958,100,100091,100,99954,100,100104,100,99952,100,100106,100,99941,100,100112,200,99937,100,100118,100,99930,100
2019-06-28 09:37:30.000000000,100043,548,99994,548,100059,100,99985,100,100060,100,99966,100,100062,100,99964,100,100063,100,99958,100,100091,100,99954,100,100104,100,99952,100,100106,100,99941,100,100112,200,99937,100,100118,100,99930,100
2019-06-28 09:37:35.067772375,100043,448,99994,548,100059,100,99985,100,100060,100,99966,100,100062,100,99964,100,100063,100,99958,100,100091,100,99954,100,100104,100,99952,100,100106,100,99941,100,100112,200,99937,100,100118,100,99930,100
2019-06-28 09:37:40.000000000,100059,252,99994,252,100060,248,99985,248,100062,248,99966,248,100063,100,99964,100,100091,100,99958,100,100104,100,99954,100,100106,100,99952,100,100112,200,99941,100,100118,100,99937,100,100120,100,99930,100
2019-06-28 09:37:44.291529543,100059,152,99994,252,100060,248,99985,248,100062,248,99966,248,100063,100,99964,100,100091,100,99958,100,100104,100,99954,100,100106,100,99941,100,100112,200,99937,100,100118,100,99930,100,100120,100,99900,100
2019-06-28 09:37:50.000000000,100060,548,99994,548,100062,100,99985,100,100063,100,99966,100,100091,100,99964,100,100104,100,99958,100,100106,100,99954,100,100112,200,99941,100,100118,100,99937,100,100120,100,99930,100,100138,100,99900,100
2019-06-28 09:38:00.000000000,100060,548,99994,548,100062,100,99985,100,100063,100,99966,100,100091,100,99964,100,100104,100,99958,100,100106,100,99954,100,100112,200,99941,100,100118,100,99937,100,100120,100,99930,100,100138,100,99900,100
2019-06-28 09:38:10.000000000,100060,190,99994,190,100062,190,99985,190,100063,190,99966,190,100091,190,99964,190,100104,190,99958,190,100106,100,99954,100,100112,200,99941,100,100118,100,99937,100,100120,100,99930,100,100138,100,99900,100
2019-06-28 09:38:20.000000000,100060,252,99994,252,100062,248,99985,248,100063,248,99966,248,100091,100,99964,100,100104,100,99958,100,100106,100,99954,100,100112,200,99941,100,100118,100,99937,100,100120,100,99930,100,100138,100,99900,100
2019-06-28 09:38:28.732864814,100060,252,100043,100,100062,248,99994,252,100063,248,99985,248,100091,100,99966,248,100104,100,99964,100,100106,100,99958,100,100112,200,99954,100,100118,100,99941,100,100120,100,99937,100,100138,100,99930,100
2019-06-28 09:38:30.000000000,100060,252,100043,252,100062,248,99994,248,100063,248,99985,248,100091,100,99966,100,100104,100,99964,100,100106,100,99958,100,100112,200,99954,100,100118,100,99941,100,100120,100,99937,100,100138,100,99930,100
2019-06-28 09:38:40.000000000,100060,212,100043,212,100062,212,99994,212,100063,212,99985,212,100091,212,99966,212,100104,100,99964,100,100106,100,99958,100,100112,200,99954,100,100118,100,99941,100,100120,100,99937,100,100138,100,99930,100
2019-06-28 09:38:50.000000000,100060,212,100043,212,100062,212,99994,212,100063,212,99985,212,100091,212,99966,212,100104,100,99964,100,100106,100,99958,100,100112,200,99954,100,100118,100,99941,100,100120,100,99937,100,100138,100,99930,100
2019-06-28 09:39:00.000000000,100060,190,100043,190,100062,190,99994,190,100063,190,99985,190,100091,190,99966,190,100104,190,99964,190,100106,100,99958,100,100112,200,99954,100,100118,100,99941,100,100120,100,99937,100,100138,100,99930,100
2019-06-28 09:39:10.000000000,100060,324,100043,324,100062,324,99994,324,100063,100,99985,100,100091,100,99966,100,100104,100,99964,100,100106,100,99958,100,100112,200,99954,100,100118,100,99941,100,100120,100,99937,100,100138,100,99930,100
2019-06-28 09:39:20.000000000,100060,324,100043,324,100062,324,99994,324,100063,100,99985,100,100091,100,99966,100,100104,100,99964,100,100106,100,99958,100,100112,200,99954,100,100118,100,99941,100,100120,100,99937,100,100138,100,99930,100
2019-06-28 09:39:27.812400929,100060,324,100043,324,100062,324,99994,324,100063,100,99985,100,100091,100,99966,100,100104,100,99964,100,100106,100,99958,100,100112,200,99954,100,100118,100,99941,100,100120,100,99937,100,100138,100,99930,100
2019-06-28 09:39:30.000000000,100060,190,100043,190,100062,190,99994,190,100063,190,99985,190,100091,190,99966,190,100104,190,99964,190,100106,100,99958,100,100112,200,99954,100,100118,100,99941,100,100120,100,99937,100,100138,100,99930,100
2019-06-28 09:39:40.000000000,100060,190,100043,190,100062,190,99994,190,100063,190,99985,190,100091,190,99966,190,100104,190,99964,190,100106,100,99958,100,100112,200,99954,100,100118,100,99941,100,100120,100,99937,100,100138,100,99930,100
2019-06-28 09:39:50.000000000,100060,548,100043,548,100062,100,99994,100,100063,100,99985,100,100091,100,99966,100,100104,100,99964,100,100106,100,99958,100,100112,200,99954,100,100118,100,99941,100,100120,100,99937,100,100138,100,99930,100
2019-06-28 09:39:57.899778014,100060,548,100043,548,100062,100,99994,100,100063,100,99985,100,100091,100,99964,100,100104,100,99958,100,100106,100,99954,100,100112,200,99941,100,100118,100,99937,100,100120,100,99930,100,100138,100,99900,100
2019-06-28 09:40:00.000000000,100060,252,100043,252,100062,248,99994,248,100063,248,99985,248,100091,100,99964,100,100104,100,99958,100,100106,100,99954,100,100112,200,99941,100,100118,100,99937,100,100120,100,99930,100,100138,100,99900,100
2019-06-28 09:40:02.611185027,100060,152,100043,252,100062,248,99994,248,100063,248,99985,248,100091,100,99964,100,100104,100,99958,100,100106,100,99954,100,100112,200,99941,100,100118,100,99937,100,100120,100,99930,100,100138,100,99900,100
2019-06-28 09:40:10.000000000,100062,252,100043,252,100063,248,99994,248,100091,248,99985,248,100104,100,99964,100,100106,100,99958,100,100112,200,99954,100,100118,100,99941,100,100120,100,99937,100,100138,100,99930,100,100141,100,99900,100
2019-06-28 09:40:11.012068952,100062,152,100043,252,100063,248,99994,248,100091,248,99985,248,100104,100,99964,100,100106,100,99958,100,100112,200,99954,100,100118,100,99941,100,100120,100,99937,100,100138,100,99930,100,100141,100,99900,100
2019-06-28 09:40:11.373572105,100062,52,100043,252,100063,248,99994,248,100091,248,99985,248,100104,100,99964,100,100112,200,99958,100,100118,100,99954,100,100120,100,99941,100,100138,100,99937,100,100141,100,99930,100,100151,100,99900,100
2019-06-28 09:40:20.000000000,100063,548,100043,548,100091,100,99994,100,100104,100,99985,100,100112,200,99964,100,100118,100,99958,100,100120,100,99954,100,100138,100,99941,100,100141,100,99937,100,100151,100,99930,100,100250,100,99900,100
2019-06-28 09:40:25.102734160,100063,448,100043,548,100091,100,99994,100,100104,100,99985,100,100112,200,99964,100,100118,100,99958,100,100120,100,99954,100,100138,100,99941,100,100141,100,99937,100,100151,100,99930,100,100250,100,99900,100
2019-06-28 09:40:30.000000000,100091,324,100043,324,100104,324,99994,324,100112,200,99985,100,100118,100,99964,100,100120,100,99958,100,100138,100,99954,100,100141,100,99941,100,100151,100,99937,100,100250,100,99930,100,101267,100,99900,100
2019-06-28 09:40:30.520051328,100091,224,100043,324,100104,324,99994,324,100112,200,99985,100,100118,100,99964,100,100120,100,99958,100,100138,100,99954,100,100141,100,99941,100,100151,100,99937,100,100250,100,99930,100,101267,100,99900,100
2019-06-28 09:40:36.814448518,100091,224,100043,324,100104,324,99994,324,100112,200,99985,100,100118,100,99964,100,100120,100,99958,100,100138,100,99954,100,100141,100,99941,100,100151,100,99937,100,100250,100,99930,100,101082,100,99900,100
2019-06-28 09:40:39.804084356,100091,224,100063,100,100104,324,100043,324,100112,200,99994,324,100118,100,99985,100,100120,100,99964,100,100138,100,99958,100,100141,100,99954,100,100151,100,99941,100,100250,100,99937,100,101082,100,99930,100
2019-06-28 09:40:40.000000000,100104,324,100063,324,100112,424,100043,324,100118,100,99994,100,100120,100,99985,100,100138,100,99964,100,100141,100,99958,100,100151,100,99954,100,100250,100,99941,100,101082,100,99937,100,101267,100,99930,100
2019-06-28 09:40:50.000000000,100104,190,100063,190,100112,290,100043,190,100118,190,99994,190,100120,190,99985,190,100138,190,99964,190,100141,100,99958,100,100151,100,99954,100,100250,100,99941,100,101082,100,99937,100,101267,100,99930,100
2019-06-28 09:40:51.258363320,100104,190,100063,190,100112,290,100043,190,100118,190,99994,190,100120,190,99985,190,100138,190,99964,190,100141,100,99958,100,100250,100,99954,100,101082,100,99941,100,101267,100,99937,100,101315,100,99930,100
2019-06-28 09:41:00.000000000,100104,324,100063,324,100112,424,100043,324,100118,100,99994,100,100120,100,99985,100,100138,100,99964,100,100141,100,99958,100,100250,100,99954,100,101082,100,99941,100,101267,100,99937,100,101315,100,99930,100
2019-06-28 09:41:07.673376245,100104,224,100063,324,100112,424,100043,324,100118,100,99994,100,100120,100,99985,100,100138,100,99964,100,100141,100,99958,100,100250,100,99954,100,101082,100,99941,100,101267,100,99937,100,101315,100,99930,100
2019-06-28 09:41:10.000000000,100112,424,100063,324,100118,324,100043,324,100120,100,99994,100,100138,100,99985,100,100141,100,99964,100,100250,100,99958,100,101082,100,99954,100,101267,100,99941,100,101315,100,99937,100,101317,100,99930,100
2019-06-28 09:41:13.703479802,100112,324,100063,324,100118,324,100043,324,100120,100,99994,100,100138,100,99985,100,100141,100,99964,100,100250,100,99958,100,101082,100,99954,100,101267,100,99941,100,101315,100,99937,100,101317,100,99930,100
2019-06-28 09:41:16.988289565,100112,324,100063,324,100118,324,100043,324,100120,100,99994,100,100138,100,99985,100,100141,100,99964,100,101082,100,99958,100,101267,100,99954,100,101315,100,99941,100,101317,100,99937,100,101441,100,99930,100
2019-06-28 09:41:17.865432224,100112,324,100063,324,100118,324,100043,324,100120,100,99994,100,100138,100,99985,100,100141,100,99964,100,101082,100,99958,100,101267,100,99954,100,101315,100,99941,100,101317,100,99937,100,101439,100,99930,100
2019-06-28 09:41:20.000000000,100112,324,100063,324,100118,324,100043,324,100120,100,99994,100,100138,100,99985,100,100141,100,99964,100,101082,100,99958,100,101267,100,99954,100,101315,100,99941,100,101317,100,99937,100,101439,100,99930,100
2019-06-28 09:41:23.442845585,100112,224,100063,324,100118,324,100043,324,100120,100,99994,100,100138,100,99985,100,100141,100,99964,100,101082,100,99958,100,101267,100,99954,100,101315,100,99941,100,101317,100,99937,100,101439,100,99930,100
2019-06-28 09:41:23.470920135,100112,124,100063,324,100118,324,100043,324,100120,100,99994,100,100138,100,99985,100,100141,100,99964,100,101082,100,99958,100,101267,100,99954,100,101315,100,99941,100,101317,100,99937,100,101441,100,99930,100
2019-06-28 09:41:30.000000000,100118,548,100063,548,100120,100,100043,100,100138,100,99994,100,100141,100,99985,100,101082,100,99964,100,101267,100,99958,100,101315,100,99954,100,101317,100,99941,100,101441,100,99937,100,,,99930,100
2019-06-28 09:41:35.298600128,100118,448,100063,548,100120,100,100043,100,100138,100,99994,100,100141,100,99985,100,101082,100,99964,100,101267,100,99958,100,101315,100,99954,100,101317,100,99941,100,101441,100,99937,100,,,99930,100
2019-06-28 09:41:35.893780291,100118,348,100063,548,100120,100,100043,100,100138,100,99994,100,100141,100,99985,100,101082,100,99964,100,101267,100,99958,100,101315,100,99954,100,101317,100,99941,100,101441,100,99937,100,,,99930,100
2019-06-28 09:41:40.000000000,100120,190,100063,190,100138,190,100043,190,100141,190,99994,190,101082,190,99985,190,101267,190,99964,190,101315,100,99958,100,101317,100,99954,100,101441,100,99941,100,,,99937,100,,,99930,100
2019-06-28 09:41:50.000000000,100120,212,100063,212,100138,212,100043,212,100141,212,99994,212,101082,212,99985,212,101267,100,99964,100,101315,100,99958,100,101317,100,99954,100,101441,100,99941,100,,,99937,100,,,99930,100
2019-06-28 09:42:00.000000000,100120,548,100063,548,100138,100,100043,100,100141,100,99994,100,101082,100,99985,100,101267,100,99964,100,101315,100,99958,100,101317,100,99954,100,101441,100,99941,100,,,99937,100,,,99930,100
2019-06-28 09:42:10.000000000,100120,548,100063,548,100138,100,100043,100,100141,100,99994,100,101082,100,99985,100,101267,100,99964,100,101315,100,99958,100,101317,100,99954,100,101441,100,99941,100,,,99937,100,,,99930,100
2019-06-28 09:42:20.000000000,100120,212,100063,212,100138,212,100043,212,100141,212,99994,212,101082,212,99985,212,101267,100,99964,100,101315,100,99958,100,101317,100,99954,100,101441,100,99941,100,,,99937,100,,,99930,100
2019-06-28 09:42:20.976087866,100120,212,100063,212,100138,212,100043,212,100141,212,99994,212,101082,212,99985,212,101267,100,99964,100,101315,100,99958,100,101317,100,99954,100,101441,100,99941,100,101849,100,99937,100,,,99930,100
2019-06-28 09:42:30.000000000,100120,324,100063,324,100138,324,100043,324,100141,100,99994,100,101082,100,99985,100,101267,100,99964,100,101315,100,99958,100,101317,100,99954,100,101441,100,99941,100,101849,100,99937,100,,,99930,100
2019-06-28 09:42:37.959890794,100120,124,100063,324,100138,324,100043,324,100141,100,99994,100,101082,100,99985,100,101267,100,99964,100,101315,100,99958,100,101317,100,99954,100,101441,100,99941,100,101849,100,99937,100,,,99930,100
2019-06-28 09:42:40.000000000,100138,324,100063,324,100141,324,100043,324,101082,100,99994,100,101267,100,99985,100,101315,100,99964,100,101317,100,99958,100,101441,100,99954,100,101849,100,99941,100,,,99937,100,,,99930,100
2019-06-28 09:42:43.712282231,100138,324,100118,100,100141,324,100063,324,101082,100,100043,324,101267,100,99994,100,101315,100,99985,100,101317,100,99964,100,101441,100,99958,100,101849,100,99954,100,,,99941,100,,,99937,100
2019-06-28 09:42:50.000000000,100138,324,100118,324,100141,324,100063,324,101082,100,100043,100,101267,100,99994,100,101315,100,99985,100,101317,100,99964,100,101441,100,99958,100,101849,100,99954,100,,,99941,100,,,99937,100
2019-06-28 09:43:00.000000000,100138,212,100118,212,100141,212,100063,212,101082,212,100043,212,101267,212,99994,212,101315,100,99985,100,101317,100,99964,100,101441,100,99958,100,101849,100,99954,100,,,99941,100,,,99937,100
2019-06-28 09:43:03.438219888,100138,112,100118,212,100141,212,100063,212,101082,212,100043,212,101267,212,99994,212,101315,100,99985,100,101317,100,99964,100,101441,100,99958,100,101849,100,99954,100,,,99941,100,,,99937,100
2019-06-28 09:43:10.000000000,100141,548,100118,548,101082,100,100063,100,101267,100,100043,100,101315,100,99994,100,101317,100,99985,100,101441,100,99964,100,101849,100,99958,100,,,99954,100,,,99941,100,,,99937,100
2019-06-28 09:43:20.000000000,100141,212,100118,212,101082,212,100063,212,101267,212,100043,212,101315,212,99994,212,101317,100,99985,100,101441,100,99964,100,101849,100,99958,100,,,99954,100,,,99941,100,,,99937,100
2019-06-28 09:43:30.000000000,100141,212,100118,212,101082,212,100063,212,101267,212,100043,212,101315,212,99994,212,101317,100,99985,100,101441,100,99964,100,101849,100,99958,100,,,99954,100,,,99941,100,,,99937,100
2019-06-28 09:43:35.065875922,100141,112,100118,212,101082,212,100063,212,101267,212,100043,212,101315,212,99994,212,101317,100,99985,100,101441,100,99964,100,101849,100,99958,100,,,99954,100,,,99941,100,,,99937,100
2019-06-28 09:43:35.088946024,100141,12,100118,212,101082,212,100063,212,101267,212,100043,212,101315,212,99994,212,101317,100,99985,100,101441,100,99964,100,,,99958,100,,,99954,100,,,99941,100,,,99937,100
2019-06-28 09:43:39.818902467,100141,12,100118,212,101082,212,100063,212,101267,212,100043,212,101315,212,99994,212,101317,100,99985,100,101441,100,99964,100,101618,100,99958,100,,,99954,100,,,99941,100,,,99937,100
2019-06-28 09:43:40.000000000,101082,190,100118,190,101267,190,100063,190,101315,190,100043,190,101317,190,99994,190,101441,190,99985,190,101618,100,99964,100,,,99958,100,,,99954,100,,,99941,100,,,99937,100
2019-06-28 09:43:50.000000000,101082,252,100118,252,101267,248,100063,248,101315,248,100043,248,101317,100,99994,100,101441,100,99985,100,101618,100,99964,100,,,99958,100,,,99954,100,,,99941,100,,,99937,100
2019-06-28 09:44:00.000000000,101082,190,100118,190,101267,190,100063,190,101315,190,100043,190,101317,190,99994,190,101441,190,99985,190,101618,100,99964,100,,,99958,100,,,99954,100,,,99941,100,,,99937,100
2019-06-28 09:44:10.000000000,101082,190,100118,190,101267,190,100063,190,101315,190,100043,190,101317,190,99994,190,101441,190,99985,190,101618,100,99964,100,,,99958,100,,,99954,100,,,99941,100,,,99937,100
2019-06-28 09:44:20.000000000,101082,252,100118,252,101267,248,100063,248,101315,248,100043,248,101317,100,99994,100,101441,100,99985,100,101618,100,99964,100,,,99958,100,,,99954,100,,,99941,100,,,99937,100
2019-06-28 09:44:23.002417241,101082,152,100118,252,101267,248,100063,248,101315,248,100043,248,101317,100,99994,100,101441,100,99985,100,101618,100,99964,100,,,99958,100,,,99954,100,,,99941,100,,,99937,100
2019-06-28 09:44:30.000000000,101267,548,100118,548,101315,100,100063,100,101317,100,100043,100,101441,100,99994,100,101618,100,99985,100,,,99964,100,,,99958,100,,,99954,100,,,99941,100,,,99937,100
2019-06-28 09:44:40.000000000,101267,190,100118,190,101315,190,100063,190,101317,190,100043,190,101441,190,99994,190,101618,190,99985,190,,,99964,100,,,99958,100,,,99954,100,,,99941,100,,,99937,100
2019-06-28 09:44:50.000000000,101267,212,100118,212,101315,212,100063,212,101317,212,100043,212,101441,212,99994,212,101618,100,99985,100,,,99964,100,,,99958,100,,,99954,100,,,99941,100,,,99937,100
2019-06-28 09:44:58.061272239,101267,212,100118,212,101315,212,100063,212,101317,212,100043,212,101441,212,99994,212,101618,100,99985,100,102517,100,99964,100,,,99958,100,,,99954,100,,,99941,100,,,99937,100
2019-06-28 09:45:00.000000000,101267,548,100118,548,101315,100,100063,100,101317,100,100043,100,101441,100,99994,100,101618,100,99985,100,102517,100,99964,100,,,99958,100,,,99954,100,,,99941,100,,,99937,100
2019-06-28 09:45:04.194605084,101267,548,100141,100,101315,100,100118,548,101317,100,100043,100,101441,100,99994,100,101618,100,99985,100,102517,100,99964,100,,,99958,100,,,99954,100,,,99941,100,,,99937,100
2019-06-28 09:45:05.688677461,101267,448,100141,100,101315,100,100118,548,101317,100,100043,100,101441,100,99994,100,101618,100,99985,100,102517,100,99964,100,,,99958,100,,,99954,100,,,99941,100,,,99937,100
2019-06-28 09:45:10.000000000,101315,190,100141,190,101317,190,100118,190,101441,190,100043,190,101618,190,99994,190,102517,190,99985,190,,,99964,100,,,99958,100,,,99954,100,,,99941,100,,,99937,100
2019-06-28 09:45:17.389201108,101315,190,101082,100,101317,190,100141,190,101441,190,100118,190,101618,190,100043,190,102517,190,99994,190,,,99985,190,,,99964,100,,,99958,100,,,99954,100,,,99941,100
2019-06-28 09:45:20.000000000,101315,548,101082,548,101317,100,100141,100,101441,100,100118,100,101618,100,100043,100,102517,100,99994,100,,,99985,100,,,99964,100,,,99958,100,,,99954,100,,,99941,100
2019-06-28 09:45:29.699684162,101315,448,101082,548,101317,100,100141,100,101441,100,100118,100,101618,100,100043,100,102517,100,99994,100,,,99985,100,,,99958,100,,,99954,100,,,99941,100,,,99937,100
2019-06-28 09:45:30.000000000,101317,190,101082,190,101441,190,100141,190,101618,190,100118,190,102517,190,100043,190,102518,90,99994,190,,,99985,100,,,99958,100,,,99954,100,,,99941,100,,,99937,100
2019-06-28 09:45:40.000000000,101317,548,101082,548,101441,100,100141,100,101618,100,100118,100,102517,100,100043,100,,,99994,100,,,99985,100,,,99958,100,,,99954,100,,,99941,100,,,99937,100
2019-06-28 09:45:50.000000000,101317,252,101082,252,101441,248,100141,248,101618,248,100118,248,102517,100,100043,100,,,99994,100,,,99985,100,,,99958,100,,,99954,100,,,99941,100,,,99937,100
2019-06-28 09:45:51.192500372,101317,252,101082,252,101441,248,100141,248,101618,248,100118,248,102406,100,100043,100,102517,100,99994,100,,,99985,100,,,99958,100,,,99954,100,,,99941,100,,,99937,100
2019-06-28 09:45:59.271355264,101317,252,101267,100,101441,248,101082,252,101618,248,100141,248,102406,100,100118,248,102517,100,100043,100,,,99994,100,,,99985,100,,,99958,100,,,99954,100,,,99941,100
2019-06-28 09:46:00.000000000,101317,190,101267,190,101441,190,101082,190,101618,190,100141,190,102406,190,100118,190,102517,190,100043,190,,,99994,100,,,99985,100,,,99958,100,,,99954,100,,,99941,100
2019-06-28 09:46:10.000000000,101317,548,101267,548,101441,100,101082,100,101618,100,100141,100,102406,100,100118,100,102517,100,100043,100,,,99994,100,,,99985,100,,,99958,100,,,99954,100,,,99941,100
2019-06-28 09:46:10.404224355,101317,448,101267,548,101618,100,101082,100,102406,100,100141,100,102517,100,100118,100,,,100043,100,,,99994,100,,,99985,100,,,99958,100,,,99954,100,,,99941,100
2019-06-28 09:46:13.417293564,101317,348,101267,548,101618,100,101082,100,102406,100,100141,100,102517,100,100118,100,,,100043,100,,,99994,100,,,99985,100,,,99958,100,,,99954,100,,,99941,100
2019-06-28 09:46:16.322511866,101317,248,101267,548,101618,100,101082,100,102406,100,100141,100,102517,100,100118,100,,,100043,100,,,99994,100,,,99985,100,,,99958,100,,,99954,100,,,99941,100
2019-06-28 09:46:17.143479912,101317,148,101267,548,101618,100,101082,100,102406,100,100141,100,102517,100,100118,100,,,100043,100,,,99994,100,,,99985,100,,,99958,100,,,99954,100,,,99941,100
2019-06-28 09:46:20.000000000,101618,324,101267,324,102406,324,101082,324,102517,100,100141,100,,,100118,100,,,100043,100,,,99994,100,,,99985,100,,,99958,100,,,99954,100,,,99941,100
2019-06-28 09:46:30.000000000,101618,252,101267,252,102406,248,101082,248,102517,248,100141,248,,,100118,100,,,100043,100,,,99994,100,,,99985,100,,,99958,100,,,99954,100,,,99941,100
2019-06-28 09:46:30.056005669,101618,152,101267,252,102406,248,101082,248,102517,248,100141,248,,,100118,100,,,100043,100,,,99994,100,,,99985,100,,,99958,100,,,99954,100,,,99941,100
2019-06-28 09:46:40.000000000,102406,190,101267,190,102517,190,101082,190,102518,90,100141,190,,,100118,190,,,100043,190,,,99994,100,,,99985,100,,,99958,100,,,99954,100,,,99941,100
2019-06-28 09:46:48.849881498,102406,190,101267,190,102517,190,101082,190,102518,90,100141,90,,,100118,190,,,100043,190,,,99994,100,,,99985,100,,,99958,100,,,99954,100,,,99941,100
2019-06-28 09:46:50.000000000,102406,548,101267,548,102517,100,101082,100,,,100118,100,,,100043,100,,,99994,100,,,99985,100,,,99958,100,,,99954,100,,,99941,100,,,99937,100
2019-06-28 09:46:56.368385693,102406,548,101317,100,102517,100,101267,548,,,101082,100,,,100118,100,,,100043,100,,,99994,100,,,99985,100,,,99958,100,,,99954,100,,,99941,100
2019-06-28 09:47:00.000000000,102406,212,101317,212,102517,212,101267,212,102518,112,101082,212,,,100118,212,,,100043,100,,,99994,100,,,99985,100,,,99958,100,,,99954,100,,,99941,100
2019-06-28 09:47:10.000000000,102406,212,101317,212,102517,212,101267,212,102518,112,101082,212,,,100118,212,,,100043,100,,,99994,100,,,99985,100,,,99958,100,,,99954,100,,,99941,100
2019-06-28 09:47:17.071400070,102406,212,101871,100,102517,212,101317,212,102518,112,101267,212,,,101082,212,,,100118,212,,,100043,100,,,99994,100,,,99985,100,,,99958,100,,,99954,100
2019-06-28 09:47:20.000000000,102406,548,101871,548,102517,100,101317,100,,,101267,100,,,101082,100,,,100118,100,,,100043,100,,,99994,100,,,99985,100,,,99958,100,,,99954,100
2019-06-28 09:47:29.685084131,102066,100,101871,548,102406,548,101317,100,102517,100,101267,100,,,101082,100,,,100118,100,,,100043,100,,,99994,100,,,99985,100,,,99958,100,,,99954,100
2019-06-28 09:47:30.000000000,102066,252,101871,252,102406,248,101317,248,102517,248,101267,248,,,101082,100,,,100118,100,,,100043,100,,,99994,100,,,99985,100,,,99958,100,,,99954,100
2019-06-28 09:47:33.166138351,102066,252,101871,252,102406,248,101317,348,102517,248,101267,248,,,101082,100,,,100118,100,,,100043,100,,,99994,100,,,99985,100,,,99958,100,,,99954,100
2019-06-28 09:47:40.000000000,102066,252,101871,252,102406,248,101317,348,102517,248,101267,248,,,101082,100,,,100118,100,,,100043,100,,,99994,100,,,99985,100,,,99958,100,,,99954,100
2019-06-28 09:47:50.000000000,102066,324,101871,324,102406,324,101317,424,102517,100,101267,100,,,101082,100,,,100118,100,,,100043,100,,,99994,100,,,99985,100,,,99958,100,,,99954,100
2019-06-28 09:47:57.575137782,102066,324,101871,324,102406,324,101794,100,102517,100,101317,424,,,101267,100,,,101082,100,,,100118,100,,,100043,100,,,99994,100,,,99985,100,,,99958,100
2019-06-28 09:48:00.000000000,102066,324,101871,324,102406,324,101794,324,102517,100,101317,200,,,101267,100,,,101082,100,,,100118,100,,,100043,100,,,99994,100,,,99985,100,,,99958,100
2019-06-28 09:48:09.847531240,102066,324,101871,224,102406,324,101794,324,102517,100,101317,200,,,101267,100,,,101082,100,,,100118,100,,,100043,100,,,99985,100,,,99958,100,,,99954,100
2019-06-28 09:48:10.000000000,102066,212,101794,212,102406,212,101317,312,102517,212,101267,212,102518,112,101082,212,,,100118,100,,,100043,100,,,99985,100,,,99958,100,,,99954,100,,,99937,100
2019-06-28 09:48:20.000000000,102066,252,101794,252,102406,248,101317,348,102517,248,101267,248,,,101082,100,,,100118,100,,,100043,100,,,99985,100,,,99958,100,,,99954,100,,,99937,100
2019-06-28 09:48:20.297945502,101871,100,101794,252,102066,252,101317,348,102406,248,101267,248,102517,248,101082,100,,,100118,100,,,100043,100,,,99985,100,,,99958,100,,,99954,100,,,99937,100
2019-06-28 09:48:26.642172484,101871,100,101794,252,102066,252,101442,100,102406,248,101317,348,102517,248,101267,248,,,101082,100,,,100118,100,,,100043,100,,,99985,100,,,99958,100,,,99954,100
2019-06-28 09:48:30.000000000,101871,212,101794,212,102066,212,101442,212,102406,212,101317,312,102517,212,101267,212,,,101082,100,,,100118,100,,,100043,100,,,99985,100,,,99958,100,,,99954,100
2019-06-28 09:48:31.130651668,101871,212,101794,212,102066,212,101442,212,102406,212,101317,312,102517,212,101267,212,,,101171,100,,,101082,100,,,100118,100,,,100043,100,,,99985,100,,,99958,100
2019-06-28 09:48:31.434043984,101871,212,101794,212,102066,212,101442,212,102406,212,101317,312,102517,212,101267,212,,,101217,100,,,101171,100,,,101082,100,,,100118,100,,,100043,100,,,99985,100
2019-06-28 09:48:40.000000000,101871,212,101794,212,102066,212,101442,212,102406,212,101317,312,102517,212,101267,212,,,101217,100,,,101171,100,,,101082,100,,,100118,100,,,100043,100,,,99985,100
2019-06-28 09:48:50.000000000,101871,190,101794,190,102066,190,101442,190,102406,190,101317,290,102517,190,101267,190,102518,90,101217,190,,,101171,100,,,101082,100,,,100118,100,,,100043,100,,,99985,100
2019-06-28 09:49:00.000000000,101871,212,101794,212,102066,212,101442,212,102406,212,101317,312,102517,212,101267,212,,,101217,100,,,101171,100,,,101082,100,,,100118,100,,,100043,100,,,99985,100
2019-06-28 09:49:01.648208561,101871,212,101794,212,102066,212,101442,212,102406,112,101317,312,102517,212,101309,100,,,101267,212,,,101217,100,,,101171,100,,,101082,100,,,100118,100,,,100043,100
2019-06-28 09:49:10.000000000,101871,190,101794,190,102066,190,101442,190,102517,190,101317,290,102518,90,101309,190,,,101267,190,,,101217,100,,,101171,100,,,101082,100,,,100118,100,,,100043,100
2019-06-28 09:49:19.921268503,101871,190,101794,190,102066,190,101442,190,102517,190,101317,290,102518,90,101309,190,,,101267,190,,,101171,100,,,101082,100,,,100995,100,,,100118,100,,,100043,100
2019-06-28 09:49:20.000000000,101871,190,101794,190,102066,190,101442,190,102517,190,101317,290,102518,90,101309,190,,,101267,190,,,101171,100,,,101082,100,,,100995,100,,,100118,100,,,100043,100
2019-06-28 09:49:28.362467200,101871,290,101794,190,102066,190,101442,190,102517,190,101317,290,102518,90,101309,190,,,101267,190,,,101171,100,,,101082,100,,,100995,100,,,100118,100,,,100043,100
2019-06-28 09:49:30.000000000,101871,312,101794,212,102066,212,101442,212,102517,212,101317,312,102518,112,101309,212,,,101267,100,,,101171,100,,,101082,100,,,100995,100,,,100118,100,,,100043,100
2019-06-28 09:49:39.851493904,101871,312,101794,112,102066,212,101442,212,102517,212,101317,312,102518,112,101309,212,,,101275,100,,,101267,100,,,101171,100,,,101082,100,,,100995,100,,,100118,100
2019-06-28 09:49:40.000000000,101871,312,101442,212,102066,212,101317,312,102517,212,101309,212,102518,112,101275,212,,,101267,100,,,101171,100,,,101082,100,,,100995,100,,,100118,100,,,100043,100
2019-06-28 09:49:40.707636176,101871,312,101442,212,102066,212,101317,312,102517,212,101309,212,102518,112,101275,212,,,101267,100,,,101171,100,,,101082,100,,,100995,100,,,100939,100,,,100118,100
2019-06-28 09:49:44.168484610,101871,312,101442,212,102066,212,101317,312,102517,212,101309,212,102518,112,101275,212,,,101267,100,,,101171,100,,,101082,100,,,100995,100,,,100975,100,,,100939,100
2019-06-28 09:49:49.246824655,101871,412,101442,212,102066,212,101317,312,102517,212,101309,212,102518,112,101275,212,,,101267,100,,,101171,100,,,101082,100,,,100995,100,,,100975,100,,,100939,100
2019-06-28 09:49:50.000000000,101871,390,101442,190,102066,190,101317,290,102517,190,101309,190,102518,90,101275,190,,,101267,190,,,101171,100,,,101082,100,,,100995,100,,,100975,100,,,100939,100
2019-06-28 09:50:00.000000000,101871,748,101442,548,102066,100,101317,200,102517,100,101309,100,,,101275,100,,,101267,100,,,101171,100,,,101082,100,,,100995,100,,,100975,100,,,100939,100
2019-06-28 09:50:08.450540880,101871,748,101442,548,102066,100,101317,200,102517,100,101309,100,,,101275,100,,,101267,100,,,101171,100,,,101082,100,,,101075,100,,,100995,100,,,100939,100
2019-06-28 09:50:10.000000000,101871,452,101442,252,102066,248,101317,348,102517,248,101309,248,,,101275,100,,,101267,100,,,101171,100,,,101082,100,,,101075,100,,,100995,100,,,100939,100
2019-06-28 09:50:14.767234183,101871,452,101442,252,102066,248,101317,348,102517,248,101309,248,,,101275,100,,,101267,100,,,101171,100,,,101082,100,,,101075,100,,,101025,100,,,100995,100
2019-06-28 09:50:15.192234091,101871,452,101442,252,102066,248,101317,348,102517,248,101309,248,,,101275,100,,,101267,100,,,101171,100,,,101082,100,,,101075,100,,,101025,100,,,100995,100
2019-06-28 09:50:16.076692649,101871,452,101442,152,102066,248,101317,348,102517,248,101309,248,,,101275,100,,,101267,100,,,101171,100,,,101082,100,,,101075,100,,,101025,100,,,100939,100
2019-06-28 09:50:20.000000000,101871,390,101317,290,102066,190,101309,190,102517,190,101275,190,102518,90,101267,190,,,101171,190,,,101082,100,,,101075,100,,,101025,100,,,100939,100,,,100866,100
2019-06-28 09:50:30.000000000,101871,452,101317,352,102066,248,101309,248,102517,248,101275,248,,,101267,100,,,101171,100,,,101082,100,,,101075,100,,,101025,100,,,100939,100,,,100866,100
2019-06-28 09:50:40.000000000,101871,412,101317,312,102066,212,101309,212,102517,212,101275,212,102518,112,101267,212,,,101171,100,,,101082,100,,,101075,100,,,101025,100,,,100939,100,,,100866,100
2019-06-28 09:50:50.000000000,101871,412,101317,312,102066,212,101309,212,102517,212,101275,212,102518,112,101267,212,,,101171,100,,,101082,100,,,101075,100,,,101025,100,,,100939,100,,,100866,100
2019-06-28 09:50:56.300452751,101871,412,101317,312,102066,212,101309,212,102517,212,101275,212,102518,112,101267,212,,,101171,100,,,101082,100,,,101075,100,,,101025,100,,,100939,100,,,100866,100
2019-06-28 09:51:00.000000000,101871,524,101317,424,102066,324,101309,324,102517,100,101275,100,,,101267,100,,,101171,100,,,101082,100,,,101075,100,,,101025,100,,,100939,100,,,100866,100
2019-06-28 09:51:10.000000000,101871,748,101317,648,102066,100,101309,100,102517,100,101275,100,,,101267,100,,,101171,100,,,101082,100,,,101075,100,,,101025,100,,,100939,100,,,100866,100
2019-06-28 09:51:11.783383312,101871,748,101317,548,102066,100,101309,100,102517,100,101275,100,,,101267,100,,,101082,100,,,101075,100,,,101025,100,,,100939,100,,,100866,100,,,100759,100
2019-06-28 09:51:20.000000000,101871,524,101317,324,102066,324,101309,324,102517,100,101275,100,,,101267,100,,,101082,100,,,101075,100,,,101025,100,,,100939,100,,,100866,100,,,100759,100
2019-06-28 09:51:30.000000000,101871,748,101317,548,102066,100,101309,100,102517,100,101275,100,,,101267,100,,,101082,100,,,101075,100,,,101025,100,,,100939,100,,,100866,100,,,100759,100
2019-06-28 09:51:38.848453492,101871,748,101317,448,102066,100,101309,100,102517,100,101275,100,,,101267,100,,,101082,100,,,101075,100,,,101025,100,,,100939,100,,,100866,100,,,100759,100
2019-06-28 09:51:40.000000000,101871,524,101309,324,102066,324,101275,324,102517,100,101267,100,,,101082,100,,,101075,100,,,101025,100,,,100939,100,,,100866,100,,,100759,100,,,100118,100
2019-06-28 09:51:50.000000000,101871,524,101309,324,102066,324,101275,324,102517,100,101267,100,,,101082,100,,,101075,100,,,101025,100,,,100939,100,,,100866,100,,,100759,100,,,100118,100
2019-06-28 09:51:57.710613396,101871,524,101309,324,102066,324,101275,324,102517,100,101267,100,,,101082,100,,,101075,100,,,101025,100,,,100939,100,,,100866,100,,,100842,100,,,100759,100
2019-06-28 09:52:00.000000000,101871,412,101309,212,102066,212,101275,212,102517,212,101267,212,102518,112,101082,212,,,101075,100,,,101025,100,,,100939,100,,,100866,100,,,100842,100,,,100759,100
2019-06-28 09:52:10.000000000,101871,390,101309,190,102066,190,101275,190,102517,190,101267,190,102518,90,101082,190,,,101075,190,,,101025,100,,,100939,100,,,100866,100,,,100842,100,,,100759,100
2019-06-28 09:52:20.000000000,101871,390,101309,190,102066,190,101275,190,102517,190,101267,190,102518,90,101082,190,,,101075,190,,,101025,100,,,100939,100,,,100866,100,,,100842,100,,,100759,100
2019-06-28 09:52:30.000000000,101871,452,101309,252,102066,248,101275,248,102517,248,101267,248,,,101082,100,,,101075,100,,,101025,100,,,100939,100,,,100866,100,,,100842,100,,,100759,100
2019-06-28 09:52:40.000000000,101871,412,101309,212,102066,212,101275,212,102517,212,101267,212,102518,112,101082,212,,,101075,100,,,101025,100,,,100939,100,,,100866,100,,,100842,100,,,100759,100
2019-06-28 09:52:50.000000000,101871,524,101309,324,102066,324,101275,324,102517,100,101267,100,,,101082,100,,,101075,100,,,101025,100,,,100939,100,,,100866,100,,,100842,100,,,100759,100
2019-06-28 09:53:00.000000000,101871,748,101309,548,102066,100,101275,100,102517,100,101267,100,,,101082,100,,,101075,100,,,101025,100,,,100939,100,,,100866,100,,,100842,100,,,100759,100
2019-06-28 09:53:00.787684142,101871,748,101309,448,102066,100,101275,100,102517,100,101267,100,,,101082,100,,,101075,100,,,101025,100,,,100939,100,,,100866,100,,,100842,100,,,100759,100
2019-06-28 09:53:10.000000000,101871,524,101275,324,102066,324,101267,324,102517,100,101082,100,,,101075,100,,,101025,100,,,100939,100,,,100866,100,,,100842,100,,,100759,100,,,100118,100
2019-06-28 09:53:11.485600206,101871,524,101275,324,102066,324,101267,324,102517,100,101082,100,,,101075,100,,,101041,100,,,101025,100,,,100939,100,,,100866,100,,,100842,100,,,100759,100
2019-06-28 09:53:18.775530476,101871,524,101275,324,102066,324,101267,324,102517,100,101082,100,,,101075,100,,,101041,100,,,101025,100,,,100939,100,,,100866,100,,,100842,100,,,100817,100
2019-06-28 09:53:20.000000000,101871,524,101275,324,102066,324,101267,324,102517,100,101082,100,,,101075,100,,,101041,100,,,101025,100,,,100939,100,,,100866,100,,,100842,100,,,100817,100
2019-06-28 09:53:23.514012484,101871,524,101275,324,102066,324,101267,324,102517,100,101082,100,,,101075,100,,,101041,100,,,101025,100,,,100939,100,,,100866,100,,,100842,100,,,100817,100
2019-06-28 09:53:30.000000000,101871,452,101275,252,102066,248,101267,248,102517,248,101082,248,,,101075,100,,,101041,100,,,101025,100,,,100939,100,,,100866,100,,,100842,100,,,100817,100
2019-06-28 09:53:31.705603512,101317,100,101275,252,101871,452,101267,248,102066,248,101082,248,102517,248,101075,100,,,101041,100,,,101025,100,,,100939,100,,,100866,100,,,100842,100,,,100817,100
2019-06-28 09:53:33.392967697,101317,100,101275,152,101871,452,101267,248,102066,248,101082,248,102517,248,101075,100,,,101041,100,,,101025,100,,,100939,100,,,100866,100,,,100842,100,,,100817,100
2019-06-28 09:53:39.930150981,101309,100,101275,152,101317,100,101267,248,101871,452,101082,248,102066,248,101075,100,102517,248,101041,100,,,101025,100,,,100939,100,,,100866,100,,,100842,100,,,100817,100
2019-06-28 09:53:40.000000000,101309,324,101267,324,101317,324,101082,324,101871,300,101075,100,102066,100,101041,100,102517,100,101025,100,,,100939,100,,,100866,100,,,100842,100,,,100817,100,,,100759,100
2019-06-28 09:53:50.000000000,101309,212,101267,212,101317,212,101082,212,101871,412,101075,212,102066,212,101041,212,102517,100,101025,100,,,100939,100,,,100866,100,,,100842,100,,,100817,100,,,100759,100
2019-06-28 09:53:58.861940002,101309,212,101267,112,101317,212,101082,212,101871,412,101075,212,102066,212,101041,212,102517,100,101025,100,,,100939,100,,,100866,100,,,100842,100,,,100817,100,,,100759,100
2019-06-28 09:54:00.000000000,101309,190,101082,190,101317,190,101075,190,101871,390,101041,190,102066,190,101025,190,102517,190,100939,190,,,100866,100,,,100842,100,,,100817,100,,,100759,100,,,100118,100
2019-06-28 09:54:10.000000000,101309,252,101082,252,101317,248,101075,248,101871,448,101041,248,102066,100,101025,100,102517,100,100939,100,,,100866,100,,,100842,100,,,100817,100,,,100759,100,,,100118,100
2019-06-28 09:54:20.000000000,101309,212,101082,212,101317,212,101075,212,101871,412,101041,212,102066,212,101025,212,102517,100,100939,100,,,100866,100,,,100842,100,,,100817,100,,,100759,100,,,100118,100
2019-06-28 09:54:30.000000000,101309,190,101082,190,101317,190,101075,190,101871,390,101041,190,102066,190,101025,190,102517,190,100939,190,,,100866,100,,,100842,100,,,100817,100,,,100759,100,,,100118,100
2019-06-28 09:54:40.000000000,101309,190,101082,190,101317,190,101075,190,101871,390,101041,190,102066,190,101025,190,102517,190,100939,190,,,100866,100,,,100842,100,,,100817,100,,,100759,100,,,100118,100
2019-06-28 09:54:50.000000000,101309,252,101082,252,101317,248,101075,248,101871,448,101041,248,102066,100,101025,100,102517,100,100939,100,,,100866,100,,,100842,100,,,100817,100,,,100759,100,,,100118,100
2019-06-28 09:54:59.736798352,101309,252,101082,152,101317,248,101075,248,101871,448,101041,248,102066,100,101025,100,102517,100,100939,100,,,100866,100,,,100842,100,,,100817,100,,,100759,100,,,100118,100
2019-06-28 09:55:00.000000000,101309,252,101075,252,101317,248,101041,248,101871,448,101025,248,102066,100,100939,100,102517,100,100866,100,,,100842,100,,,100817,100,,,100759,100,,,100118,100,,,99958,100
2019-06-28 09:55:00.975552753,101309,252,101094,100,101317,248,101075,252,101871,448,101041,248,102066,100,101025,248,102517,100,100939,100,,,100866,100,,,100842,100,,,100817,100,,,100759,100,,,100118,100
2019-06-28 09:55:01.698418277,101112,100,101094,100,101309,252,101075,252,101317,248,101041,248,101871,448,101025,248,102066,100,100939,100,102517,100,100866,100,,,100842,100,,,100817,100,,,100759,100,,,100118,100
2019-06-28 09:55:06.377961690,101112,100,101094,100,101309,252,101075,252,101317,248,101041,248,101349,100,101025,248,101871,448,100939,100,102066,100,100866,100,102517,100,100842,100,,,100817,100,,,100759,100,,,100118,100
2019-06-28 09:55:10.000000000,101112,212,101094,212,101309,212,101075,212,101317,212,101041,212,101349,212,101025,212,101871,300,100939,100,102066,100,100866,100,102517,100,100842,100,,,100817,100,,,100759,100,,,100118,100
2019-06-28 09:55:20.000000000,101112,252,101094,252,101309,248,101075,248,101317,248,101041,248,101349,100,101025,100,101871,300,100939,100,102066,100,100866,100,102517,100,100842,100,,,100817,100,,,100759,100,,,100118,100
2019-06-28 09:55:25.868130288,101112,252,101094,252,101267,100,101075,248,101309,248,101041,248,101317,248,101025,100,101349,100,100939,100,101871,300,100866,100,102066,100,100842,100,102517,100,100817,100,,,100759,100,,,100118,100
2019-06-28 09:55:28.855901247,101112,252,101094,152,101267,100,101075,248,101309,248,101041,248,101317,248,101025,100,101349,100,100939,100,101871,300,100866,100,102066,100,100842,100,102517,100,100817,100,,,100759,100,,,100118,100
2019-06-28 09:55:30.000000000,101112,190,101075,190,101267,190,101041,190,101309,190,101025,190,101317,190,100939,190,101349,190,100866,190,101871,300,100842,100,102066,100,100817,100,102517,100,100759,100,,,100118,100,,,99958,100
2019-06-28 09:55:37.987520412,101112,190,101075,90,101267,190,101041,190,101309,190,101025,190,101317,190,100939,190,101349,190,100866,190,101871,300,100842,100,102066,100,100817,100,102517,100,100759,100,,,100118,100,,,99958,100
2019-06-28 09:55:40.000000000,101112,324,101041,324,101267,324,101025,324,101309,100,100939,100,101317,100,100866,100,101349,100,100842,100,101871,300,100817,100,102066,100,100759,100,102517,100,100118,100,,,99958,100,,,99937,100
2019-06-28 09:55:50.000000000,101112,212,101041,212,101267,212,101025,212,101309,212,100939,212,101317,212,100866,212,101349,100,100842,100,101871,300,100817,100,102066,100,100759,100,102517,100,100118,100,,,99958,100,,,99937,100
2019-06-28 09:56:00.000000000,101112,190,101041,190,101267,190,101025,190,101309,190,100939,190,101317,190,100866,190,101349,190,100842,190,101871,300,100817,100,102066,100,100759,100,102517,100,100118,100,,,99958,100,,,99937,100
2019-06-28 09:56:08.446309610,101112,190,101041,190,101267,90,101025,190,101309,190,100939,190,101317,190,100866,190,101349,190,100842,190,101871,300,100817,100,102066,100,100759,100,102517,100,100118,100,,,99958,100,,,99937,100
2019-06-28 09:56:10.000000000,101112,190,101041,190,101309,190,101025,190,101317,190,100939,190,101349,190,100866,190,101871,390,100842,190,102066,100,100817,100,102517,100,100759,100,,,100118,100,,,99958,100,,,99937,100
2019-06-28 09:56:20.000000000,101112,190,101041,190,101309,190,101025,190,101317,190,100939,190,101349,190,100866,190,101871,390,100842,190,102066,100,100817,100,102517,100,100759,100,,,100118,100,,,99958,100,,,99937,100
2019-06-28 09:56:23.756703523,101112,190,101041,190,101309,190,101025,190,101317,190,100939,190,101349,190,100866,190,101871,390,100842,190,102066,100,100826,100,102517,100,100817,100,,,100759,100,,,100118,100,,,99937,100
2019-06-28 09:56:30.000000000,101112,252,101041,252,101309,248,101025,248,101317,248,100939,248,101349,100,100866,100,101871,300,100842,100,102066,100,100826,100,102517,100,100817,100,,,100759,100,,,100118,100,,,99937,100
2019-06-28 09:56:37.725462073,101094,100,101041,252,101112,252,101025,248,101309,248,100939,248,101317,248,100866,100,101349,100,100842,100,101871,200,100826,100,102066,100,100817,100,102517,100,100759,100,,,100118,100,,,99937,100
2019-06-28 09:56:40.000000000,101094,252,101041,252,101112,248,101025,248,101309,248,100939,248,101317,100,100866,100,101349,100,100842,100,101871,200,100826,100,102066,100,100817,100,102517,100,100759,100,,,100118,100,,,99937,100
2019-06-28 09:56:49.048272038,101094,152,101041,252,101112,248,101025,248,101309,248,100939,248,101317,100,100866,100,101349,100,100842,100,101871,200,100826,100,102066,100,100817,100,102517,100,100759,100,,,100118,100,,,99937,100
2019-06-28 09:56:50.000000000,101112,252,101041,252,101309,248,101025,248,101317,248,100939,248,101349,100,100866,100,101871,200,100842,100,102066,100,100826,100,102517,100,100817,100,,,100759,100,,,100118,100,,,99937,100
2019-06-28 09:56:54.149979487,101112,252,101041,152,101309,248,101025,248,101317,248,100939,248,101349,100,100866,100,101871,200,100842,100,102066,100,100817,100,102517,100,100759,100,,,100118,100,,,99937,100,,,99930,100
2019-06-28 09:57:00.000000000,101112,324,101025,324,101309,324,100939,324,101317,100,100866,100,101349,100,100842,100,101871,200,100817,100,102066,100,100759,100,102517,100,100118,100,,,99937,100,,,99930,100,,,99900,100
2019-06-28 09:57:07.931729852,101047,100,101025,324,101112,324,100939,324,101309,324,100866,100,101317,100,100842,100,101349,100,100817,100,101871,200,100759,100,102066,100,100118,100,102517,100,99937,100,,,99930,100,,,99900,100
2019-06-28 09:57:10.000000000,101047,548,101025,548,101112,100,100939,100,101309,100,100866,100,101317,100,100842,100,101349,100,100817,100,101871,200,100759,100,102066,100,100118,100,102517,100,99937,100,,,99930,100,,,99900,100
2019-06-28 09:57:15.018927917,101047,548,101025,548,101112,100,100962,100,101309,100,100939,100,101317,100,100866,100,101349,100,100842,100,101871,200,100817,100,102066,100,100759,100,102517,100,100118,100,,,99937,100,,,99930,100
2019-06-28 09:57:19.202936443,101047,548,101025,548,101112,100,100962,100,101309,100,100939,100,101317,100,100893,100,101349,100,100866,100,101871,200,100842,100,102066,100,100817,100,102517,100,100759,100,,,100118,100,,,99937,100
2019-06-28 09:57:20.000000000,101047,212,101025,212,101112,212,100962,212,101309,212,100939,212,101317,212,100893,212,101349,100,100866,100,101871,200,100842,100,102066,100,100817,100,102517,100,100759,100,,,100118,100,,,99937,100
2019-06-28 09:57:30.000000000,101047,252,101025,252,101112,248,100962,248,101309,248,100939,248,101317,100,100893,100,101349,100,100866,100,101871,200,100842,100,102066,100,100817,100,102517,100,100759,100,,,100118,100,,,99937,100
2019-06-28 09:57:36.778513931,101047,252,101025,252,101112,248,100962,248,101309,248,100939,248,101317,100,100893,100,101349,100,100866,100,101871,200,100842,100,102066,100,100817,100,102517,100,100800,100,,,100759,100,,,100118,100
2019-06-28 09:57:40.000000000,101047,190,101025,190,101112,190,100962,190,101309,190,100939,190,101317,190,100893,190,101349,190,100866,190,101871,200,100842,100,102066,100,100817,100,102517,100,100800,100,,,100759,100,,,100118,100
2019-06-28 09:57:48.479452400,101047,90,101025,190,101112,190,100962,190,101309,190,100939,190,101317,190,100893,190,101349,190,100866,190,101871,200,100842,100,102066,100,100817,100,102517,100,100800,100,,,100759,100,,,100118,100
2019-06-28 09:57:49.932938597,101047,90,101025,190,101112,190,100962,190,101133,100,100939,190,101309,190,100893,190,101317,190,100866,190,101349,190,100842,100,101871,200,100817,100,102066,100,100800,100,102517,100,100759,100,,,100118,100
2019-06-28 09:57:50.000000000,101112,324,101025,324,101133,324,100962,324,101309,100,100939,100,101317,100,100893,100,101349,100,100866,100,101871,200,100842,100,102066,100,100817,100,102517,100,100800,100,,,100759,100,,,100118,100
2019-06-28 09:58:00.000000000,101112,252,101025,252,101133,248,100962,248,101309,248,100939,248,101317,100,100893,100,101349,100,100866,100,101871,200,100842,100,102066,100,100817,100,102517,100,100800,100,,,100759,100,,,100118,100
2019-06-28 09:58:10.000000000,101112,190,101025,190,101133,190,100962,190,101309,190,100939,190,101317,190,100893,190,101349,190,100866,190,101871,200,100842,100,102066,100,100817,100,102517,100,100800,100,,,100759,100,,,100118,100
2019-06-28 09:58:10.017556669,101112,190,101025,190,101133,190,100962,190,101309,190,100939,190,101317,190,100893,190,101349,190,100866,190,101871,200,100842,100,102066,100,100817,100,102517,100,100800,100,,,100759,100,,,99937,100
2019-06-28 09:58:20.000000000,101112,324,101025,324,101133,324,100962,324,101309,100,100939,100,101317,100,100893,100,101349,100,100866,100,101871,200,100842,100,102066,100,100817,100,102517,100,100800,100,,,100759,100,,,99937,100
2019-06-28 09:58:30.000000000,101112,252,101025,252,101133,248,100962,248,101309,248,100939,248,101317,100,100893,100,101349,100,100866,100,101871,200,100842,100,102066,100,100817,100,102517,100,100800,100,,,100759,100,,,99937,100
2019-06-28 09:58:32.318052763,101046,100,101025,252,101112,252,100962,248,101133,248,100939,248,101309,148,100893,100,101317,100,100866,100,101349,100,100842,100,101871,200,100817,100,102066,100,100800,100,102517,100,100759,100,,,99937,100
2019-06-28 09:58:37.907195340,101046,100,101025,252,101112,252,100962,248,101133,248,100939,248,101309,148,100893,100,101317,100,100866,100,101349,100,100842,100,101871,200,100836,100,102066,100,100817,100,102517,100,100800,100,,,100759,100
2019-06-28 09:58:40.000000000,101046,548,101025,548,101112,100,100962,100,101133,100,100939,100,101317,100,100893,100,101349,100,100866,100,101871,200,100842,100,102066,100,100836,100,102517,100,100817,100,,,100800,100,,,100759,100
2019-06-28 09:58:42.434863740,101046,548,101025,448,101112,100,100962,100,101133,100,100939,100,101317,100,100893,100,101349,100,100866,100,101871,200,100842,100,102066,100,100836,100,102517,100,100817,100,,,100800,100,,,100759,100
2019-06-28 09:58:46.970955867,101045,100,101025,448,101046,548,100962,100,101112,100,100939,100,101133,100,100893,100,101317,100,100866,100,101349,100,100842,100,101871,200,100836,100,102066,100,100817,100,102517,100,100800,100,,,100759,100
2019-06-28 09:58:50.000000000,101045,212,100962,212,101046,212,100939,212,101112,212,100893,212,101133,212,100866,212,101317,100,100842,100,101349,100,100836,100,101871,200,100817,100,102066,100,100800,100,102517,100,100759,100,,,99937,100
2019-06-28 09:58:53.900486211,101045,212,100962,212,101046,212,100939,212,101112,212,100893,212,101133,212,100866,212,101317,100,100842,100,101349,100,100836,100,101871,200,100817,100,102066,100,100781,100,102517,100,100759,100,,,99937,100
2019-06-28 09:58:55.143475737,101045,212,100962,112,101046,212,100939,212,101112,212,100893,212,101133,212,100866,212,101317,100,100842,100,101349,100,100836,100,101871,200,100817,100,102066,100,100781,100,102517,100,100759,100,,,99937,100
2019-06-28 09:59:00.000000000,101045,212,100939,212,101046,212,100893,212,101112,212,100866,212,101133,212,100842,212,101317,100,100836,100,101349,100,100817,100,101871,200,100781,100,102066,100,100759,100,102517,100,99937,100,,,99930,100
2019-06-28 09:59:10.000000000,101045,252,100939,252,101046,248,100893,248,101112,248,100866,248,101133,100,100842,100,101317,100,100836,100,101349,100,100817,100,101871,200,100781,100,102066,100,100759,100,102517,100,99937,100,,,99930,100
2019-06-28 09:59:20.000000000,101045,190,100939,190,101046,190,100893,190,101112,190,100866,190,101133,190,100842,190,101317,190,100836,190,101349,100,100817,100,101871,200,100781,100,102066,100,100759,100,102517,100,99937,100,,,99930,100
2019-06-28 09:59:21.452481178,101045,190,100939,90,101046,190,100893,190,101112,190,100866,190,101133,190,100842,190,101317,190,100836,190,101349,100,100817,100,101871,200,100781,100,102066,100,100759,100,102517,100,99937,100,,,99930,100
2019-06-28 09:59:22.771235829,101045,190,100939,90,101046,190,100893,190,101112,190,100866,190,101133,190,100842,190,101317,190,100836,190,101349,100,100817,100,101871,200,100781,100,102066,100,100625,100,102517,100,99937,100,,,99930,100
2019-06-28 09:59:26.711350740,101045,190,100939,90,101046,190,100893,190,101112,190,100866,190,101133,190,100842,190,101317,190,100836,190,101349,100,100817,100,101871,200,100781,100,102066,100,100698,100,102517,100,100625,100,,,99937,100
2019-06-28 09:59:30.000000000,101045,190,100893,190,101046,190,100866,190,101112,190,100842,190,101133,190,100836,190,101317,190,100817,190,101349,100,100781,100,101871,200,100698,100,102066,100,100625,100,102517,100,99937,100,,,99930,100
2019-06-28 09:59:35.168957369,101045,190,100923,100,101046,190,100893,190,101112,190,100866,190,101133,190,100842,190,101317,190,100836,190,101349,100,100817,190,101871,200,100781,100,102066,100,100698,100,102517,100,100625,100,,,99937,100
2019-06-28 09:59:40.000000000,101045,324,100923,324,101046,324,100893,324,101112,100,100866,100,101133,100,100842,100,101317,100,100836,100,101349,100,100817,100,101871,200,100781,100,102066,100,100698,100,102517,100,100625,100,,,99937,100
2019-06-28 09:59:50.000000000,101045,252,100923,252,101046,248,100893,248,101112,248,100866,248,101133,100,100842,100,101317,100,100836,100,101349,100,100817,100,101871,200,100781,100,102066,100,100698,100,102517,100,100625,100,,,99937,100
2019-06-28 09:59:59.922235040,101045,252,100923,252,101046,248,100893,248,101112,248,100866,248,101133,100,100842,100,101317,100,100836,100,101349,100,100817,100,101871,200,100781,100,102066,100,100698,100,102517,100,100691,100,,,100625,100
2019-06-28 10:00:00.000000000,101045,324,100923,324,101046,324,100893,324,101112,100,100866,100,101133,100,100842,100,101317,100,100836,100,101349,100,100817,100,101871,200,100781,100,102066,100,100698,100,102517,100,100691,100,,,100625,100
2019-06-28 10:00:07.553588172,101045,324,100923,224,101046,324,100893,324,101112,100,100866,100,101133,100,100842,100,101317,100,100836,100,101349,100,100817,100,101871,200,100781,100,102066,100,100698,100,102517,100,100691,100,,,100625,100
2019-06-28 10:00:10.000000000,101045,324,100893,324,101046,324,100866,324,101112,100,100842,100,101133,100,100836,100,101317,100,100817,100,101349,100,100781,100,101871,200,100698,100,102066,100,100691,100,102517,100,100625,100,,,99937,100
2019-06-28 10:00:20.000000000,101045,324,100893,324,101046,324,100866,324,101112,100,100842,100,101133,100,100836,100,101317,100,100817,100,101349,100,100781,100,101871,200,100698,100,102066,100,100691,100,102517,100,100625,100,,,99937,100
2019-06-28 10:00:30.000000000,101045,324,100893,324,101046,324,100866,324,101112,100,100842,100,101133,100,100836,100,101317,100,100817,100,101349,100,100781,100,101871,200,100698,100,102066,100,100691,100,102517,100,100625,100,,,99937,100
2019-06-28 10:00:40.000000000,101045,190,100893,190,101046,190,100866,190,101112,190,100842,190,101133,190,100836,190,101317,190,100817,190,101349,100,100781,100,101871,200,100698,100,102066,100,100691,100,102517,100,100625,100,,,99937,100
2019-06-28 10:00:40.882502036,101032,100,100893,190,101045,190,100866,190,101046,190,100842,190,101112,190,100836,190,101133,190,100817,190,101317,190,100781,100,101349,100,100698,100,101871,200,100691,100,102066,100,100625,100,102517,100,99937,100
2019-06-28 10:00:43.103865552,101032,100,100893,190,101045,190,100866,190,101046,190,100842,190,101112,190,100836,190,101133,190,100817,190,101317,190,100781,100,101349,100,100698,100,101871,200,100691,100,102066,100,100625,100,102517,100,100595,100
2019-06-28 10:00:50.000000000,101032,324,100893,324,101045,324,100866,324,101046,100,100842,100,101112,100,100836,100,101133,100,100817,100,101317,100,100781,100,101349,100,100698,100,101871,200,100691,100,102066,100,100625,100,102517,100,100595,100
2019-06-28 10:01:00.000000000,101032,190,100893,190,101045,190,100866,190,101046,190,100842,190,101112,190,100836,190,101133,190,100817,190,101317,100,100781,100,101349,100,100698,100,101871,200,100691,100,102066,100,100625,100,102517,100,100595,100
2019-06-28 10:01:10.000000000,101032,324,100893,324,101045,324,100866,324,101046,100,100842,100,101112,100,100836,100,101133,100,100817,100,101317,100,100781,100,101349,100,100698,100,101871,200,100691,100,102066,100,100625,100,102517,100,100595,100
2019-06-28 10:01:20.000000000,101032,212,100893,212,101045,212,100866,212,101046,212,100842,212,101112,212,100836,212,101133,100,100817,100,101317,100,100781,100,101349,100,100698,100,101871,200,100691,100,102066,100,100625,100,102517,100,100595,100
2019-06-28 10:01:30.000000000,101032,548,100893,548,101045,100,100866,100,101046,100,100842,100,101112,100,100836,100,101133,100,100817,100,101317,100,100781,100,101349,100,100698,100,101871,200,100691,100,102066,100,100625,100,102517,100,100595,100
2019-06-28 10:01:38.399276823,100939,100,100893,548,101032,548,100866,100,101045,100,100842,100,101112,100,100836,100,101133,100,100817,100,101317,100,100781,100,101349,100,100698,100,101871,200,100691,100,102066,100,100625,100,102517,100,100595,100
2019-06-28 10:01:38.936435277,100939,100,100893,548,101032,548,100866,100,101045,100,100842,100,101112,100,100836,100,101133,100,100817,100,101317,100,100781,100,101349,100,100698,100,101871,200,100691,100,102066,100,100625,100,102517,100,100595,100
2019-06-28 10:01:40.000000000,100939,324,100893,324,101032,324,100866,324,101045,100,100842,100,101112,100,100836,100,101133,100,100817,100,101317,100,100781,100,101349,100,100698,100,101871,200,100691,100,102066,100,100625,100,102517,100,100595,100
2019-06-28 10:01:42.711579029,100939,324,100893,224,101032,324,100866,324,101045,100,100842,100,101112,100,100836,100,101133,100,100817,100,101317,100,100781,100,101349,100,100698,100,101871,200,100691,100,102066,100,100625,100,102517,100,100595,100
2019-06-28 10:01:50.000000000,100939,212,100866,212,101032,212,100842,212,101045,212,100836,212,101112,212,100817,212,101133,100,100781,100,101317,100,100698,100,101349,100,100691,100,101871,200,100625,100,102066,100,100595,100,102517,100,100377,100
2019-06-28 10:02:00.000000000,100939,324,100866,324,101032,324,100842,324,101045,100,100836,100,101112,100,100817,100,101133,100,100781,100,101317,100,100698,100,101349,100,100691,100,101871,200,100625,100,102066,100,100595,100,102517,100,100377,100
2019-06-28 10:02:05.839540463,100939,324,100866,324,101032,324,100842,324,101045,100,100836,100,101112,100,100817,100,101133,100,100781,100,101317,100,100698,100,101349,100,100691,100,101871,200,100625,100,102066,100,100595,100,102517,100,100377,100
2019-06-28 10:02:10.000000000,100939,252,100866,252,101032,248,100842,248,101045,248,100836,248,101112,100,100817,100,101133,100,100781,100,101317,100,100698,100,101349,100,100691,100,101871,200,100625,100,102066,100,100595,100,102517,100,100377,100
2019-06-28 10:02:20.000000000,100939,548,100866,548,101032,100,100842,100,101045,100,100836,100,101112,100,100817,100,101133,100,100781,100,101317,100,100698,100,101349,100,100691,100,101871,200,100625,100,102066,100,100595,100,102517,100,100377,100
2019-06-28 10:02:21.536256834,100939,548,100866,448,101032,100,100842,100,101045,100,100836,100,101112,100,100817,100,101133,100,100698,100,101317,100,100691,100,101349,100,100625,100,101871,200,100595,100,102066,100,100377,100,102517,100,100354,100
2019-06-28 10:02:30.000000000,100939,252,100842,252,101032,248,100836,248,101045,248,100817,248,101112,100,100698,100,101133,100,100691,100,101317,100,100625,100,101349,100,100595,100,101871,200,100377,100,102066,100,100354,100,102517,100,99937,100
2019-06-28 10:02:39.187387311,100939,252,100842,152,101032,248,100836,248,101045,248,100817,248,101112,100,100698,100,101133,100,100691,100,101317,100,100625,100,101349,100,100595,100,101871,200,100377,100,102066,100,100354,100,102517,100,99937,100
2019-06-28 10:02:39.339655316,100939,252,100842,152,101032,248,100836,248,101045,248,100817,248,101112,100,100698,100,101133,100,100691,100,101317,100,100625,100,101349,100,100595,100,101871,200,100440,100,102066,100,100377,100,102517,100,100354,100
2019-06-28 10:02:40.000000000,100939,548,100836,548,101032,100,100817,100,101045,100,100698,100,101112,100,100691,100,101133,100,100625,100,101317,100,100595,100,101349,100,100440,100,101871,200,100377,100,102066,100,100354,100,102517,100,99937,100
2019-06-28 10:02:42.130756504,100866,100,100836,548,100939,548,100817,100,101032,100,100698,100,101045,100,100691,100,101112,100,100625,100,101133,100,100595,100,101317,100,100440,100,101349,100,100377,100,101871,200,100354,100,102066,100,99937,100
2019-06-28 10:02:46.935362155,100866,200,100836,548,100939,548,100817,100,101032,100,100698,100,101045,100,100691,100,101112,100,100625,100,101133,100,100595,100,101317,100,100440,100,101349,100,100377,100,101871,100,100354,100,102066,100,99937,100
2019-06-28 10:02:50.000000000,100866,648,100836,548,100939,100,100817,100,101032,100,100698,100,101045,100,100691,100,101112,100,100625,100,101133,100,100595,100,101317,100,100440,100,101349,100,100377,100,101871,100,100354,100,102066,100,99937,100
2019-06-28 10:03:00.000000000,100866,352,100836,252,100939,248,100817,248,101032,248,100698,248,101045,100,100691,100,101112,100,100625,100,101133,100,100595,100,101317,100,100440,100,101349,100,100377,100,101871,100,100354,100,102066,100,99937,100
2019-06-28 10:03:10.000000000,100866,352,100836,252,100939,248,100817,248,101032,248,100698,248,101045,100,100691,100,101112,100,100625,100,101133,100,100595,100,101317,100,100440,100,101349,100,100377,100,101871,100,100354,100,102066,100,99937,100
2019-06-28 10:03:15.127487090,100866,352,100836,252,100939,248,100817,248,101032,248,100698,248,101045,100,100691,100,101112,100,100625,100,101133,100,100595,100,101317,100,100440,100,101349,100,100377,100,101871,100,100354,100,102066,100,100226,100
2019-06-28 10:03:20.000000000,100866,352,100836,252,100939,248,100817,248,101032,248,100698,248,101045,100,100691,100,101112,100,100625,100,101133,100,100595,100,101317,100,100440,100,101349,100,100377,100,101871,100,100354,100,102066,100,100226,100
2019-06-28 10:03:30.000000000,100866,424,100836,324,100939,324,100817,324,101032,100,100698,100,101045,100,100691,100,101112,100,100625,100,101133,100,100595,100,101317,100,100440,100,101349,100,100377,100,101871,100,100354,100,102066,100,100226,100
2019-06-28 10:03:40.000000000,100866,312,100836,212,100939,212,100817,212,101032,212,100698,212,101045,212,100691,212,101112,100,100625,100,101133,100,100595,100,101317,100,100440,100,101349,100,100377,100,101871,100,100354,100,102066,100,100226,100
2019-06-28 10:03:50.000000000,100866,424,100836,324,100939,324,100817,324,101032,100,100698,100,101045,100,100691,100,101112,100,100625,100,101133,100,100595,100,101317,100,100440,100,101349,100,100377,100,101871,100,100354,100,102066,100,100226,100
2019-06-28 10:03:50.015664035,100866,424,100836,324,100939,324,100817,324,101032,100,100698,100,101045,100,100691,100,101112,100,100625,100,101133,100,100595,100,101317,100,100440,100,101349,100,100377,100,101871,100,100354,100,102066,100,100226,100
2019-06-28 10:04:00.000000000,100866,352,100836,252,100939,248,100817,248,101032,248,100698,248,101045,100,100691,100,101112,100,100625,100,101133,100,100595,100,101317,100,100440,100,101349,100,100377,100,101871,100,100354,100,102066,100,100226,100
2019-06-28 10:04:10.000000000,100866,290,100836,190,100939,190,100817,190,101032,190,100698,190,101045,190,100691,190,101112,190,100625,190,101133,100,100595,100,101317,100,100440,100,101349,100,100377,100,101871,100,100354,100,102066,100,100226,100
2019-06-28 10:04:16.309843429,100866,290,100836,190,100939,190,100817,190,101032,190,100698,190,101045,190,100691,190,101112,190,100625,190,101133,100,100595,100,101317,100,100440,100,101349,100,100354,100,101871,100,100226,100,102066,100,100127,100
2019-06-28 10:04:20.000000000,100866,648,100836,548,100939,100,100817,100,101032,100,100698,100,101045,100,100691,100,101112,100,100625,100,101133,100,100595,100,101317,100,100440,100,101349,100,100354,100,101871,100,100226,100,102066,100,100127,100
2019-06-28 10:04:30.000000000,100866,312,100836,212,100939,212,100817,212,101032,212,100698,212,101045,212,100691,212,101112,100,100625,100,101133,100,100595,100,101317,100,100440,100,101349,100,100354,100,101871,100,100226,100,102066,100,100127,100
2019-06-28 10:04:40.000000000,100866,352,100836,252,100939,248,100817,248,101032,248,100698,248,101045,100,100691,100,101112,100,100625,100,101133,100,100595,100,101317,100,100440,100,101349,100,100354,100,101871,100,100226,100,102066,100,100127,100
2019-06-28 10:04:40.803404123,100866,352,100836,152,100939,248,100817,248,101032,248,100698,248,101045,100,100691,100,101112,100,100625,100,101133,100,100595,100,101317,100,100440,100,101349,100,100354,100,101871,100,100226,100,102066,100,100127,100
2019-06-28 10:04:50.000000000,100866,312,100817,212,100939,212,100698,212,101032,212,100691,212,101045,212,100625,212,101112,100,100595,100,101133,100,100440,100,101317,100,100354,100,101349,100,100226,100,101871,100,100127,100,102066,100,99937,100
2019-06-28 10:05:00.000000000,100866,424,100817,324,100939,324,100698,324,101032,100,100691,100,101045,100,100625,100,101112,100,100595,100,101133,100,100440,100,101317,100,100354,100,101349,100,100226,100,101871,100,100127,100,102066,100,99937,100
2019-06-28 10:05:01.506716788,100866,424,100817,324,100939,324,100698,324,101032,100,100625,100,101045,100,100595,100,101112,100,100440,100,101133,100,100354,100,101317,100,100226,100,101349,100,100127,100,101871,100,100092,100,102066,100,99937,100
2019-06-28 10:05:10.000000000,100866,312,100817,212,100939,212,100698,212,101032,212,100625,212,101045,212,100595,212,101112,100,100440,100,101133,100,100354,100,101317,100,100226,100,101349,100,100127,100,101871,100,100092,100,102066,100,99937,100
2019-06-28 10:05:14.097205077,100866,312,100817,112,100939,212,100698,212,101032,212,100625,212,101045,212,100595,212,101112,100,100440,100,101133,100,100354,100,101317,100,100226,100,101349,100,100127,100,101871,100,100092,100,102066,100,99937,100
2019-06-28 10:05:14.495410785,100866,312,100817,112,100939,212,100698,212,101032,212,100625,212,101045,212,100595,212,101112,100,100440,100,101133,100,100354,100,101317,100,100226,100,101349,100,100127,100,101871,100,100092,100,102066,100,99937,100
2019-06-28 10:05:20.000000000,100866,290,100698,190,100939,190,100625,190,101032,190,100595,190,101045,190,100440,190,101112,190,100354,190,101133,100,100226,100,101317,100,100127,100,101349,100,100092,100,101871,100,99937,100,102066,100,99930,100
2019-06-28 10:05:30.000000000,100866,312,100698,212,100939,212,100625,212,101032,212,100595,212,101045,212,100440,212,101112,100,100354,100,101133,100,100226,100,101317,100,100127,100,101349,100,100092,100,101871,100,99937,100,102066,100,99930,100
2019-06-28 10:05:36.788072966,100866,312,100698,212,100939,212,100625,212,101032,212,100595,212,101045,212,100440,112,101112,100,100354,100,101133,100,100226,100,101317,100,100127,100,101349,100,100092,100,101871,100,99937,100,102066,100,99930,100
2019-06-28 10:05:39.842673581,100866,312,100698,212,100939,212,100625,212,101032,212,100595,212,101045,212,100440,112,101112,100,100354,100,101133,100,100226,100,101317,100,100127,100,101349,100,100092,100,101871,100,100039,100,102066,100,99937,100
2019-06-28 10:05:40.000000000,100866,352,100698,252,100939,248,100625,248,101032,248,100595,248,101045,100,100354,100,101112,100,100226,100,101133,100,100127,100,101317,100,100092,100,101349,100,100039,100,101871,100,99937,100,102066,100,99930,100
2019-06-28 10:05:40.372662539,100866,352,100698,152,100939,248,100625,248,101032,248,100595,248,101045,100,100354,100,101112,100,100226,100,101133,100,100127,100,101317,100,100092,100,101349,100,100039,100,101871,100,99937,100,102066,100,99930,100
2019-06-28 10:05:50.000000000,100866,648,100625,548,100939,100,100595,100,101032,100,100354,100,101045,100,100226,100,101112,100,100127,100,101133,100,100092,100,101317,100,100039,100,101349,100,99937,100,101871,100,99930,100,102066,100,99900,100
2019-06-28 10:06:00.000000000,100866,352,100625,252,100939,248,100595,248,101032,248,100354,248,101045,100,100226,100,101112,100,100127,100,101133,100,100092,100,101317,100,100039,100,101349,100,99937,100,101871,100,99930,100,102066,100,99900,100
2019-06-28 10:06:08.801700117,100866,352,100625,152,100939,248,100595,248,101032,248,100354,248,101045,100,100226,100,101112,100,100127,100,101133,100,100092,100,101317,100,100039,100,101349,100,99937,100,101871,100,99930,100,102066,100,99900,100
2019-06-28 10:06:10.000000000,100866,648,100595,548,100939,100,100354,100,101032,100,100226,100,101045,100,100127,100,101112,100,100092,100,101133,100,100039,100,101317,100,99937,100,101349,100,99930,100,101871,100,99900,100,102066,100,99816,100
2019-06-28 10:06:17.610106148,100698,100,100595,548,100866,648,100354,100,100939,100,100226,100,101032,100,100127,100,101045,100,100092,100,101112,100,100039,100,101133,100,99937,100,101317,100,99930,100,101349,100,99900,100,101871,100,99816,100
2019-06-28 10:06:20.000000000,100698,190,100595,190,100866,290,100354,190,100939,190,100226,190,101032,190,100127,190,101045,190,100092,190,101112,100,100039,100,101133,100,99937,100,101317,100,99930,100,101349,100,99900,100,101871,100,99816,100
2019-06-28 10:06:28.400432819,100698,290,100595,190,100866,290,100354,190,100939,190,100226,190,101032,190,100127,190,101045,190,100092,190,101112,100,100039,100,101133,100,99937,100,101317,100,99930,100,101349,100,99900,100,101871,100,99816,100
2019-06-28 10:06:30.000000000,100698,424,100595,324,100866,424,100354,324,100939,100,100226,100,101032,100,100127,100,101045,100,100092,100,101112,100,100039,100,101133,100,99937,100,101317,100,99930,100,101349,100,99900,100,101871,100,99816,100
2019-06-28 10:06:40.000000000,100698,312,100595,212,100866,312,100354,212,100939,212,100226,212,101032,212,100127,212,101045,100,100092,100,101112,100,100039,100,101133,100,99937,100,101317,100,99930,100,101349,100,99900,100,101871,100,99816,100
2019-06-28 10:06:43.736209880,100698,312,100595,112,100866,312,100354,212,100939,212,100226,212,101032,212,100127,212,101045,100,100092,100,101112,100,100039,100,101133,100,99937,100,101317,100,99930,100,101349,100,99900,100,101871,100,99816,100
2019-06-28 10:06:48.596605034,100698,312,100595,112,100866,312,100354,212,100939,212,100226,212,101032,212,100127,212,101045,100,100092,100,101112,100,100039,100,101133,100,99993,100,101317,100,99937,100,101349,100,99930,100,101871,100,99900,100
2019-06-28 10:06:50.000000000,100698,290,100354,190,100866,290,100226,190,100939,190,100127,190,101032,190,100092,190,101045,190,100039,190,101112,100,99993,100,101133,100,99937,100,101317,100,99930,100,101349,100,99900,100,101871,100,99816,100
2019-06-28 10:07:00.000000000,100698,352,100354,252,100866,348,100226,248,100939,248,100127,248,101032,100,100092,100,101045,100,100039,100,101112,100,99993,100,101133,100,99937,100,101317,100,99930,100,101349,100,99900,100,101871,100,99816,100
2019-06-28 10:07:00.786418958,100625,100,100354,252,100698,352,100226,248,100866,348,100127,248,100939,248,100092,100,101032,100,100039,100,101045,100,99993,100,101112,100,99937,100,101133,100,99930,100,101317,100,99900,100,101349,100,99816,100
2019-06-28 10:07:10.000000000,100625,212,100354,212,100698,312,100226,212,100866,312,100127,212,100939,212,100092,212,101032,100,100039,100,101045,100,99993,100,101112,100,99937,100,101133,100,99930,100,101317,100,99900,100,101349,100,99816,100
2019-06-28 10:07:19.331358008,100625,212,100354,112,100698,312,100226,212,100866,312,100127,212,100939,212,100092,212,101032,100,100039,100,101045,100,99993,100,101112,100,99930,100,101133,100,99900,100,101317,100,99816,100,101349,100,99796,100
2019-06-28 10:07:20.000000000,100625,212,100226,212,100698,312,100127,212,100866,312,100092,212,100939,212,100039,212,101032,100,99993,100,101045,100,99930,100,101112,100,99900,100,101133,100,99816,100,101317,100,99796,100,101349,100,99664,100
2019-06-28 10:07:30.000000000,100625,212,100226,212,100698,312,100127,212,100866,312,100092,212,100939,212,100039,212,101032,100,99993,100,101045,100,99930,100,101112,100,99900,100,101133,100,99816,100,101317,100,99796,100,101349,100,99664,100
2019-06-28 10:07:40.000000000,100625,212,100226,212,100698,312,100127,212,100866,312,100092,212,100939,212,100039,212,101032,100,99993,100,101045,100,99930,100,101112,100,99900,100,101133,100,99816,100,101317,100,99796,100,101349,100,99664,100
2019-06-28 10:07:45.380403778,100625,212,100226,212,100698,312,100127,212,100866,312,100092,212,100939,212,100039,212,101032,100,99993,100,101045,100,99930,100,101112,100,99900,100,101133,100,99816,100,101317,100,99796,100,101349,100,99707,100
2019-06-28 10:07:50.000000000,100625,190,100226,190,100698,290,100127,190,100866,290,100092,190,100939,190,100039,190,101032,190,99993,190,101045,100,99930,100,101112,100,99900,100,101133,100,99816,100,101317,100,99796,100,101349,100,99707,100
2019-06-28 10:08:00.000000000,100625,190,100226,190,100698,290,100127,190,100866,290,100092,190,100939,190,100039,190,101032,190,99993,190,101045,100,99930,100,101112,100,99900,100,101133,100,99816,100,101317,100,99796,100,101349,100,99707,100
2019-06-28 10:08:01.150451373,100625,190,100226,190,100698,290,100127,190,100866,290,100092,190,100939,190,100039,190,101032,190,99993,190,101045,100,99930,100,101112,100,99900,100,101133,100,99816,100,101317,100,99796,100,101349,100,99751,100
2019-06-28 10:08:08.761996102,100625,190,100226,190,100698,290,100127,190,100866,290,100092,190,100939,190,100039,190,101032,190,99993,190,101045,100,99930,100,101112,100,99900,100,101133,100,99816,100,101317,100,99796,100,101349,100,99751,100
2019-06-28 10:08:10.000000000,100625,324,100226,324,100698,424,100127,324,100866,200,100092,100,100939,100,100039,100,101032,100,99993,100,101045,100,99930,100,101112,100,99900,100,101133,100,99816,100,101317,100,99796,100,101349,100,99751,100
2019-06-28 10:08:18.610312096,100625,324,100226,324,100698,424,100127,324,100866,200,100092,100,100939,100,100039,100,101032,100,99993,100,101045,100,99930,100,101112,100,99900,100,101133,100,99816,100,101317,100,99796,100,101349,100,99751,100
2019-06-28 10:08:20.000000000,100625,190,100226,190,100698,290,100127,190,100866,290,100092,190,100939,190,100039,190,101032,190,99993,190,101045,100,99930,100,101112,100,99900,100,101133,100,99816,100,101317,100,99796,100,101349,100,99751,100
2019-06-28 10:08:30.000000000,100625,548,100226,548,100698,200,100127,100,100866,200,100092,100,100939,100,100039,100,101032,100,99993,100,101045,100,99930,100,101112,100,99900,100,101133,100,99816,100,101317,100,99796,100,101349,100,99751,100
2019-06-28 10:08:40.000000000,100625,252,100226,252,100698,348,100127,248,100866,348,100092,248,100939,100,100039,100,101032,100,99993,100,101045,100,99930,100,101112,100,99900,100,101133,100,99816,100,101317,100,99796,100,101349,100,99751,100
2019-06-28 10:08:40.790206245,100595,100,100226,252,100625,252,100127,248,100698,348,100092,248,100866,348,100039,100,100939,100,99993,100,101032,100,99930,100,101045,100,99900,100,101112,100,99816,100,101133,100,99796,100,101349,100,99751,100
2019-06-28 10:08:50.000000000,100595,190,100226,190,100625,190,100127,190,100698,290,100092,190,100866,290,100039,190,100939,190,99993,190,101032,100,99930,100,101045,100,99900,100,101112,100,99816,100,101133,100,99796,100,101349,100,99751,100
2019-06-28 10:08:51.884084954,100595,190,100226,190,100625,190,100127,190,100698,290,100092,190,100866,290,100039,190,100939,190,99993,190,101032,100,99930,100,101045,100,99900,100,101112,100,99816,100,101133,100,99796,100,101349,100,99751,100
