,ask_price_1,ask_size_1,bid_price_1,bid_size_1,ask_price_2,ask_size_2,bid_price_2,bid_size_2,ask_price_3,ask_size_3,bid_price_3,bid_size_3,ask_price_4,ask_size_4,bid_price_4,bid_size_4,ask_price_5,ask_size_5,bid_price_5,bid_size_5,ask_price_6,ask_size_6,bid_price_6,bid_size_6,ask_price_7,ask_size_7,bid_price_7,bid_size_7,ask_price_8,ask_size_8,bid_price_8,bid_size_8,ask_price_9,ask_size_9,bid_price_9,bid_size_9,ask_price_10,ask_size_10,bid_price_10,bid_size_10
2019-06-28 09:30:00.000000001,100009,100,,,,,,,,,,,,,,,,,,,,,,,,,,,,,,,,,,,,,,
2019-06-28 09:30:00.000000002,100009,100,99980,100,,,,,,,,,,,,,,,,,,,,,,,,,,,,,,,,,,,,
2019-06-28 09:30:00.000000003,100009,100,99980,100,100043,100,,,,,,,,,,,,,,,,,,,,,,,,,,,,,,,,,,
2019-06-28 09:30:00.000000005,100009,100,99980,100,100043,100,99913,100,,,,,,,,,,,,,,,,,,,,,,,,,,,,,,,,
2019-06-28 09:30:00.000000006,100009,100,99980,100,100043,100,99913,100,100082,100,,,,,,,,,,,,,,,,,,,,,,,,,,,,,,
2019-06-28 09:30:00.000000008,100009,100,99980,100,100043,100,99951,100,100071,100,99913,100,100082,100,,,,,,,,,,,,,,,,,,,,,,,,,,
2019-06-28 09:30:00.000000009,100009,100,99980,100,100043,100,99951,100,100071,100,99950,100,100082,100,99913,100,100168,100,99902,100,,,,,,,,,,,,,,,,,,,,
2019-06-28 09:30:00.000000011,100009,100,99980,100,100043,100,99973,100,100071,100,99951,100,100082,100,99950,100,100168,100,99913,100,,,99902,100,,,,,,,,,,,,,,,,
2019-06-28 09:30:00.000000017,100003,100,99980,100,100009,100,99973,100,100043,100,99951,100,100071,100,99950,100,100082,100,99913,100,100168,100,99902,100,,,,,,,,,,,,,,,,
2019-06-28 09:30:00.000000019,100003,100,99980,100,100009,100,99973,100,100043,100,99951,100,100065,100,99950,100,100071,100,99914,100,100082,100,99913,100,100168,100,99902,100,,,,,,,,,,,,
2019-06-28 09:30:00.000000020,100003,100,99980,100,100009,100,99975,100,100043,100,99973,100,100065,100,99951,100,100071,100,99950,100,100082,100,99914,100,100168,100,99913,100,,,99902,100,,,,,,,,
2019-06-28 09:30:00.000000021,100003,100,99980,100,100009,100,99975,100,100043,100,99973,100,100065,100,99963,100,100071,100,99951,100,100082,100,99950,100,100158,100,99914,100,100168,100,99913,100,,,99902,100,,,,
2019-06-28 09:30:00.000000024,100003,100,99980,100,100009,100,99975,100,100043,100,99973,100,100065,100,99963,100,100071,100,99951,100,100082,100,99950,100,100158,100,99914,100,100168,100,99913,100,,,99902,100,,,99883,100
2019-06-28 09:30:00.000000027,100003,100,99980,100,100009,100,99975,100,100043,100,99973,100,100065,100,99963,100,100071,100,99951,100,100082,100,99950,100,100158,100,99924,100,100168,100,99914,100,,,99913,100,,,99902,100
2019-06-28 09:30:00.000000028,100003,100,99983,100,100009,100,99980,100,100043,100,99975,100,100065,100,99973,100,100071,100,99963,100,100082,100,99951,100,100158,100,99950,100,100168,100,99924,100,,,99914,100,,,99913,100
2019-06-28 09:30:00.000000030,100003,100,99983,100,100009,100,99980,100,100043,100,99975,100,100065,100,99973,100,100071,100,99963,100,100082,100,99951,100,100158,100,99950,100,100168,100,99924,100,,,99914,100,,,99913,100
2019-06-28 09:30:00.000000032,100009,100,99983,100,100043,100,99980,100,100065,100,99975,100,100071,100,99973,100,100082,100,99963,100,100158,100,99951,100,100168,100,99950,100,,,99924,100,,,99914,100,,,99913,100
2019-06-28 09:30:00.000000033,100007,100,99983,100,100009,100,99980,100,100043,100,99975,100,100065,100,99973,100,100071,100,99963,100,100082,100,99951,100,100158,100,99950,100,100168,100,99924,100,,,99914,100,,,99913,100
2019-06-28 09:30:00.000000036,100007,100,99983,100,100009,100,99980,100,100043,100,99975,100,100046,100,99973,100,100065,100,99963,100,100071,100,99951,100,100082,100,99950,100,100158,100,99940,100,100168,100,99924,100,,,99914,100
2019-06-28 09:30:00.000000037,100007,100,99983,100,100009,100,99980,100,100043,100,99975,100,100046,100,99973,100,100065,100,99963,100,100071,100,99951,100,100082,100,99950,100,100158,100,99940,100,100168,100,99928,100,,,99924,100
2019-06-28 09:30:00.000000039,100009,100,99983,100,100043,100,99980,100,100046,100,99975,100,100065,100,99973,100,100071,100,99963,100,100082,100,99951,100,100158,100,99950,100,100168,100,99940,100,,,99928,100,,,99924,100
2019-06-28 09:30:00.000000040,100009,100,99983,100,100043,100,99980,100,100046,100,99975,100,100065,100,99973,100,100071,100,99963,100,100082,100,99951,100,100158,100,99950,100,100168,100,99940,100,,,99928,100,,,99924,100
2019-06-28 09:30:00.000000044,100007,100,99983,100,100009,100,99980,100,100043,100,99975,100,100046,100,99973,100,100065,100,99963,100,100071,100,99951,100,100082,100,99950,100,100158,100,99940,100,100168,100,99928,100,,,99924,100
2019-06-28 09:30:00.000000046,100007,100,99983,100,100009,100,99980,100,100043,100,99975,100,100046,100,99973,100,100065,100,99963,100,100071,100,99951,100,100082,100,99950,100,100083,100,99940,100,100158,100,99928,100,100168,100,99924,100
2019-06-28 09:30:00.000000048,100007,100,100001,100,100009,100,99983,100,100043,100,99980,100,100046,100,99975,100,100065,100,99973,100,100071,100,99963,100,100082,100,99951,100,100083,100,99950,200,100158,100,99940,100,100168,100,99928,100
2019-06-28 09:30:00.000000049,100007,200,100001,100,100009,100,99983,100,100043,100,99980,100,100046,100,99975,100,100065,100,99973,100,100071,100,99963,100,100082,100,99951,100,100083,100,99950,200,100158,100,99940,100,100168,100,99928,100
2019-06-28 09:30:00.000000050,100007,200,100001,100,100009,100,99983,100,100043,100,99980,100,100046,100,99975,100,100065,100,99973,100,100071,100,99963,100,100082,100,99955,100,100083,100,99951,100,100158,100,99950,200,100168,100,99940,100
2019-06-28 09:30:00.000000051,100007,200,100001,100,100009,100,99983,100,100019,100,99980,100,100043,100,99975,100,100046,100,99973,100,100065,100,99963,100,100071,100,99955,100,100082,100,99951,100,100083,100,99950,200,100158,100,99940,100
2019-06-28 09:30:00.000000052,100007,200,100001,100,100009,100,99983,100,100019,100,99980,100,100043,100,99975,100,100046,100,99973,100,100065,100,99963,100,100071,100,99955,100,100082,100,99951,100,100083,100,99950,200,100158,100,99940,100
2019-06-28 09:30:00.000000054,100007,300,100001,100,100009,100,99983,100,100019,100,99980,100,100043,100,99975,100,100046,100,99973,100,100065,100,99963,100,100071,100,99955,100,100082,100,99951,100,100083,100,99950,200,100158,100,99940,100
2019-06-28 09:30:00.000000055,100007,400,100001,100,100009,100,99983,100,100019,100,99980,100,100043,100,99975,100,100046,100,99973,100,100065,100,99963,100,100071,100,99955,100,100082,100,99951,100,100083,100,99950,200,100158,100,99940,100
2019-06-28 09:30:00.000000056,100007,400,100001,100,100009,100,99983,100,100019,100,99980,100,100043,100,99975,100,100046,100,99973,100,100065,100,99963,100,100071,100,99955,100,100082,100,99951,100,100083,100,99950,200,100116,100,99940,100
2019-06-28 09:30:00.000000057,100007,400,100001,100,100009,100,99997,100,100019,100,99983,100,100043,100,99980,100,100046,100,99975,100,100065,100,99973,100,100071,100,99963,100,100082,100,99955,100,100083,100,99951,100,100116,100,99950,200
2019-06-28 09:30:00.000000058,100007,400,100001,200,100009,100,99997,100,100019,100,99983,100,100043,100,99980,100,100046,100,99975,100,100065,100,99973,100,100071,100,99963,100,100082,100,99955,100,100083,100,99951,100,100116,100,99950,200
2019-06-28 09:30:00.000000059,100007,400,100001,200,100009,100,99997,100,100019,100,99983,100,100043,100,99980,100,100046,100,99975,100,100065,100,99973,100,100071,100,99963,100,100082,100,99955,100,100083,100,99951,100,100116,100,99950,200
2019-06-28 09:30:00.000000061,100007,400,100001,200,100009,100,99997,100,100019,100,99983,100,100043,100,99980,100,100046,100,99975,100,100065,100,99973,100,100071,100,99963,100,100073,100,99955,100,100082,100,99951,100,100083,100,99950,200
2019-06-28 09:30:00.000000062,100007,400,100001,200,100009,100,99997,100,100019,100,99983,100,100043,100,99980,100,100046,100,99975,100,100065,100,99973,100,100071,100,99963,100,100073,100,99955,100,100082,100,99951,100,100083,100,99950,200
2019-06-28 09:30:00.000000069,100007,300,100001,200,100009,100,99997,100,100019,100,99983,100,100043,100,99980,100,100046,100,99975,100,100065,100,99973,100,100071,100,99963,100,100073,100,99955,100,100082,100,99951,100,100083,100,99950,200
2019-06-28 09:30:00.000000070,100007,200,100001,200,100009,100,99997,100,100019,100,99983,100,100043,100,99980,100,100046,100,99975,100,100065,100,99973,100,100071,100,99963,100,100073,100,99955,100,100082,100,99951,100,100083,100,99950,200
2019-06-28 09:30:00.000000071,100009,100,100001,200,100019,100,99997,100,100043,100,99983,100,100046,100,99980,100,100065,100,99975,100,100071,100,99973,100,100073,100,99963,100,100082,100,99955,100,100083,100,99951,100,100095,100,99950,200
2019-06-28 09:30:00.000000073,100009,100,100001,200,100019,100,99997,100,100043,100,99983,100,100046,100,99980,100,100065,100,99975,100,100071,100,99973,100,100073,100,99963,100,100080,100,99955,100,100082,100,99951,100,100083,100,99950,200
2019-06-28 09:30:00.000000074,100009,100,100001,200,100019,100,99997,100,100043,100,99983,100,100046,100,99980,100,100065,100,99975,100,100071,100,99973,100,100073,100,99972,100,100080,100,99963,100,100082,100,99955,100,100083,100,99951,100
2019-06-28 09:30:00.000000075,100007,100,100001,200,100009,100,99997,100,100019,100,99983,100,100043,100,99980,100,100046,100,99975,100,100065,100,99973,100,100071,100,99972,100,100073,100,99963,100,100080,100,99955,100,100082,100,99951,100
2019-06-28 09:30:00.000000077,100007,200,100001,200,100009,100,99997,100,100019,100,99983,100,100028,100,99980,100,100043,100,99975,100,100046,100,99973,100,100065,100,99972,100,100071,100,99963,100,100073,100,99955,100,100080,100,99951,100
2019-06-28 09:30:00.000000081,100007,200,100001,200,100009,100,99997,100,100013,100,99983,100,100019,100,99980,100,100028,100,99975,100,100043,100,99973,100,100046,100,99972,100,100065,100,99963,100,100071,100,99955,100,100073,100,99951,100
2019-06-28 09:30:00.000000082,100007,100,100001,200,100009,100,99997,100,100013,100,99983,100,100019,100,99980,100,100028,100,99975,100,100043,100,99973,100,100046,100,99972,100,100065,100,99963,100,100071,100,99955,100,100073,100,99951,100
2019-06-28 09:30:00.000000086,100007,100,100001,200,100009,100,99997,100,100013,100,99983,100,100019,100,99980,100,100028,100,99975,100,100043,100,99973,100,100046,100,99972,100,100065,100,99963,100,100071,100,99955,100,100073,100,99951,100
2019-06-28 09:30:00.000000087,100007,100,100001,200,100009,100,99997,100,100013,100,99983,100,100019,100,99980,100,100028,100,99975,100,100043,100,99973,100,100046,100,99972,100,100065,100,99963,100,100066,100,99955,100,100071,100,99951,100
2019-06-28 09:30:00.000000088,100007,100,100001,200,100009,100,99999,100,100013,100,99997,100,100019,100,99983,100,100028,100,99980,100,100043,100,99975,100,100046,100,99973,100,100065,100,99972,100,100066,100,99963,100,100071,100,99955,100
2019-06-28 09:30:00.000000089,100007,100,100001,200,100009,100,99999,100,100013,100,99997,100,100019,100,99983,100,100028,100,99980,100,100043,100,99975,100,100046,100,99973,100,100065,100,99972,100,100066,100,99963,100,100071,100,99955,100
2019-06-28 09:30:00.000000093,100007,100,100001,200,100009,100,99999,100,100013,100,99997,100,100019,100,99983,100,100028,100,99980,100,100043,100,99975,100,100046,100,99973,100,100065,100,99972,100,100066,100,99963,100,100069,100,99955,100
2019-06-28 09:30:00.000000094,100007,100,100001,100,100009,100,99999,100,100013,100,99997,100,100019,100,99983,100,100028,100,99980,100,100043,100,99975,100,100046,100,99973,100,100065,100,99972,100,100066,100,99963,100,100069,100,99955,100
2019-06-28 09:30:00.000000095,100006,100,100001,100,100007,100,99999,100,100009,100,99997,100,100013,100,99983,100,100019,100,99980,100,100028,100,99975,100,100043,100,99973,100,100046,100,99972,100,100065,100,99963,100,100066,100,99955,100
2019-06-28 09:30:00.000000097,100006,100,100001,100,100007,100,99999,100,100009,100,99997,100,100013,100,99983,100,100019,100,99980,100,100028,100,99975,100,100043,100,99974,100,100046,100,99973,100,100065,100,99972,100,100066,100,99963,100
2019-06-28 09:30:06.882643811,100007,100,100001,100,100009,100,99999,100,100013,100,99997,100,100019,100,99983,100,100028,100,99980,100,100043,100,99975,100,100046,100,99974,100,100065,100,99973,100,100066,100,99972,100,100069,100,99963,100
2019-06-28 09:30:10.000000000,100007,192,100001,192,100009,190,99999,190,100013,190,99997,190,100019,100,99983,100,100028,100,99980,100,100043,100,99975,100,100046,100,99974,100,100065,100,99973,100,100066,100,99972,100,100069,100,99963,100
2019-06-28 09:30:20.000000000,100007,154,100001,154,100009,154,99999,154,100013,154,99997,154,100019,154,99983,154,100028,154,99980,154,100043,100,99975,100,100046,100,99974,100,100065,100,99973,100,100066,100,99972,100,100069,100,99963,100
2019-06-28 09:30:25.377868509,100007,154,100001,154,100009,154,99999,154,100013,154,99997,154,100019,154,99983,154,100028,154,99980,154,100043,100,99975,100,100046,100,99974,100,100065,100,99973,100,100066,100,99972,100,100069,100,99963,100
2019-06-28 09:30:30.000000000,100007,372,100001,372,100009,100,99999,100,100013,100,99997,100,100019,100,99983,100,100028,100,99980,100,100043,100,99975,100,100046,100,99974,100,100065,100,99973,100,100066,100,99972,100,100069,100,99963,100
2019-06-28 09:30:40.000000000,100007,372,100001,372,100009,100,99999,100,100013,100,99997,100,100019,100,99983,100,100028,100,99980,100,100043,100,99975,100,100046,100,99974,100,100065,100,99973,100,100066,100,99972,100,100069,100,99963,100
2019-06-28 09:30:41.089326096,100007,372,100001,372,100009,100,99999,100,100013,100,99997,100,100019,100,99983,100,100028,100,99980,100,100043,100,99975,100,100046,100,99974,100,100066,100,99973,100,100069,100,99972,100,100071,100,99963,100
2019-06-28 09:30:43.776928643,100006,100,100001,372,100007,372,99999,100,100009,100,99997,100,100013,100,99983,100,100019,100,99980,100,100028,100,99975,100,100043,100,99974,100,100046,100,99973,100,100066,100,99972,100,100069,100,99963,100
2019-06-28 09:30:50.000000000,100006,168,100001,168,100007,168,99999,168,100009,168,99997,168,100013,168,99983,168,100019,100,99980,100,100028,100,99975,100,100043,100,99974,100,100046,100,99973,100,100066,100,99972,100,100069,100,99963,100
2019-06-28 09:31:00.000000000,100006,192,100001,192,100007,190,99999,190,100009,190,99997,190,100013,100,99983,100,100019,100,99980,100,100028,100,99975,100,100043,100,99974,100,100046,100,99973,100,100066,100,99972,100,100069,100,99963,100
2019-06-28 09:31:10.000000000,100006,372,100001,372,100007,100,99999,100,100009,100,99997,100,100013,100,99983,100,100019,100,99980,100,100028,100,99975,100,100043,100,99974,100,100046,100,99973,100,100066,100,99972,100,100069,100,99963,100
2019-06-28 09:31:13.880999922,100006,272,100001,372,100007,100,99999,100,100009,100,99997,100,100013,100,99983,100,100019,100,99980,100,100028,100,99975,100,100043,100,99973,100,100046,100,99972,100,100066,100,99963,100,100069,100,99955,100
2019-06-28 09:31:20.000000000,100007,372,100001,372,100009,100,99999,100,100013,100,99997,100,100019,100,99983,100,100028,100,99980,100,100043,100,99975,100,100046,100,99973,100,100066,100,99972,100,100069,100,99963,100,100071,100,99955,100
2019-06-28 09:31:30.000000000,100007,154,100001,154,100009,154,99999,154,100013,154,99997,154,100019,154,99983,154,100028,154,99980,154,100043,100,99975,100,100046,100,99973,100,100066,100,99972,100,100069,100,99963,100,100071,100,99955,100
2019-06-28 09:31:40.000000000,100007,372,100001,372,100009,100,99999,100,100013,100,99997,100,100019,100,99983,100,100028,100,99980,100,100043,100,99975,100,100046,100,99973,100,100066,100,99972,100,100069,100,99963,100,100071,100,99955,100
2019-06-28 09:31:40.627732813,100007,372,100006,100,100009,100,100001,372,100013,100,99999,100,100019,100,99997,100,100028,100,99983,100,100043,100,99980,100,100046,100,99975,100,100066,100,99973,100,100069,100,99972,100,100071,100,99963,100
2019-06-28 09:31:50.000000000,100007,372,100006,372,100009,100,100001,100,100013,100,99999,100,100019,100,99997,100,100028,100,99983,100,100043,100,99980,100,100046,100,99975,100,100066,100,99973,100,100069,100,99972,100,100071,100,99963,100
2019-06-28 09:31:50.945820380,100007,372,100006,272,100009,100,100001,100,100013,100,99999,100,100019,100,99997,100,100028,100,99983,100,100043,100,99980,100,100046,100,99975,100,100066,100,99973,100,100069,100,99972,100,100071,100,99963,100
2019-06-28 09:32:00.000000000,100007,192,100001,192,100009,190,99999,190,100013,190,99997,190,100019,100,99983,100,100028,100,99980,100,100043,100,99975,100,100046,100,99973,100,100066,100,99972,100,100069,100,99963,100,100071,100,99955,100
2019-06-28 09:32:10.000000000,100007,154,100001,154,100009,154,99999,154,100013,154,99997,154,100019,154,99983,154,100028,154,99980,154,100043,100,99975,100,100046,100,99973,100,100066,100,99972,100,100069,100,99963,100,100071,100,99955,100
2019-06-28 09:32:20.000000000,100007,372,100001,372,100009,100,99999,100,100013,100,99997,100,100019,100,99983,100,100028,100,99980,100,100043,100,99975,100,100046,100,99973,100,100066,100,99972,100,100069,100,99963,100,100071,100,99955,100
2019-06-28 09:32:22.947441080,100007,372,100001,272,100009,100,99999,100,100013,100,99997,100,100019,100,99983,100,100028,100,99980,100,100043,100,99975,100,100046,100,99973,100,100066,100,99972,100,100069,100,99963,100,100071,100,99955,100
2019-06-28 09:32:28.819338012,100006,100,100001,272,100007,372,99999,100,100009,100,99997,100,100013,100,99983,100,100019,100,99980,100,100028,100,99975,100,100043,100,99973,100,100046,100,99972,100,100066,100,99963,100,100069,100,99955,100
2019-06-28 09:32:30.000000000,100006,192,99999,192,100007,190,99997,190,100009,190,99983,190,100013,100,99980,100,100019,100,99975,100,100028,100,99973,100,100043,100,99972,100,100046,100,99963,100,100066,100,99955,100,100069,100,99951,100
2019-06-28 09:32:36.136094512,100006,192,99999,192,100007,190,99997,190,100009,190,99983,190,100013,100,99980,100,100019,100,99975,100,100028,100,99973,100,100043,100,99972,100,100046,100,99963,100,100066,100,99955,100,100069,100,99951,100
2019-06-28 09:32:40.000000000,100006,192,99999,192,100007,190,99997,190,100009,190,99983,190,100013,100,99980,100,100019,100,99975,100,100028,100,99973,100,100043,100,99972,100,100046,100,99963,100,100066,100,99955,100,100069,100,99951,100
2019-06-28 09:32:50.000000000,100006,372,99999,372,100007,100,99997,100,100009,100,99983,100,100013,100,99980,100,100019,100,99975,100,100028,100,99973,100,100043,100,99972,100,100046,100,99963,100,100066,100,99955,100,100069,100,99951,100
2019-06-28 09:33:00.000000000,100006,236,99999,236,100007,236,99997,236,100009,100,99983,100,100013,100,99980,100,100019,100,99975,100,100028,100,99973,100,100043,100,99972,100,100046,100,99963,100,100066,100,99955,100,100069,100,99951,100
2019-06-28 09:33:10.000000000,100006,236,99999,236,100007,236,99997,236,100009,100,99983,100,100013,100,99980,100,100019,100,99975,100,100028,100,99973,100,100043,100,99972,100,100046,100,99963,100,100066,100,99955,100,100069,100,99951,100
2019-06-28 09:33:13.540747729,100006,136,99999,236,100007,236,99997,236,100009,100,99983,100,100013,100,99980,100,100019,100,99975,100,100028,100,99973,100,100043,100,99972,100,100046,100,99963,100,100066,100,99955,100,100069,100,99951,100
2019-06-28 09:33:17.716433313,100006,36,99999,236,100007,236,99997,236,100009,100,99983,100,100013,100,99980,100,100019,100,99975,100,100028,100,99973,100,100043,100,99972,100,100046,100,99963,100,100066,100,99955,100,100069,100,99951,100
2019-06-28 09:33:20.000000000,100007,372,99999,372,100009,100,99997,100,100013,100,99983,100,100019,100,99980,100,100028,100,99975,100,100043,100,99973,100,100046,100,99972,100,100066,100,99963,100,100069,100,99955,100,100071,100,99951,100
2019-06-28 09:33:22.956998982,100007,372,99999,372,100009,100,99997,100,100013,100,99983,100,100019,100,99980,100,100028,100,99975,100,100043,100,99973,100,100046,100,99972,100,100066,100,99963,100,100069,100,99955,100,100071,100,99951,100
2019-06-28 09:33:30.000000000,100007,154,99999,154,100009,154,99997,154,100013,154,99983,154,100019,154,99980,154,100028,154,99975,154,100043,100,99973,100,100046,100,99972,100,100066,100,99963,100,100069,100,99955,100,100071,100,99951,100
2019-06-28 09:33:35.467684688,100007,154,100006,100,100009,154,99999,154,100013,154,99997,154,100019,154,99983,154,100028,154,99980,154,100043,100,99975,154,100046,100,99973,100,100066,100,99972,100,100069,100,99963,100,100071,100,99955,100
2019-06-28 09:33:40.000000000,100007,154,100006,154,100009,154,99999,154,100013,154,99997,154,100019,154,99983,154,100028,154,99980,154,100043,100,99975,100,100046,100,99973,100,100066,100,99972,100,100069,100,99963,100,100071,100,99955,100
2019-06-28 09:33:44.073265629,100007,54,100006,154,100009,154,99999,154,100013,54,99997,154,100019,154,99983,154,100028,154,99980,154,100043,100,99975,100,100046,100,99973,100,100066,100,99972,100,100069,100,99963,100,100071,100,99955,100
2019-06-28 09:33:50.000000000,100009,372,100006,372,100019,100,99999,100,100028,100,99997,100,100043,100,99983,100,100046,100,99980,100,100066,100,99975,100,100069,100,99973,100,100071,100,99972,100,100082,100,99963,100,100083,100,99955,100
2019-06-28 09:34:00.000000000,100009,192,100006,192,100019,190,99999,190,100028,190,99997,190,100043,100,99983,100,100046,100,99980,100,100066,100,99975,100,100069,100,99973,100,100071,100,99972,100,100082,100,99963,100,100083,100,99955,100
2019-06-28 09:34:10.000000000,100009,168,100006,168,100019,168,99999,168,100028,168,99997,168,100043,168,99983,168,100046,100,99980,100,100066,100,99975,100,100069,100,99973,100,100071,100,99972,100,100082,100,99963,100,100083,100,99955,100
2019-06-28 09:34:19.887268717,100009,68,100006,168,100019,168,99999,168,100028,168,99997,168,100043,168,99983,168,100046,100,99980,100,100066,100,99975,100,100069,100,99973,100,100071,100,99972,100,100082,100,99963,100,100083,100,99955,100
2019-06-28 09:34:20.000000000,100019,372,100006,372,100028,100,99999,100,100043,100,99997,100,100046,100,99983,100,100066,100,99980,100,100069,100,99975,100,100071,100,99973,100,100082,100,99972,100,100083,100,99963,100,100095,100,99955,100
2019-06-28 09:34:30.000000000,100019,154,100006,154,100028,154,99999,154,100043,154,99997,154,100046,154,99983,154,100066,154,99980,154,100069,100,99975,100,100071,100,99973,100,100082,100,99972,100,100083,100,99963,100,100095,100,99955,100
2019-06-28 09:34:40.000000000,100019,236,100006,236,100028,236,99999,236,100043,100,99997,100,100046,100,99983,100,100066,100,99980,100,100069,100,99975,100,100071,100,99973,100,100082,100,99972,100,100083,100,99963,100,100095,100,99955,100
2019-06-28 09:34:50.000000000,100019,372,100006,372,100028,100,99999,100,100043,100,99997,100,100046,100,99983,100,100066,100,99980,100,100069,100,99975,100,100071,100,99973,100,100082,100,99972,100,100083,100,99963,100,100095,100,99955,100
2019-06-28 09:35:00.000000000,100019,154,100006,154,100028,154,99999,154,100043,154,99997,154,100046,154,99983,154,100066,154,99980,154,100069,100,99975,100,100071,100,99973,100,100082,100,99972,100,100083,100,99963,100,100095,100,99955,100
2019-06-28 09:35:05.562756487,100019,154,100006,154,100028,154,99999,154,100043,154,99997,154,100046,154,99983,154,100066,154,99980,154,100069,100,99975,100,100071,100,99973,100,100082,100,99972,100,100083,100,99963,100,100095,100,99955,100
2019-06-28 09:35:06.146221695,100019,154,100007,100,100028,154,100006,154,100043,154,99999,154,100046,154,99997,154,100066,154,99983,154,100069,100,99980,154,100071,100,99975,100,100082,100,99973,100,100083,100,99972,100,100095,100,99963,100
2019-06-28 09:35:10.000000000,100019,192,100007,192,100028,190,100006,190,100043,190,99999,190,100046,100,99997,100,100066,100,99983,100,100069,100,99980,100,100071,100,99975,100,100082,100,99973,100,100083,100,99972,100,100095,100,99963,100
2019-06-28 09:35:14.274685837,100019,92,100007,192,100028,190,100006,190,100043,190,99999,190,100046,100,99997,100,100066,100,99983,100,100069,100,99980,100,100071,100,99975,100,100082,100,99973,100,100083,100,99972,100,100095,100,99963,100
2019-06-28 09:35:15.061298833,100028,190,100019,8,100043,190,100007,192,100046,100,100006,190,100066,100,99999,190,100069,100,99997,100,100071,100,99983,100,100082,100,99980,100,100083,100,99975,100,100095,100,99973,100,100105,100,99972,100
2019-06-28 09:35:18.838976146,100028,190,100019,108,100043,190,100007,192,100046,100,100006,190,100066,100,99999,190,100069,100,99997,100,100071,100,99983,100,100082,100,99980,100,100083,100,99975,100,100095,100,99973,100,100105,100,99972,100
2019-06-28 09:35:19.039555464,100028,190,100019,108,100043,190,100007,192,100046,100,100006,190,100066,100,99999,190,100069,100,99997,100,100071,100,99983,100,100082,100,99980,100,100083,100,99975,100,100095,100,99973,100,100105,100,99972,100
2019-06-28 09:35:20.000000000,100028,192,100019,200,100043,190,100007,190,100046,190,100006,190,100066,100,99999,100,100069,100,99997,100,100071,100,99983,100,100082,100,99980,100,100083,100,99975,100,100095,100,99973,100,100105,100,99972,100
2019-06-28 09:35:30.000000000,100028,236,100019,244,100043,236,100007,236,100046,100,100006,100,100066,100,99999,100,100069,100,99997,100,100071,100,99983,100,100082,100,99980,100,100083,100,99975,100,100095,100,99973,100,100105,100,99972,100
2019-06-28 09:35:33.351930959,100028,236,100019,244,100043,236,100007,236,100046,100,100006,100,100066,100,99999,100,100069,100,99997,100,100071,100,99983,100,100082,100,99980,100,100095,100,99975,100,100105,100,99973,100,100116,100,99972,100
2019-06-28 09:35:36.964334524,100028,236,100019,244,100043,236,100007,136,100046,100,100006,100,100066,100,99999,100,100069,100,99997,100,100071,100,99983,100,100082,100,99980,100,100095,100,99975,100,100105,100,99973,100,100116,100,99972,100
2019-06-28 09:35:40.000000000,100028,154,100019,162,100043,154,100006,154,100046,154,99999,154,100066,154,99997,154,100069,154,99983,154,100071,100,99980,100,100082,100,99975,100,100095,100,99973,100,100105,100,99972,100,100116,100,99963,100
2019-06-28 09:35:50.000000000,100028,236,100019,244,100043,236,100006,236,100046,100,99999,100,100066,100,99997,100,100069,100,99983,100,100071,100,99980,100,100082,100,99975,100,100095,100,99973,100,100105,100,99972,100,100116,100,99963,100
2019-06-28 09:36:00.000000000,100028,168,100019,176,100043,168,100006,168,100046,168,99999,168,100066,168,99997,168,100069,100,99983,100,100071,100,99980,100,100082,100,99975,100,100095,100,99973,100,100105,100,99972,100,100116,100,99963,100
2019-06-28 09:36:02.059812009,100028,68,100019,176,100043,168,100006,168,100046,168,99999,168,100066,168,99997,168,100069,100,99983,100,100071,100,99980,100,100082,100,99975,100,100095,100,99973,100,100105,100,99972,100,100116,100,99963,100
2019-06-28 09:36:03.847815072,100028,68,100019,176,100043,168,100006,168,100046,168,99999,168,100066,168,99997,168,100069,100,99983,100,100071,100,99980,100,100082,100,99975,100,100105,100,99973,100,100116,100,99972,100,100134,100,99963,100
2019-06-28 09:36:10.000000000,100043,236,100019,244,100046,236,100006,236,100066,100,99999,100,100069,100,99997,100,100071,100,99983,100,100082,100,99980,100,100105,100,99975,100,100116,100,99973,100,100134,100,99972,100,100158,100,99963,100
2019-06-28 09:36:13.521553902,100043,236,100020,100,100046,136,100019,244,100066,100,100006,236,100069,100,99999,100,100071,100,99997,100,100082,100,99983,100,100105,100,99980,100,100116,100,99975,100,100134,100,99973,100,100158,100,99972,100
2019-06-28 09:36:15.353807330,100043,136,100020,100,100046,136,100019,244,100066,100,100006,236,100069,100,99997,100,100071,100,99983,100,100082,100,99980,100,100105,100,99975,100,100116,100,99973,100,100134,100,99972,100,100158,100,99963,100
2019-06-28 09:36:15.807389882,100043,136,100028,100,100046,136,100020,100,100066,100,100019,244,100069,100,100006,236,100071,100,99997,100,100082,100,99983,100,100105,100,99980,100,100116,100,99975,100,100134,100,99973,100,100158,100,99972,100
2019-06-28 09:36:20.000000000,100066,236,100028,236,100069,236,100020,236,100071,100,100019,108,100082,100,100006,100,100105,100,99997,100,100116,100,99983,100,100134,100,99980,100,100158,100,99975,100,100168,100,99973,100,100516,100,99972,100
2019-06-28 09:36:23.238186131,100066,236,100028,336,100069,236,100020,236,100071,100,100019,108,100082,100,100006,100,100105,100,99997,100,100116,100,99983,100,100134,100,99980,100,100158,100,99975,100,100168,100,99973,100,100516,100,99972,100
2019-06-28 09:36:30.000000000,100066,236,100028,336,100069,236,100020,236,100071,100,100019,108,100082,100,100006,100,100105,100,99997,100,100116,100,99983,100,100134,100,99980,100,100158,100,99975,100,100168,100,99973,100,100516,100,99972,100
2019-06-28 09:36:40.000000000,100066,372,100028,472,100069,100,100020,100,100071,100,100019,108,100082,100,100006,100,100105,100,99997,100,100116,100,99983,100,100134,100,99980,100,100158,100,99975,100,100168,100,99973,100,100516,100,99972,100
2019-06-28 09:36:50.000000000,100066,168,100028,268,100069,168,100020,168,100071,168,100019,176,100082,168,100006,168,100105,100,99997,100,100116,100,99983,100,100134,100,99980,100,100158,100,99975,100,100168,100,99973,100,100516,100,99972,100
2019-06-28 09:37:00.000000000,100066,154,100028,254,100069,154,100020,154,100071,154,100019,162,100082,154,100006,154,100105,154,99997,154,100116,100,99983,100,100134,100,99980,100,100158,100,99975,100,100168,100,99973,100,100516,100,99972,100
2019-06-28 09:37:07.089278129,100066,154,100028,354,100069,154,100020,154,100071,154,100019,162,100082,154,100006,154,100105,154,99997,154,100116,100,99983,100,100134,100,99980,100,100158,100,99975,100,100168,100,99973,100,100516,100,99972,100
2019-06-28 09:37:10.000000000,100066,154,100028,354,100069,154,100020,154,100071,154,100019,162,100082,154,100006,154,100105,154,99997,154,100116,100,99983,100,100134,100,99980,100,100158,100,99975,100,100168,100,99973,100,100516,100,99972,100
2019-06-28 09:37:20.000000000,100066,372,100028,572,100069,100,100020,100,100071,100,100019,108,100082,100,100006,100,100105,100,99997,100,100116,100,99983,100,100134,100,99980,100,100158,100,99975,100,100168,100,99973,100,100516,100,99972,100
2019-06-28 09:37:21.739294976,100066,372,100028,572,100069,100,100020,100,100071,100,100019,108,100082,100,100006,100,100105,100,99997,100,100116,100,99983,100,100134,100,99975,100,100158,100,99973,100,100168,100,99972,100,100516,100,99963,100
2019-06-28 09:37:30.000000000,100066,372,100028,572,100069,100,100020,100,100071,100,100019,108,100082,100,100006,100,100105,100,99997,100,100116,100,99983,100,100134,100,99975,100,100158,100,99973,100,100168,100,99972,100,100516,100,99963,100
2019-06-28 09:37:40.000000000,100066,236,100028,436,100069,236,100020,236,100071,100,100019,108,100082,100,100006,100,100105,100,99997,100,100116,100,99983,100,100134,100,99975,100,100158,100,99973,100,100168,100,99972,100,100516,100,99963,100
2019-06-28 09:37:50.000000000,100066,168,100028,368,100069,168,100020,168,100071,168,100019,176,100082,168,100006,168,100105,100,99997,100,100116,100,99983,100,100134,100,99975,100,100158,100,99973,100,100168,100,99972,100,100516,100,99963,100
2019-06-28 09:38:00.000000000,100066,372,100028,572,100069,100,100020,100,100071,100,100019,108,100082,100,100006,100,100105,100,99997,100,100116,100,99983,100,100134,100,99975,100,100158,100,99973,100,100168,100,99972,100,100516,100,99963,100
2019-06-28 09:38:10.000000000,100066,168,100028,368,100069,168,100020,168,100071,168,100019,176,100082,168,100006,168,100105,100,99997,100,100116,100,99983,100,100134,100,99975,100,100158,100,99973,100,100168,100,99972,100,100516,100,99963,100
2019-06-28 09:38:14.241586538,100066,68,100028,368,100069,168,100020,168,100071,168,100019,176,100082,168,100006,168,100105,100,99997,100,100116,100,99983,100,100134,100,99975,100,100158,100,99973,100,100168,100,99972,100,100516,100,99963,100
2019-06-28 09:38:20.000000000,100069,192,100028,392,100071,190,100020,190,100082,190,100019,198,100105,100,100006,100,100116,100,99997,100,100134,100,99983,100,100158,100,99975,100,100168,100,99973,100,100516,100,99972,100,100575,100,99963,100
2019-06-28 09:38:20.691236305,100069,92,100028,392,100071,190,100020,190,100082,190,100019,198,100105,100,100006,100,100116,100,99997,100,100134,100,99983,100,100158,100,99975,100,100168,100,99973,100,100516,100,99972,100,100575,100,99963,100
2019-06-28 09:38:30.000000000,100071,236,100028,436,100082,236,100020,236,100105,100,100019,108,100116,100,100006,100,100134,100,99997,100,100158,100,99983,100,100168,100,99975,100,100516,100,99973,100,100575,100,99972,100,100632,100,99963,100
2019-06-28 09:38:30.101164598,100071,236,100066,100,100082,236,100028,436,100105,100,100020,236,100116,100,100019,108,100134,100,100006,100,100158,100,99997,100,100168,100,99983,100,100516,100,99975,100,100575,100,99973,100,100632,100,99972,100
2019-06-28 09:38:40.000000000,100071,372,100066,372,100082,100,100028,300,100105,100,100020,100,100116,100,100019,108,100134,100,100006,100,100158,100,99997,100,100168,100,99983,100,100516,100,99975,100,100575,100,99973,100,100632,100,99972,100
2019-06-28 09:38:41.405312532,100071,272,100066,372,100082,100,100028,300,100105,100,100020,100,100116,100,100019,108,100134,100,100006,100,100158,100,99997,100,100168,100,99983,100,100516,100,99975,100,100575,100,99973,100,100632,100,99972,100
2019-06-28 09:38:50.000000000,100082,154,100066,154,100105,154,100028,354,100116,154,100020,154,100134,154,100019,162,100158,154,100006,154,100168,100,99997,100,100516,100,99983,100,100575,100,99975,100,100632,100,99973,100,101566,100,99972,100
2019-06-28 09:39:00.000000000,100082,192,100066,192,100105,190,100028,390,100116,190,100020,190,100134,100,100019,108,100158,100,100006,100,100168,100,99997,100,100516,100,99983,100,100575,100,99975,100,100632,100,99973,100,101566,100,99972,100
2019-06-28 09:39:10.000000000,100082,372,100066,372,100105,100,100028,300,100116,100,100020,100,100134,100,100019,108,100158,100,100006,100,100168,100,99997,100,100516,100,99983,100,100575,100,99975,100,100632,100,99973,100,101566,100,99972,100
2019-06-28 09:39:18.434612582,100082,272,100066,372,100105,100,100028,300,100116,100,100020,100,100134,100,100019,108,100158,100,100006,100,100168,100,99997,100,100430,100,99983,100,100516,100,99975,100,100575,100,99973,100,100632,100,99972,100
2019-06-28 09:39:20.000000000,100105,236,100066,236,100116,236,100028,436,100134,100,100020,100,100158,100,100019,108,100168,100,100006,100,100430,100,99997,100,100516,100,99983,100,100575,100,99975,100,100632,100,99973,100,101566,100,99972,100
2019-06-28 09:39:25.087579965,100105,236,100066,236,100116,236,100028,436,100134,100,100020,100,100158,100,100019,108,100168,100,99997,100,100430,100,99983,100,100516,100,99975,100,100575,100,99973,100,100632,100,99972,100,101566,100,99963,100
2019-06-28 09:39:30.000000000,100105,372,100066,372,100116,100,100028,300,100134,100,100020,100,100158,100,100019,108,100168,100,99997,100,100430,100,99983,100,100516,100,99975,100,100575,100,99973,100,100632,100,99972,100,101566,100,99963,100
2019-06-28 09:39:33.743356192,100105,372,100069,100,100116,100,100066,372,100134,100,100028,300,100158,100,100020,100,100168,100,100019,108,100430,100,99997,100,100516,100,99983,100,100575,100,99975,100,100632,100,99972,100,101566,100,99963,100
2019-06-28 09:39:38.908386168,100105,372,100069,100,100116,100,100066,372,100134,100,100028,300,100158,100,100020,100,100168,100,100019,108,100339,100,99997,100,100430,100,99983,100,100516,100,99975,100,100575,100,99972,100,100632,100,99963,100
2019-06-28 09:39:40.000000000,100105,372,100069,372,100116,100,100066,100,100134,100,100028,300,100158,100,100020,100,100168,100,100019,108,100339,100,99997,100,100430,100,99983,100,100516,100,99975,100,100575,100,99972,100,100632,100,99963,100
2019-06-28 09:39:47.441174756,100105,272,100069,372,100116,100,100066,100,100134,100,100028,300,100158,100,100020,100,100168,100,100019,108,100339,100,99997,100,100371,100,99983,100,100430,100,99975,100,100516,100,99972,100,100575,100,99963,100
2019-06-28 09:39:49.195521504,100105,272,100071,100,100116,100,100069,372,100134,100,100066,100,100158,100,100028,300,100168,100,100020,100,100371,100,100019,108,100430,100,99997,100,100516,100,99983,100,100575,100,99975,100,100632,100,99972,100
2019-06-28 09:39:50.000000000,100116,154,100071,154,100134,154,100069,154,100158,154,100066,154,100168,154,100028,354,100371,154,100020,154,100430,100,100019,108,100516,100,99997,100,100575,100,99983,100,100632,100,99975,100,101566,100,99972,100
2019-06-28 09:40:00.000000000,100116,168,100071,168,100134,168,100069,168,100158,168,100066,168,100168,168,100028,368,100371,100,100020,100,100430,100,100019,108,100516,100,99997,100,100575,100,99983,100,100632,100,99975,100,101566,100,99972,100
2019-06-28 09:40:10.000000000,100116,168,100071,168,100134,168,100069,168,100158,168,100066,168,100168,168,100028,368,100371,100,100020,100,100430,100,100019,108,100516,100,99997,100,100575,100,99983,100,100632,100,99975,100,101566,100,99972,100
2019-06-28 09:40:20.000000000,100116,236,100071,236,100134,236,100069,236,100158,100,100066,100,100168,100,100028,300,100371,100,100020,100,100430,100,100019,108,100516,100,99997,100,100575,100,99983,100,100632,100,99975,100,101566,100,99972,100
2019-06-28 09:40:23.651910663,100116,236,100071,236,100134,236,100069,236,100158,100,100066,100,100168,100,100028,300,100371,100,100020,100,100430,100,100019,108,100516,100,99997,100,100575,100,99983,100,100632,100,99975,100,101566,100,99972,100
2019-06-28 09:40:26.245478800,100116,236,100071,236,100134,236,100069,236,100158,100,100066,100,100168,100,100028,300,100371,100,100020,100,100430,100,100019,108,100516,100,99997,100,100575,100,99983,100,100632,100,99975,100,101566,100,99972,100
2019-06-28 09:40:30.000000000,100116,168,100071,168,100134,168,100069,168,100158,168,100066,168,100168,168,100028,368,100371,100,100020,100,100430,100,100019,108,100516,100,99997,100,100575,100,99983,100,100632,100,99975,100,101566,100,99972,100
2019-06-28 09:40:38.855269326,100116,168,100071,168,100134,168,100069,168,100158,168,100066,168,100168,168,100028,368,100371,100,100020,100,100430,100,100019,108,100516,100,99997,100,100575,100,99983,100,100632,100,99975,100,101566,100,99972,100
2019-06-28 09:40:40.000000000,100116,168,100071,168,100134,168,100069,168,100158,168,100066,168,100168,168,100028,368,100371,100,100020,100,100430,100,100019,108,100516,100,99997,100,100575,100,99983,100,100632,100,99975,100,101566,100,99972,100
2019-06-28 09:40:50.000000000,100116,372,100071,372,100134,100,100069,100,100158,100,100066,100,100168,100,100028,300,100371,100,100020,100,100430,100,100019,108,100516,100,99997,100,100575,100,99983,100,100632,100,99975,100,101566,100,99972,100
2019-06-28 09:40:53.592266268,100116,372,100071,372,100134,100,100069,100,100158,100,100066,100,100168,100,100028,200,100371,100,100020,100,100430,100,100019,108,100516,100,99997,100,100575,100,99983,100,100632,100,99975,100,101566,100,99972,100
2019-06-28 09:41:00.000000000,100116,154,100071,154,100134,154,100069,154,100158,154,100066,154,100168,154,100028,254,100371,154,100020,154,100430,100,100019,108,100516,100,99997,100,100575,100,99983,100,100632,100,99975,100,101566,100,99972,100
2019-06-28 09:41:00.206863463,100116,154,100071,154,100122,100,100069,154,100134,154,100066,154,100158,154,100028,254,100168,154,100020,154,100371,154,100019,108,100430,100,99997,100,100516,100,99983,100,100575,100,99975,100,100632,100,99972,100
2019-06-28 09:41:10.000000000,100116,236,100071,236,100122,236,100069,236,100134,100,100066,100,100158,100,100028,200,100168,100,100020,100,100371,100,100019,108,100430,100,99997,100,100516,100,99983,100,100575,100,99975,100,100632,100,99972,100
2019-06-28 09:41:20.000000000,100116,372,100071,372,100122,100,100069,100,100134,100,100066,100,100158,100,100028,200,100168,100,100020,100,100371,100,100019,108,100430,100,99997,100,100516,100,99983,100,100575,100,99975,100,100632,100,99972,100
2019-06-28 09:41:30.000000000,100116,168,100071,168,100122,168,100069,168,100134,168,100066,168,100158,168,100028,268,100168,100,100020,100,100371,100,100019,108,100430,100,99997,100,100516,100,99983,100,100575,100,99975,100,100632,100,99972,100
2019-06-28 09:41:40.000000000,100116,236,100071,236,100122,236,100069,236,100134,100,100066,100,100158,100,100028,200,100168,100,100020,100,100371,100,100019,108,100430,100,99997,100,100516,100,99983,100,100575,100,99975,100,100632,100,99972,100
2019-06-28 09:41:50.000000000,100116,372,100071,372,100122,100,100069,100,100134,100,100066,100,100158,100,100028,200,100168,100,100020,100,100371,100,100019,108,100430,100,99997,100,100516,100,99983,100,100575,100,99975,100,100632,100,99972,100
2019-06-28 09:41:53.765465240,100116,372,100071,272,100122,100,100069,100,100134,100,100066,100,100158,100,100028,200,100168,100,100020,100,100371,100,100019,108,100430,100,99997,100,100516,100,99983,100,100575,100,99975,100,100632,100,99972,100
2019-06-28 09:41:58.055901368,100116,372,100071,272,100122,100,100069,100,100134,100,100066,100,100158,100,100028,200,100168,100,100020,100,100241,100,100019,108,100371,100,99997,100,100430,100,99983,100,100516,100,99975,100,100575,100,99972,100
2019-06-28 09:42:00.000000000,100116,236,100069,236,100122,236,100066,236,100134,100,100028,200,100158,100,100020,100,100168,100,100019,108,100241,100,99997,100,100371,100,99983,100,100430,100,99975,100,100516,100,99972,100,100575,100,99963,100
2019-06-28 09:42:10.000000000,100116,236,100069,236,100122,236,100066,236,100134,100,100028,200,100158,100,100020,100,100168,100,100019,108,100241,100,99997,100,100371,100,99983,100,100430,100,99975,100,100516,100,99972,100,100575,100,99963,100
2019-06-28 09:42:20.000000000,100116,236,100069,236,100122,236,100066,236,100134,100,100028,200,100158,100,100020,100,100168,100,100019,108,100241,100,99997,100,100371,100,99983,100,100430,100,99975,100,100516,100,99972,100,100575,100,99963,100
2019-06-28 09:42:30.000000000,100116,192,100069,192,100122,190,100066,190,100134,190,100028,290,100158,100,100020,100,100168,100,100019,108,100241,100,99997,100,100371,100,99983,100,100430,100,99975,100,100516,100,99972,100,100575,100,99963,100
2019-06-28 09:42:31.535434616,100116,192,100072,100,100122,190,100069,192,100134,190,100066,190,100158,100,100028,290,100168,100,100020,100,100241,100,100019,108,100371,100,99997,100,100430,100,99983,100,100516,100,99975,100,100575,100,99972,100
2019-06-28 09:42:40.000000000,100116,372,100072,372,100122,100,100069,100,100134,100,100066,100,100158,100,100028,200,100168,100,100020,100,100241,100,100019,108,100371,100,99997,100,100430,100,99983,100,100516,100,99975,100,100575,100,99972,100
2019-06-28 09:42:50.000000000,100116,168,100072,168,100122,168,100069,168,100134,168,100066,168,100158,168,100028,268,100168,100,100020,100,100241,100,100019,108,100371,100,99997,100,100430,100,99983,100,100516,100,99975,100,100575,100,99972,100
2019-06-28 09:43:00.000000000,100116,192,100072,192,100122,190,100069,190,100134,190,100066,190,100158,100,100028,200,100168,100,100020,100,100241,100,100019,108,100371,100,99997,100,100430,100,99983,100,100516,100,99975,100,100575,100,99972,100
2019-06-28 09:43:10.000000000,100116,192,100072,192,100122,190,100069,190,100134,190,100066,190,100158,100,100028,200,100168,100,100020,100,100241,100,100019,108,100371,100,99997,100,100430,100,99983,100,100516,100,99975,100,100575,100,99972,100
2019-06-28 09:43:20.000000000,100116,168,100072,168,100122,168,100069,168,100134,168,100066,168,100158,168,100028,268,100168,100,100020,100,100241,100,100019,108,100371,100,99997,100,100430,100,99983,100,100516,100,99975,100,100575,100,99972,100
2019-06-28 09:43:25.639681310,100116,168,100072,168,100122,168,100069,168,100134,168,100066,168,100158,168,100028,168,100168,100,100020,100,100241,100,100019,108,100371,100,99997,100,100430,100,99983,100,100516,100,99975,100,100575,100,99972,100
2019-06-28 09:43:26.730355575,100104,100,100072,168,100116,168,100069,168,100122,168,100066,168,100134,168,100028,168,100158,168,100020,100,100168,100,100019,108,100241,100,99997,100,100371,100,99983,100,100430,100,99975,100,100516,100,99972,100
2019-06-28 09:43:30.000000000,100104,192,100072,192,100116,190,100069,190,100122,190,100066,190,100134,100,100028,100,100158,100,100020,100,100168,100,100019,108,100241,100,99997,100,100371,100,99983,100,100430,100,99975,100,100516,100,99972,100
2019-06-28 09:43:34.282702972,100104,192,100072,192,100111,100,100069,190,100116,190,100066,190,100122,190,100028,100,100134,100,100020,100,100158,100,100019,108,100168,100,99997,100,100241,100,99983,100,100371,100,99975,100,100430,100,99972,100
2019-06-28 09:43:34.511451478,100104,192,100072,192,100111,100,100069,190,100116,190,100066,190,100122,190,100028,100,100134,100,100020,100,100158,100,100019,108,100168,100,99997,100,100169,100,99983,100,100241,100,99975,100,100371,100,99972,100
2019-06-28 09:43:39.393412402,100104,192,100072,92,100111,100,100069,190,100116,190,100066,190,100122,190,100028,100,100134,100,100020,100,100158,100,100019,108,100168,100,99997,100,100169,100,99983,100,100241,100,99975,100,100371,100,99972,100
2019-06-28 09:43:40.000000000,100104,192,100069,192,100111,190,100066,190,100116,190,100028,190,100122,100,100020,100,100134,100,100019,108,100158,100,99997,100,100168,100,99983,100,100169,100,99975,100,100241,100,99972,100,100371,100,99963,100
2019-06-28 09:43:48.935962534,100104,92,100069,192,100111,190,100066,190,100116,190,100028,190,100122,100,100020,100,100134,100,100019,108,100158,100,99997,100,100168,100,99983,100,100169,100,99975,100,100241,100,99972,100,100371,100,99963,100
2019-06-28 09:43:50.000000000,100111,154,100069,154,100116,154,100066,154,100122,154,100028,154,100134,154,100020,154,100158,154,100019,162,100168,100,99997,100,100169,100,99983,100,100241,100,99975,100,100371,100,99972,100,100430,100,99963,100
2019-06-28 09:43:50.844404762,100111,154,100069,54,100116,154,100066,154,100122,154,100028,154,100134,154,100020,154,100158,154,100019,162,100168,100,99997,100,100169,100,99983,100,100241,100,99975,100,100371,100,99972,100,100430,100,99963,100
2019-06-28 09:44:00.000000000,100111,236,100066,236,100116,236,100028,236,100122,100,100020,100,100134,100,100019,108,100158,100,99997,100,100168,100,99983,100,100169,100,99975,100,100241,100,99972,100,100371,100,99963,100,100430,100,99928,100
2019-06-28 09:44:10.000000000,100111,192,100066,192,100116,190,100028,190,100122,190,100020,190,100134,100,100019,108,100158,100,99997,100,100168,100,99983,100,100169,100,99975,100,100241,100,99972,100,100371,100,99963,100,100430,100,99928,100
2019-06-28 09:44:11.158451371,100072,100,100066,192,100111,192,100028,190,100116,190,100020,190,100122,190,100019,108,100134,100,99997,100,100158,100,99983,100,100168,100,99975,100,100169,100,99972,100,100241,100,99963,100,100371,100,99928,100
2019-06-28 09:44:20.000000000,100072,372,100066,372,100111,100,100028,100,100116,100,100020,100,100122,100,100019,108,100134,100,99997,100,100158,100,99983,100,100168,100,99975,100,100169,100,99972,100,100241,100,99963,100,100371,100,99928,100
2019-06-28 09:44:24.411675308,100072,372,100066,372,100111,100,100028,100,100116,100,100020,100,100122,100,100019,108,100134,100,99997,100,100158,100,99983,100,100168,100,99975,100,100169,100,99972,100,100241,100,99963,100,100312,100,99928,100
2019-06-28 09:44:30.000000000,100072,154,100066,154,100111,154,100028,154,100116,154,100020,154,100122,154,100019,162,100134,154,99997,154,100158,100,99983,100,100168,100,99975,100,100169,100,99972,100,100241,100,99963,100,100312,100,99928,100
2019-06-28 09:44:32.800237773,100072,154,100066,154,100111,154,100028,154,100116,154,100027,100,100122,154,100020,154,100134,154,100019,162,100158,100,99997,154,100168,100,99983,100,100169,100,99975,100,100241,100,99972,100,100312,100,99963,100
2019-06-28 09:44:40.000000000,100072,154,100066,154,100111,154,100028,154,100116,154,100027,154,100122,154,100020,154,100134,154,100019,162,100158,100,99997,100,100168,100,99983,100,100169,100,99975,100,100241,100,99972,100,100312,100,99963,100
2019-06-28 09:44:41.176390102,100072,154,100066,154,100111,154,100063,100,100116,154,100028,154,100122,154,100027,154,100134,154,100020,154,100158,100,100019,162,100168,100,99997,100,100169,100,99983,100,100241,100,99975,100,100312,100,99972,100
2019-06-28 09:44:45.383128118,100072,254,100066,154,100111,154,100063,100,100116,154,100028,154,100122,154,100027,154,100134,154,100020,154,100158,100,100019,162,100168,100,99997,100,100169,100,99983,100,100241,100,99975,100,100312,100,99972,100
2019-06-28 09:44:50.000000000,100072,336,100066,236,100111,236,100063,236,100116,100,100028,100,100122,100,100027,100,100134,100,100020,100,100158,100,100019,108,100168,100,99997,100,100169,100,99983,100,100241,100,99975,100,100312,100,99972,100
2019-06-28 09:45:00.000000000,100072,292,100066,192,100111,190,100063,190,100116,190,100028,190,100122,100,100027,100,100134,100,100020,100,100158,100,100019,108,100168,100,99997,100,100169,100,99983,100,100241,100,99975,100,100312,100,99972,100
2019-06-28 09:45:06.805473698,100072,292,100066,192,100111,190,100063,190,100116,190,100028,190,100122,100,100027,100,100133,100,100020,100,100134,100,100019,108,100158,100,99997,100,100168,100,99983,100,100169,100,99975,100,100241,100,99972,100
2019-06-28 09:45:07.098894183,100072,292,100066,192,100111,190,100063,190,100116,190,100028,190,100122,100,100027,100,100133,100,100020,100,100134,100,100019,108,100158,100,99997,100,100168,200,99983,100,100169,100,99975,100,100241,100,99972,100
2019-06-28 09:45:10.000000000,100072,268,100066,168,100111,168,100063,168,100116,168,100028,168,100122,168,100027,168,100133,100,100020,100,100134,100,100019,108,100158,100,99997,100,100168,200,99983,100,100169,100,99975,100,100241,100,99972,100
2019-06-28 09:45:20.000000000,100072,336,100066,236,100111,236,100063,236,100116,100,100028,100,100122,100,100027,100,100133,100,100020,100,100134,100,100019,108,100158,100,99997,100,100168,200,99983,100,100169,100,99975,100,100241,100,99972,100
2019-06-28 09:45:25.443126493,100072,336,100066,236,100111,236,100063,236,100116,100,100028,100,100122,100,100027,100,100133,100,100020,100,100134,100,100019,108,100158,100,100018,100,100168,200,99997,100,100169,100,99983,100,100241,100,99975,100
2019-06-28 09:45:28.068733328,100072,336,100066,236,100111,236,100063,236,100116,100,100028,100,100122,100,100027,100,100133,100,100020,100,100134,100,100019,108,100158,100,100018,100,100168,200,99997,100,100169,100,99993,100,100241,100,99983,100
2019-06-28 09:45:30.000000000,100072,472,100066,372,100111,100,100063,100,100116,100,100028,100,100122,100,100027,100,100133,100,100020,100,100134,100,100019,108,100158,100,100018,100,100168,200,99997,100,100169,100,99993,100,100241,100,99983,100
2019-06-28 09:45:40.000000000,100072,336,100066,236,100111,236,100063,236,100116,100,100028,100,100122,100,100027,100,100133,100,100020,100,100134,100,100019,108,100158,100,100018,100,100168,200,99997,100,100169,100,99993,100,100241,100,99983,100
2019-06-28 09:45:50.000000000,100072,292,100066,192,100111,190,100063,190,100116,190,100028,190,100122,100,100027,100,100133,100,100020,100,100134,100,100019,108,100158,100,100018,100,100168,200,99997,100,100169,100,99993,100,100241,100,99983,100
2019-06-28 09:46:00.000000000,100072,268,100066,168,100111,168,100063,168,100116,168,100028,168,100122,168,100027,168,100133,100,100020,100,100134,100,100019,108,100158,100,100018,100,100168,200,99997,100,100169,100,99993,100,100241,100,99983,100
2019-06-28 09:46:10.000000000,100072,472,100066,372,100111,100,100063,100,100116,100,100028,100,100122,100,100027,100,100133,100,100020,100,100134,100,100019,108,100158,100,100018,100,100168,200,99997,100,100169,100,99993,100,100241,100,99983,100
2019-06-28 09:46:20.000000000,100072,292,100066,192,100111,190,100063,190,100116,190,100028,190,100122,100,100027,100,100133,100,100020,100,100134,100,100019,108,100158,100,100018,100,100168,200,99997,100,100169,100,99993,100,100241,100,99983,100
2019-06-28 09:46:28.413263447,100072,292,100066,192,100111,190,100063,190,100116,190,100028,190,100122,100,100027,100,100133,100,100020,100,100134,100,100019,108,100158,100,100018,100,100168,200,99997,100,100169,100,99993,100,100241,100,99983,100
2019-06-28 09:46:29.853634423,100072,192,100066,192,100111,190,100063,190,100116,190,100028,190,100122,100,100027,100,100133,100,100020,100,100134,100,100019,108,100158,100,100018,100,100168,200,99997,100,100169,100,99993,100,100241,100,99983,100
2019-06-28 09:46:30.000000000,100072,168,100066,168,100111,168,100063,168,100116,168,100028,168,100122,168,100027,168,100133,100,100020,100,100134,100,100019,108,100158,100,100018,100,100168,200,99997,100,100169,100,99993,100,100241,100,99983,100
2019-06-28 09:46:40.000000000,100072,192,100066,192,100111,190,100063,190,100116,190,100028,190,100122,100,100027,100,100133,100,100020,100,100134,100,100019,108,100158,100,100018,100,100168,200,99997,100,100169,100,99993,100,100241,100,99983,100
2019-06-28 09:46:40.344249576,100072,92,100070,100,100111,190,100066,192,100116,190,100063,190,100122,100,100028,190,100133,100,100027,100,100134,100,100020,100,100158,100,100019,108,100168,200,100018,100,100169,100,99997,100,100241,100,99993,100
2019-06-28 09:46:50.000000000,100111,236,100070,236,100116,236,100066,236,100122,100,100063,100,100133,100,100028,100,100134,100,100027,100,100158,100,100020,100,100168,200,100019,108,100169,100,100018,100,100241,100,99997,100,100312,100,99993,100
2019-06-28 09:47:00.000000000,100111,168,100070,168,100116,168,100066,168,100122,168,100063,168,100133,168,100028,168,100134,100,100027,100,100158,100,100020,100,100168,200,100019,108,100169,100,100018,100,100241,100,99997,100,100312,100,99993,100
2019-06-28 09:47:10.000000000,100111,168,100070,168,100116,168,100066,168,100122,168,100063,168,100133,168,100028,168,100134,100,100027,100,100158,100,100020,100,100168,200,100019,108,100169,100,100018,100,100241,100,99997,100,100312,100,99993,100
2019-06-28 09:47:20.000000000,100111,236,100070,236,100116,236,100066,236,100122,100,100063,100,100133,100,100028,100,100134,100,100027,100,100158,100,100020,100,100168,200,100019,108,100169,100,100018,100,100241,100,99997,100,100312,100,99993,100
2019-06-28 09:47:30.000000000,100111,192,100070,192,100116,190,100066,190,100122,190,100063,190,100133,100,100028,100,100134,100,100027,100,100158,100,100020,100,100168,200,100019,108,100169,100,100018,100,100241,100,99997,100,100312,100,99993,100
2019-06-28 09:47:31.238086407,100111,92,100070,192,100116,190,100066,190,100122,190,100063,190,100133,100,100028,100,100134,100,100027,100,100158,100,100020,100,100168,200,100019,108,100169,100,100018,100,100241,100,99997,100,100312,100,99993,100
2019-06-28 09:47:37.066085146,100111,92,100070,192,100116,190,100066,190,100122,190,100063,190,100133,100,100028,100,100134,100,100027,100,100158,100,100020,100,100168,200,100019,108,100169,100,100018,100,100241,100,99997,100,100312,100,99993,100
2019-06-28 09:47:40.000000000,100116,372,100070,372,100122,100,100066,100,100133,100,100063,100,100134,100,100028,100,100158,100,100027,100,100168,200,100020,100,100169,100,100019,108,100241,100,100018,100,100312,100,99997,100,100371,100,99993,100
2019-06-28 09:47:50.000000000,100116,236,100070,236,100122,236,100066,236,100133,100,100063,100,100134,100,100028,100,100158,100,100027,100,100168,200,100020,100,100169,100,100019,108,100241,100,100018,100,100312,100,99997,100,100371,100,99993,100
2019-06-28 09:47:58.374957095,100116,136,100070,236,100122,236,100066,236,100133,100,100063,100,100134,100,100028,100,100158,100,100020,100,100168,200,100019,108,100169,100,100018,100,100241,100,99997,100,100312,100,99993,100,100371,100,99983,100
2019-06-28 09:48:00.000000000,100122,168,100070,168,100133,168,100066,168,100134,168,100063,168,100158,168,100028,168,100168,200,100020,100,100169,100,100019,108,100241,100,100018,100,100312,100,99997,100,100371,100,99993,100,100430,100,99983,100
2019-06-28 09:48:10.000000000,100122,372,100070,372,100133,100,100066,100,100134,100,100063,100,100158,100,100028,100,100168,200,100020,100,100169,100,100019,108,100241,100,100018,100,100312,100,99997,100,100371,100,99993,100,100430,100,99983,100
2019-06-28 09:48:12.139809639,100122,372,100072,100,100133,100,100070,372,100134,100,100066,100,100158,100,100063,100,100168,200,100028,100,100169,100,100020,100,100241,100,100019,108,100312,100,100018,100,100371,100,99997,100,100430,100,99993,100
2019-06-28 09:48:20.000000000,100122,236,100072,236,100133,236,100070,236,100134,100,100066,100,100158,100,100063,100,100168,200,100028,100,100169,100,100020,100,100241,100,100019,108,100312,100,100018,100,100371,100,99997,100,100430,100,99993,100
2019-06-28 09:48:21.913345882,100122,236,100072,236,100133,236,100070,236,100134,100,100066,100,100158,100,100063,100,100168,200,100028,100,100169,100,100020,100,100241,100,100019,100,100312,100,100018,100,100371,100,99997,100,100430,100,99993,100
2019-06-28 09:48:30.000000000,100122,192,100072,192,100133,190,100070,190,100134,190,100066,190,100158,100,100063,100,100168,200,100028,100,100169,100,100020,100,100241,100,100019,100,100312,100,100018,100,100371,100,99997,100,100430,100,99993,100
2019-06-28 09:48:30.526964155,100122,92,100072,192,100133,190,100070,190,100134,190,100066,190,100158,100,100063,100,100168,200,100028,100,100169,100,100020,100,100312,100,100019,100,100371,100,100018,100,100430,100,99997,100,100632,100,99993,100
2019-06-28 09:48:40.000000000,100133,168,100072,168,100134,168,100070,168,100158,168,100066,168,100168,268,100063,168,100169,100,100028,100,100312,100,100020,100,100371,100,100019,100,100430,100,100018,100,100632,100,99997,100,100712,100,99993,100
2019-06-28 09:48:45.639780163,100133,68,100072,168,100134,168,100070,168,100158,168,100066,168,100168,268,100063,168,100169,100,100028,100,100312,100,100020,100,100371,100,100019,100,100430,100,100018,100,100632,100,99997,100,100712,100,99993,100
2019-06-28 09:48:50.000000000,100134,168,100072,168,100158,168,100070,168,100168,268,100066,168,100169,168,100063,168,100312,100,100028,100,100371,100,100020,100,100430,100,100019,100,100632,100,100018,100,100712,100,99997,100,100809,100,99993,100
2019-06-28 09:48:58.160022157,100158,168,100134,32,100168,268,100072,168,100169,168,100070,168,100312,100,100066,168,100371,100,100063,168,100430,100,100028,100,100632,100,100020,100,100712,100,100019,100,100809,100,100018,100,101145,100,99997,100
2019-06-28 09:49:00.000000000,100158,154,100134,86,100168,254,100072,154,100169,154,100070,154,100312,154,100066,154,100371,154,100063,154,100430,100,100028,100,100632,100,100020,100,100712,100,100019,100,100809,100,100018,100,101145,100,99997,100
2019-06-28 09:49:04.279583826,100158,54,100134,86,100168,254,100072,154,100169,154,100070,154,100312,154,100066,154,100371,154,100063,154,100430,100,100028,100,100632,100,100020,100,100712,100,100019,100,100809,100,100018,100,101145,100,99997,100
2019-06-28 09:49:06.272514450,100168,254,100158,46,100169,154,100134,86,100312,154,100072,154,100371,154,100070,154,100430,100,100066,154,100632,100,100063,154,100712,100,100028,100,100809,100,100020,100,101145,100,100019,100,101566,100,100018,100
2019-06-28 09:49:10.000000000,100168,472,100158,318,100169,100,100134,32,100312,100,100072,100,100371,100,100070,100,100430,100,100066,100,100632,100,100063,100,100712,100,100028,100,100809,100,100020,100,101145,100,100019,100,101566,100,100018,100
2019-06-28 09:49:20.000000000,100168,336,100158,182,100169,236,100134,168,100312,100,100072,100,100371,100,100070,100,100430,100,100066,100,100632,100,100063,100,100712,100,100028,100,100809,100,100020,100,101145,100,100019,100,101566,100,100018,100
2019-06-28 09:49:30.000000000,100168,472,100158,318,100169,100,100134,32,100312,100,100072,100,100371,100,100070,100,100430,100,100066,100,100632,100,100063,100,100712,100,100028,100,100809,100,100020,100,101145,100,100019,100,101566,100,100018,100
2019-06-28 09:49:38.048561038,100168,472,100158,318,100169,100,100134,32,100312,100,100072,100,100371,100,100070,100,100430,100,100066,100,100632,100,100063,100,100712,100,100028,100,100809,100,100020,100,101145,100,100019,100,101566,100,100018,100
2019-06-28 09:49:40.000000000,100168,268,100158,114,100169,168,100134,100,100312,168,100072,168,100371,168,100070,168,100430,100,100066,100,100632,100,100063,100,100712,100,100028,100,100809,100,100020,100,101145,100,100019,100,101566,100,100018,100
2019-06-28 09:49:50.000000000,100168,292,100158,138,100169,190,100134,122,100312,190,100072,190,100371,100,100070,100,100430,100,100066,100,100632,100,100063,100,100712,100,100028,100,100809,100,100020,100,101145,100,100019,100,101566,100,100018,100
2019-06-28 09:49:55.388034244,100168,192,100158,138,100169,190,100134,122,100312,190,100072,190,100371,100,100070,100,100430,100,100066,100,100632,100,100063,100,100712,100,100028,100,100809,100,100020,100,101145,100,100019,100,101566,100,100018,100
2019-06-28 09:50:00.000000000,100168,372,100158,318,100169,100,100134,32,100312,100,100072,100,100371,100,100070,100,100430,100,100066,100,100632,100,100063,100,100712,100,100028,100,100809,100,100020,100,101145,100,100019,100,101566,100,100018,100
2019-06-28 09:50:10.000000000,100168,192,100158,138,100169,190,100134,122,100312,190,100072,190,100371,100,100070,100,100430,100,100066,100,100632,100,100063,100,100712,100,100028,100,100809,100,100020,100,101145,100,100019,100,101566,100,100018,100
2019-06-28 09:50:11.974246429,100168,192,100159,100,100169,190,100158,138,100312,190,100134,122,100371,100,100072,190,100430,100,100070,100,100632,100,100066,100,100712,100,100063,100,100809,100,100028,100,101145,100,100020,100,101566,100,100019,100
2019-06-28 09:50:18.678586433,100168,192,100159,200,100169,190,100158,138,100312,190,100134,122,100371,100,100072,190,100430,100,100070,100,100632,100,100066,100,100712,100,100063,100,100809,100,100028,100,101145,100,100020,100,101566,100,100019,100
2019-06-28 09:50:20.000000000,100168,154,100159,254,100169,154,100158,100,100312,154,100134,86,100371,154,100072,154,100430,154,100070,154,100632,100,100066,100,100712,100,100063,100,100809,100,100028,100,101145,100,100020,100,101566,100,100019,100
2019-06-28 09:50:27.884421566,100168,154,100159,254,100169,154,100158,100,100312,154,100134,86,100371,154,100072,154,100430,154,100070,154,100632,100,100066,100,100712,100,100063,100,100809,100,100028,100,101145,100,100020,100,101708,100,100019,100
2019-06-28 09:50:30.000000000,100168,192,100159,292,100169,190,100158,136,100312,190,100134,122,100371,100,100072,100,100430,100,100070,100,100632,100,100066,100,100712,100,100063,100,100809,100,100028,100,101145,100,100020,100,101708,100,100019,100
2019-06-28 09:50:40.000000000,100168,168,100159,268,100169,168,100158,114,100312,168,100134,100,100371,168,100072,168,100430,100,100070,100,100632,100,100066,100,100712,100,100063,100,100809,100,100028,100,101145,100,100020,100,101708,100,100019,100
2019-06-28 09:50:50.000000000,100168,372,100159,472,100169,100,100158,46,100312,100,100134,32,100371,100,100072,100,100430,100,100070,100,100632,100,100066,100,100712,100,100063,100,100809,100,100028,100,101145,100,100020,100,101708,100,100019,100
2019-06-28 09:50:53.832160772,100168,272,100159,472,100169,100,100158,46,100312,100,100134,32,100371,100,100072,100,100430,100,100070,100,100632,100,100066,100,100712,100,100063,100,100809,100,100028,100,101145,100,100020,100,101708,100,100019,100
2019-06-28 09:50:58.500071306,100168,272,100159,472,100169,100,100158,46,100312,100,100134,32,100371,100,100072,100,100430,100,100070,100,100632,100,100066,100,100712,100,100063,100,100809,100,100028,100,101145,100,100020,100,101479,100,100019,100
2019-06-28 09:51:00.000000000,100169,192,100159,292,100312,190,100158,136,100371,190,100134,122,100430,100,100072,100,100632,100,100070,100,100712,100,100066,100,100809,100,100063,100,101145,100,100028,100,101479,100,100020,100,101708,100,100019,100
2019-06-28 09:51:10.000000000,100169,236,100159,336,100312,236,100158,182,100371,100,100134,32,100430,100,100072,100,100632,100,100070,100,100712,100,100066,100,100809,100,100063,100,101145,100,100028,100,101479,100,100020,100,101708,100,100019,100
2019-06-28 09:51:12.876986458,100169,136,100159,336,100312,236,100158,182,100371,100,100134,32,100430,100,100072,100,100632,100,100070,100,100712,100,100066,100,100809,100,100063,100,101145,100,100028,100,101479,100,100020,100,101708,100,100019,100
2019-06-28 09:51:16.840572938,100169,36,100159,336,100312,236,100158,182,100371,100,100134,32,100430,100,100072,100,100632,100,100070,100,100712,100,100066,100,100809,100,100063,100,101145,100,100028,100,101479,100,100020,100,101708,100,100019,100
2019-06-28 09:51:19.548358139,100169,36,100159,336,100312,236,100158,182,100371,100,100134,32,100430,100,100072,100,100632,100,100066,100,100712,100,100063,100,100809,100,100028,100,101145,100,100020,100,101479,100,100019,100,101708,100,100018,100
2019-06-28 09:51:20.000000000,100312,236,100159,336,100371,236,100158,182,100430,100,100134,32,100632,100,100072,100,100712,100,100066,100,100809,100,100063,100,101145,100,100028,100,101479,100,100020,100,101708,100,100019,100,101894,100,100018,100
2019-06-28 09:51:29.564056280,100312,136,100159,336,100371,236,100158,182,100430,100,100134,32,100632,100,100072,100,100712,100,100066,100,100809,100,100063,100,101145,100,100028,100,101479,100,100020,100,101708,100,100019,100,101894,100,100018,100
2019-06-28 09:51:30.000000000,100371,192,100159,292,100430,190,100158,136,100632,190,100134,122,100712,100,100072,100,100809,100,100066,100,101145,100,100063,100,101479,100,100028,100,101708,100,100020,100,101894,100,100019,100,,,100018,100
2019-06-28 09:51:30.079136631,100371,192,100169,100,100430,190,100159,292,100632,190,100158,136,100712,100,100134,122,100809,100,100072,100,101145,100,100066,100,101479,100,100063,100,101708,100,100028,100,101894,100,100020,100,,,100019,100
2019-06-28 09:51:40.000000000,100371,154,100169,154,100430,154,100159,254,100632,154,100158,100,100712,154,100134,86,100809,154,100072,154,101145,100,100066,100,101479,100,100063,100,101708,100,100028,100,101894,100,100020,100,,,100019,100
2019-06-28 09:51:46.625848668,100371,154,100169,154,100430,154,100159,254,100632,154,100158,100,100712,154,100134,86,100809,154,100072,154,101145,100,100066,100,101255,100,100063,100,101479,100,100028,100,101708,100,100020,100,101894,100,100019,100
2019-06-28 09:51:50.000000000,100371,236,100169,236,100430,236,100159,336,100632,100,100158,46,100712,100,100134,32,100809,100,100072,100,101145,100,100066,100,101255,100,100063,100,101479,100,100028,100,101708,100,100020,100,101894,100,100019,100
2019-06-28 09:52:00.000000000,100371,168,100169,168,100430,168,100159,268,100632,168,100158,114,100712,168,100134,100,100809,100,100072,100,101145,100,100066,100,101255,100,100063,100,101479,100,100028,100,101708,100,100020,100,101894,100,100019,100
2019-06-28 09:52:10.000000000,100371,168,100169,168,100430,168,100159,268,100632,168,100158,114,100712,168,100134,100,100809,100,100072,100,101145,100,100066,100,101255,100,100063,100,101479,100,100028,100,101708,100,100020,100,101894,100,100019,100
2019-06-28 09:52:20.000000000,100371,168,100169,168,100430,168,100159,268,100632,168,100158,114,100712,168,100134,100,100809,100,100072,100,101145,100,100066,100,101255,100,100063,100,101479,100,100028,100,101708,100,100020,100,101894,100,100019,100
2019-06-28 09:52:30.000000000,100371,372,100169,372,100430,100,100159,200,100632,100,100158,46,100712,100,100134,32,100809,100,100072,100,101145,100,100066,100,101255,100,100063,100,101479,100,100028,100,101708,100,100020,100,101894,100,100019,100
2019-06-28 09:52:39.606515527,100371,372,100169,372,100430,100,100159,200,100632,100,100158,46,100712,100,100134,32,100809,100,100072,100,101145,100,100066,100,101255,100,100063,100,101479,100,100028,100,101707,100,100020,100,101708,100,100019,100
2019-06-28 09:52:39.785861102,100371,372,100169,472,100430,100,100159,100,100632,100,100158,46,100712,100,100134,32,100809,100,100072,100,101145,100,100066,100,101255,100,100063,100,101479,100,100028,100,101707,100,100020,100,101708,100,100019,100
2019-06-28 09:52:40.000000000,100371,236,100169,336,100430,236,100159,236,100632,100,100158,46,100712,100,100134,32,100809,100,100072,100,101145,100,100066,100,101255,100,100063,100,101479,100,100028,100,101707,100,100020,100,101708,100,100019,100
2019-06-28 09:52:50.000000000,100371,154,100169,254,100430,154,100159,154,100632,154,100158,100,100712,154,100134,86,100809,154,100072,154,101145,100,100066,100,101255,100,100063,100,101479,100,100028,100,101707,100,100020,100,101708,100,100019,100
2019-06-28 09:53:00.000000000,100371,236,100169,336,100430,236,100159,236,100632,100,100158,46,100712,100,100134,32,100809,100,100072,100,101145,100,100066,100,101255,100,100063,100,101479,100,100028,100,101707,100,100020,100,101708,100,100019,100
2019-06-28 09:53:02.545612982,100371,236,100169,336,100430,236,100159,236,100632,100,100158,46,100712,100,100134,32,100809,100,100072,100,101145,100,100066,100,101255,100,100063,100,101435,100,100028,100,101479,100,100020,100,101707,100,100019,100
2019-06-28 09:53:10.000000000,100371,154,100169,254,100430,154,100159,154,100632,154,100158,100,100712,154,100134,86,100809,154,100072,154,101145,100,100066,100,101255,100,100063,100,101435,100,100028,100,101479,100,100020,100,101707,100,100019,100
2019-06-28 09:53:15.058791746,100371,154,100169,354,100430,154,100159,154,100632,154,100158,100,100712,154,100134,86,100809,154,100072,154,101145,100,100066,100,101255,100,100063,100,101435,100,100028,100,101479,100,100020,100,101707,100,100019,100
2019-06-28 09:53:17.218489185,100371,154,100169,354,100430,154,100159,154,100632,154,100158,100,100712,154,100134,86,100809,154,100072,154,101086,100,100066,100,101145,100,100063,100,101255,100,100028,100,101435,100,100020,100,101479,100,100019,100
2019-06-28 09:53:20.000000000,100371,154,100169,354,100430,154,100159,154,100632,154,100158,100,100712,154,100134,86,100809,154,100072,154,101086,100,100066,100,101145,100,100063,100,101255,100,100028,100,101435,100,100020,100,101479,100,100019,100
2019-06-28 09:53:30.000000000,100371,168,100169,368,100430,168,100159,168,100632,168,100158,114,100712,168,100134,100,100809,100,100072,100,101086,100,100066,100,101145,100,100063,100,101255,100,100028,100,101435,100,100020,100,101479,100,100019,100
2019-06-28 09:53:40.000000000,100371,154,100169,354,100430,154,100159,154,100632,154,100158,100,100712,154,100134,86,100809,154,100072,154,101086,100,100066,100,101145,100,100063,100,101255,100,100028,100,101435,100,100020,100,101479,100,100019,100
2019-06-28 09:53:50.000000000,100371,236,100169,436,100430,236,100159,236,100632,100,100158,46,100712,100,100134,32,100809,100,100072,100,101086,100,100066,100,101145,100,100063,100,101255,100,100028,100,101435,100,100020,100,101479,100,100019,100
2019-06-28 09:53:55.422307073,100371,136,100169,436,100430,236,100159,236,100632,100,100158,46,100712,100,100134,32,100809,100,100072,100,101086,100,100066,100,101145,100,100063,100,101255,100,100028,100,101435,100,100020,100,101479,100,100019,100
2019-06-28 09:54:00.000000000,100430,192,100169,392,100632,190,100159,190,100712,190,100158,136,100809,100,100134,32,101086,100,100072,100,101145,100,100066,100,101255,100,100063,100,101435,100,100028,100,101479,100,100020,100,101707,100,100019,100
2019-06-28 09:54:01.971696151,100430,192,100169,392,100632,190,100159,190,100712,190,100158,136,100809,100,100134,32,101086,100,100072,100,101145,100,100066,100,101255,100,100063,100,101408,100,100028,100,101435,100,100020,100,101479,100,100019,100
2019-06-28 09:54:03.186842168,100430,192,100169,392,100632,190,100159,190,100712,190,100158,136,100809,100,100134,32,101086,100,100072,100,101145,100,100066,100,101255,100,100063,100,101408,100,100028,100,101435,100,100020,100,101479,100,100019,100
2019-06-28 09:54:10.000000000,100430,192,100169,392,100632,190,100159,190,100712,190,100158,136,100809,100,100134,32,101086,100,100072,100,101145,100,100066,100,101255,100,100063,100,101408,100,100028,100,101435,100,100020,100,101479,100,100019,100
2019-06-28 09:54:20.000000000,100430,168,100169,368,100632,168,100159,168,100712,168,100158,114,100809,168,100134,100,101086,100,100072,100,101145,100,100066,100,101255,100,100063,100,101408,100,100028,100,101435,100,100020,100,101479,100,100019,100
2019-06-28 09:54:21.300714520,100430,168,100312,100,100632,168,100169,368,100712,168,100159,168,100809,168,100158,114,101086,100,100134,100,101145,100,100072,100,101255,100,100066,100,101408,100,100063,100,101435,100,100028,100,101479,100,100020,100
2019-06-28 09:54:30.000000000,100430,372,100312,372,100632,100,100169,300,100712,100,100159,100,100809,100,100158,46,101086,100,100134,32,101145,100,100072,100,101255,100,100066,100,101408,100,100063,100,101435,100,100028,100,101479,100,100020,100
2019-06-28 09:54:40.000000000,100430,372,100312,372,100632,100,100169,300,100712,100,100159,100,100809,100,100158,46,101086,100,100134,32,101145,100,100072,100,101255,100,100066,100,101408,100,100063,100,101435,100,100028,100,101479,100,100020,100
2019-06-28 09:54:50.000000000,100430,192,100312,192,100632,190,100169,390,100712,190,100159,190,100809,100,100158,46,101086,100,100134,32,101145,100,100072,100,101255,100,100066,100,101408,100,100063,100,101435,100,100028,100,101479,100,100020,100
2019-06-28 09:55:00.000000000,100430,168,100312,168,100632,168,100169,368,100712,168,100159,168,100809,168,100158,114,101086,100,100134,32,101145,100,100072,100,101255,100,100066,100,101408,100,100063,100,101435,100,100028,100,101479,100,100020,100
2019-06-28 09:55:10.000000000,100430,192,100312,192,100632,190,100169,390,100712,190,100159,190,100809,100,100158,46,101086,100,100134,32,101145,100,100072,100,101255,100,100066,100,101408,100,100063,100,101435,100,100028,100,101479,100,100020,100
2019-06-28 09:55:20.000000000,100430,236,100312,236,100632,236,100169,436,100712,100,100159,100,100809,100,100158,46,101086,100,100134,32,101145,100,100072,100,101255,100,100066,100,101408,100,100063,100,101435,100,100028,100,101479,100,100020,100
2019-06-28 09:55:22.743341557,100430,236,100312,336,100632,236,100169,436,100712,100,100159,100,100809,100,100158,46,101086,100,100134,32,101145,100,100072,100,101255,100,100066,100,101408,100,100063,100,101435,100,100028,100,101479,100,100020,100
2019-06-28 09:55:27.127085544,100430,136,100312,336,100632,236,100169,436,100712,100,100159,100,100809,100,100158,46,101086,100,100134,32,101145,100,100072,100,101255,100,100066,100,101408,100,100063,100,101435,100,100028,100,101479,100,100020,100
2019-06-28 09:55:30.000000000,100632,192,100312,292,100712,190,100169,390,100809,190,100159,190,101086,100,100158,46,101145,100,100134,32,101255,100,100072,100,101408,100,100066,100,101435,100,100063,100,101479,100,100028,100,101497,100,100020,100
2019-06-28 09:55:35.984476490,100632,92,100312,292,100712,190,100169,390,100809,190,100159,190,101086,100,100158,46,101145,100,100134,32,101255,100,100072,100,101408,100,100066,100,101435,100,100063,100,101479,100,100028,100,101497,100,100020,100
2019-06-28 09:55:40.000000000,100712,192,100312,292,100809,190,100169,390,101086,190,100159,190,101145,100,100158,46,101255,100,100134,32,101408,100,100072,100,101435,100,100066,100,101479,100,100063,100,101497,100,100028,100,101707,100,100020,100
2019-06-28 09:55:48.101388224,100712,192,100312,292,100809,190,100169,390,101086,190,100159,190,101145,100,100158,46,101239,100,100072,100,101255,100,100066,100,101408,100,100063,100,101435,100,100028,100,101479,100,100020,100,101497,100,100019,100
2019-06-28 09:55:50.000000000,100712,154,100312,254,100809,154,100169,354,101086,154,100159,154,101145,154,100158,100,101239,154,100072,154,101255,100,100066,100,101408,100,100063,100,101435,100,100028,100,101479,100,100020,100,101497,100,100019,100
2019-06-28 09:56:00.000000000,100712,192,100312,292,100809,190,100169,390,101086,190,100159,190,101145,100,100158,46,101239,100,100072,100,101255,100,100066,100,101408,100,100063,100,101435,100,100028,100,101479,100,100020,100,101497,100,100019,100
2019-06-28 09:56:10.000000000,100712,168,100312,268,100809,168,100169,368,101086,168,100159,168,101145,168,100158,114,101239,100,100072,100,101255,100,100066,100,101408,100,100063,100,101435,100,100028,100,101479,100,100020,100,101497,100,100019,100
2019-06-28 09:56:13.844573802,100712,68,100312,268,100809,168,100169,368,101086,168,100159,168,101145,168,100158,114,101239,100,100072,100,101255,100,100066,100,101408,100,100063,100,101435,100,100028,100,101479,100,100020,100,101497,100,100019,100
2019-06-28 09:56:20.000000000,100809,168,100312,268,101086,168,100169,368,101145,168,100159,168,101239,168,100158,114,101255,100,100072,100,101408,100,100066,100,101435,100,100063,100,101479,100,100028,100,101497,100,100020,100,101707,100,100019,100
2019-06-28 09:56:26.198104191,100809,68,100312,268,101086,168,100169,368,101145,168,100159,168,101239,168,100158,114,101255,100,100072,100,101408,100,100066,100,101435,100,100063,100,101479,100,100028,100,101497,100,100020,100,101707,100,100019,100
2019-06-28 09:56:30.000000000,101086,168,100312,268,101145,168,100169,368,101239,168,100159,168,101255,168,100158,114,101408,100,100072,100,101435,100,100066,100,101479,100,100063,100,101497,100,100028,100,101707,100,100020,100,101708,100,100019,100
2019-06-28 09:56:34.065413878,101051,100,100312,268,101086,168,100169,368,101145,168,100159,168,101239,168,100158,114,101255,168,100072,100,101408,100,100066,100,101435,100,100063,100,101479,100,100028,100,101497,100,100020,100,101707,100,100019,100
2019-06-28 09:56:40.000000000,101051,236,100312,336,101086,236,100169,436,101145,100,100159,100,101239,100,100158,46,101255,100,100072,100,101408,100,100066,100,101435,100,100063,100,101479,100,100028,100,101497,100,100020,100,101707,100,100019,100
2019-06-28 09:56:43.755118169,101051,236,100712,100,101086,236,100312,336,101145,100,100169,436,101239,100,100159,100,101255,100,100158,46,101408,100,100072,100,101435,100,100066,100,101479,100,100063,100,101497,100,100028,100,101707,100,100020,100
2019-06-28 09:56:50.000000000,101051,236,100712,236,101086,236,100312,336,101145,100,100169,300,101239,100,100159,100,101255,100,100158,46,101408,100,100072,100,101435,100,100066,100,101479,100,100063,100,101497,100,100028,100,101707,100,100020,100
2019-06-28 09:57:00.000000000,101051,236,100712,236,101086,236,100312,336,101145,100,100169,300,101239,100,100159,100,101255,100,100158,46,101408,100,100072,100,101435,100,100066,100,101479,100,100063,100,101497,100,100028,100,101707,100,100020,100
2019-06-28 09:57:04.034486209,101051,136,100712,236,101086,236,100312,336,101145,100,100169,300,101239,100,100159,100,101255,100,100158,46,101408,100,100072,100,101435,100,100066,100,101479,100,100063,100,101497,100,100028,100,101708,100,100020,100
2019-06-28 09:57:10.000000000,101086,154,100712,154,101145,154,100312,254,101239,154,100169,354,101255,154,100159,154,101408,154,100158,100,101435,100,100072,100,101479,100,100066,100,101497,100,100063,100,101708,100,100028,100,101894,100,100020,100
2019-06-28 09:57:13.288691061,101086,154,100797,100,101145,154,100712,154,101239,154,100312,254,101255,154,100169,354,101408,154,100159,154,101435,100,100158,100,101479,100,100072,100,101497,100,100066,100,101708,100,100063,100,101894,100,100028,100
2019-06-28 09:57:18.229752767,101011,100,100797,100,101086,154,100712,154,101145,154,100312,254,101239,154,100169,354,101255,154,100159,154,101408,154,100158,100,101435,100,100072,100,101479,100,100066,100,101497,100,100063,100,101708,100,100028,100
2019-06-28 09:57:20.000000000,101011,168,100797,168,101086,168,100712,168,101145,168,100312,268,101239,168,100169,368,101255,100,100159,100,101408,100,100158,46,101435,100,100072,100,101479,100,100066,100,101497,100,100063,100,101708,100,100028,100
2019-06-28 09:57:30.000000000,101011,372,100797,372,101086,100,100712,100,101145,100,100312,200,101239,100,100169,300,101255,100,100159,100,101408,100,100158,46,101435,100,100072,100,101479,100,100066,100,101497,100,100063,100,101708,100,100028,100
2019-06-28 09:57:40.000000000,101011,372,100797,372,101086,100,100712,100,101145,100,100312,200,101239,100,100169,300,101255,100,100159,100,101408,100,100158,46,101435,100,100072,100,101479,100,100066,100,101497,100,100063,100,101708,100,100028,100
2019-06-28 09:57:50.000000000,101011,154,100797,154,101086,154,100712,154,101145,154,100312,254,101239,154,100169,354,101255,154,100159,154,101408,100,100158,46,101435,100,100072,100,101479,100,100066,100,101497,100,100063,100,101708,100,100028,100
2019-06-28 09:58:00.000000000,101011,372,100797,372,101086,100,100712,100,101145,100,100312,200,101239,100,100169,300,101255,100,100159,100,101408,100,100158,46,101435,100,100072,100,101479,100,100066,100,101497,100,100063,100,101708,100,100028,100
2019-06-28 09:58:05.495160936,101011,372,100797,272,101086,100,100712,100,101145,100,100312,200,101239,100,100169,300,101255,100,100159,100,101408,100,100158,46,101435,100,100072,100,101479,100,100066,100,101497,100,100063,100,101708,100,100028,100
2019-06-28 09:58:10.000000000,101011,372,100712,372,101086,100,100312,200,101145,100,100169,300,101239,100,100159,100,101255,100,100158,46,101408,100,100072,100,101435,100,100066,100,101479,100,100063,100,101497,100,100028,100,101708,100,100020,100
2019-06-28 09:58:14.652741008,101010,100,100712,372,101011,372,100312,200,101086,100,100169,300,101145,100,100159,100,101239,100,100158,46,101255,100,100072,100,101408,100,100066,100,101435,100,100063,100,101479,100,100028,100,101497,100,100020,100
2019-06-28 09:58:17.412467502,100718,100,100712,372,101010,100,100312,200,101011,372,100169,300,101086,100,100159,100,101145,100,100158,46,101239,100,100072,100,101255,100,100066,100,101408,100,100063,100,101435,100,100028,100,101479,100,100020,100
2019-06-28 09:58:20.000000000,100718,154,100712,154,101010,154,100312,254,101011,154,100169,354,101086,154,100159,154,101145,154,100158,100,101239,100,100072,100,101255,100,100066,100,101408,100,100063,100,101435,100,100028,100,101479,100,100020,100
2019-06-28 09:58:30.000000000,100718,168,100712,168,101010,168,100312,268,101011,168,100169,368,101086,168,100159,168,101145,100,100158,46,101239,100,100072,100,101255,100,100066,100,101408,100,100063,100,101435,100,100028,100,101479,100,100020,100
2019-06-28 09:58:32.279201632,100718,168,100712,168,101010,268,100312,168,101011,168,100169,368,101086,168,100159,168,101145,100,100158,46,101239,100,100072,100,101255,100,100066,100,101408,100,100063,100,101435,100,100028,100,101479,100,100020,100
2019-06-28 09:58:36.171929438,100718,168,100712,68,101010,268,100312,168,101011,168,100169,368,101086,168,100159,168,101145,100,100158,46,101239,100,100072,100,101255,100,100066,100,101408,100,100063,100,101435,100,100028,100,101479,100,100020,100
2019-06-28 09:58:39.200854762,100718,168,100712,68,100799,100,100312,168,101010,268,100169,368,101011,168,100159,168,101086,168,100158,46,101145,100,100072,100,101239,100,100066,100,101255,100,100063,100,101408,100,100028,100,101435,100,100020,100
2019-06-28 09:58:40.000000000,100718,154,100312,154,100799,154,100169,354,101010,254,100159,154,101011,154,100158,100,101086,154,100072,154,101145,100,100066,100,101239,100,100063,100,101255,100,100028,100,101408,100,100020,100,101435,100,100019,100
2019-06-28 09:58:41.539542612,100699,100,100312,154,100718,154,100169,354,100799,154,100159,154,101010,254,100158,100,101011,154,100072,154,101086,154,100066,100,101145,100,100063,100,101239,100,100028,100,101255,100,100020,100,101408,100,100019,100
2019-06-28 09:58:43.751072444,100699,100,100619,100,100718,154,100312,154,100799,154,100169,354,101010,254,100159,154,101011,154,100158,100,101086,154,100072,154,101145,100,100066,100,101239,100,100063,100,101255,100,100028,100,101408,100,100020,100
2019-06-28 09:58:50.000000000,100699,192,100619,192,100718,190,100312,190,100799,190,100169,390,101010,200,100159,100,101011,100,100158,46,101086,100,100072,100,101145,100,100066,100,101239,100,100063,100,101255,100,100028,100,101408,100,100020,100
2019-06-28 09:58:59.760179916,100699,192,100619,192,100718,190,100416,100,100799,190,100312,190,101010,200,100169,390,101011,100,100159,100,101086,100,100158,46,101145,100,100072,100,101239,100,100066,100,101255,100,100063,100,101408,100,100028,100
2019-06-28 09:59:00.000000000,100699,168,100619,168,100718,168,100416,168,100799,168,100312,168,101010,268,100169,368,101011,100,100159,100,101086,100,100158,46,101145,100,100072,100,101239,100,100066,100,101255,100,100063,100,101408,100,100028,100
2019-06-28 09:59:03.674856498,100699,168,100619,168,100718,168,100426,100,100799,168,100416,168,101010,268,100312,168,101011,100,100169,368,101086,100,100159,100,101145,100,100158,46,101239,100,100072,100,101255,100,100066,100,101408,100,100063,100
2019-06-28 09:59:10.000000000,100699,372,100619,372,100718,100,100426,100,100799,100,100416,100,101010,200,100312,100,101011,100,100169,300,101086,100,100159,100,101145,100,100158,46,101239,100,100072,100,101255,100,100066,100,101408,100,100063,100
2019-06-28 09:59:14.020791405,100699,372,100619,372,100718,100,100615,100,100799,100,100426,100,101010,200,100416,100,101011,100,100312,100,101086,100,100169,300,101145,100,100159,100,101239,100,100158,46,101255,100,100072,100,101408,100,100066,100
2019-06-28 09:59:17.915215908,100699,372,100619,372,100718,100,100615,100,100799,100,100544,100,101010,200,100426,100,101011,100,100416,100,101086,100,100312,100,101145,100,100169,300,101239,100,100159,100,101255,100,100158,46,101408,100,100072,100
2019-06-28 09:59:20.000000000,100699,168,100619,168,100718,168,100615,168,100799,168,100544,168,101010,268,100426,168,101011,100,100416,100,101086,100,100312,100,101145,100,100169,300,101239,100,100159,100,101255,100,100158,46,101408,100,100072,100
2019-06-28 09:59:30.000000000,100699,154,100619,154,100718,154,100615,154,100799,154,100544,154,101010,254,100426,154,101011,154,100416,154,101086,100,100312,100,101145,100,100169,300,101239,100,100159,100,101255,100,100158,46,101408,100,100072,100
2019-06-28 09:59:40.000000000,100699,154,100619,154,100718,154,100615,154,100799,154,100544,154,101010,254,100426,154,101011,154,100416,154,101086,100,100312,100,101145,100,100169,300,101239,100,100159,100,101255,100,100158,46,101408,100,100072,100
2019-06-28 09:59:42.271852211,100699,154,100619,154,100718,154,100615,154,100799,154,100544,154,101010,254,100426,154,101011,154,100416,154,101086,100,100312,100,101145,100,100307,100,101239,100,100169,300,101255,100,100159,100,101408,100,100158,46
2019-06-28 09:59:50.000000000,100699,154,100619,154,100718,154,100615,154,100799,154,100544,154,101010,254,100426,154,101011,154,100416,154,101086,100,100312,100,101145,100,100307,100,101239,100,100169,300,101255,100,100159,100,101408,100,100158,46
2019-06-28 09:59:53.929329047,100699,154,100637,100,100718,154,100619,154,100799,154,100615,154,101010,254,100544,154,101011,154,100426,154,101086,100,100416,154,101145,100,100312,100,101239,100,100307,100,101255,100,100169,300,101408,100,100159,100
2019-06-28 10:00:00.000000000,100699,372,100637,372,100718,100,100619,100,100799,100,100615,100,101010,200,100544,100,101011,100,100426,100,101086,100,100416,100,101145,100,100312,100,101239,100,100307,100,101255,100,100169,300,101408,100,100159,100
2019-06-28 10:00:00.336551763,100699,372,100637,272,100718,100,100619,100,100799,100,100615,100,101010,200,100544,100,101011,100,100426,100,101086,100,100416,100,101145,100,100312,100,101239,100,100307,100,101255,100,100169,300,101408,100,100159,100
2019-06-28 10:00:10.000000000,100699,372,100619,372,100718,100,100615,100,100799,100,100544,100,101010,200,100426,100,101011,100,100416,100,101086,100,100312,100,101145,100,100307,100,101239,100,100169,300,101255,100,100159,100,101408,100,100158,46
2019-06-28 10:00:20.000000000,100699,168,100619,168,100718,168,100615,168,100799,168,100544,168,101010,268,100426,168,101011,100,100416,100,101086,100,100312,100,101145,100,100307,100,101239,100,100169,300,101255,100,100159,100,101408,100,100158,46
2019-06-28 10:00:30.000000000,100699,154,100619,154,100718,154,100615,154,100799,154,100544,154,101010,254,100426,154,101011,154,100416,154,101086,100,100312,100,101145,100,100307,100,101239,100,100169,300,101255,100,100159,100,101408,100,100158,46
2019-06-28 10:00:40.000000000,100699,236,100619,236,100718,236,100615,236,100799,100,100544,100,101010,200,100426,100,101011,100,100416,100,101086,100,100312,100,101145,100,100307,100,101239,100,100169,300,101255,100,100159,100,101408,100,100158,46
2019-06-28 10:00:50.000000000,100699,236,100619,236,100718,236,100615,236,100799,100,100544,100,101010,200,100426,100,101011,100,100416,100,101086,100,100312,100,101145,100,100307,100,101239,100,100169,300,101255,100,100159,100,101408,100,100158,46
2019-06-28 10:00:52.307925742,100699,236,100619,236,100718,236,100615,236,100799,100,100544,100,101010,200,100426,100,101011,100,100416,100,101086,100,100312,100,101145,100,100307,100,101239,100,100169,300,101255,100,100159,100,101408,100,100158,46
2019-06-28 10:01:00.000000000,100699,192,100619,192,100718,190,100615,190,100799,190,100544,190,101010,200,100426,100,101011,100,100416,100,101086,100,100312,100,101145,100,100307,100,101239,100,100169,300,101255,100,100159,100,101408,100,100158,46
2019-06-28 10:01:01.720569971,100699,192,100619,192,100718,190,100615,190,100799,190,100544,190,101010,200,100426,100,101011,100,100416,100,101086,100,100335,100,101145,100,100312,100,101239,100,100307,100,101255,100,100169,300,101408,100,100159,100
2019-06-28 10:01:10.000000000,100699,168,100619,168,100718,168,100615,168,100799,168,100544,168,101010,268,100426,168,101011,100,100416,100,101086,100,100335,100,101145,100,100312,100,101239,100,100307,100,101255,100,100169,300,101408,100,100159,100
2019-06-28 10:01:12.923142806,100699,168,100619,68,100718,168,100615,168,100799,168,100544,168,101010,268,100426,168,101011,100,100416,100,101086,100,100335,100,101145,100,100312,100,101239,100,100307,100,101255,100,100169,300,101408,100,100159,100
2019-06-28 10:01:20.000000000,100699,192,100615,192,100718,190,100544,190,100799,190,100426,190,101010,200,100416,100,101011,100,100335,100,101086,100,100312,100,101145,100,100307,100,101239,100,100169,300,101255,100,100159,100,101408,100,100158,46
2019-06-28 10:01:30.000000000,100699,192,100615,192,100718,190,100544,190,100799,190,100426,190,101010,200,100416,100,101011,100,100335,100,101086,100,100312,100,101145,100,100307,100,101239,100,100169,300,101255,100,100159,100,101408,100,100158,46
2019-06-28 10:01:40.000000000,100699,236,100615,236,100718,236,100544,236,100799,100,100426,100,101010,200,100416,100,101011,100,100335,100,101086,100,100312,100,101145,100,100307,100,101239,100,100169,300,101255,100,100159,100,101408,100,100158,46
2019-06-28 10:01:40.580360098,100699,236,100615,136,100718,236,100544,236,100799,100,100426,100,101010,200,100416,100,101011,100,100335,100,101086,100,100312,100,101145,100,100307,100,101239,100,100169,300,101255,100,100159,100,101435,100,100158,46
2019-06-28 10:01:50.000000000,100699,236,100544,236,100718,236,100426,236,100799,100,100416,100,101010,200,100335,100,101011,100,100312,100,101086,100,100307,100,101145,100,100169,300,101239,100,100159,100,101255,100,100158,46,101435,100,100104,100
2019-06-28 10:01:57.097102430,100699,236,100544,236,100718,236,100426,236,100799,100,100416,100,101010,200,100335,100,101011,100,100312,100,101086,100,100307,100,101145,100,100169,300,101239,100,100159,100,101255,100,100158,46,101435,100,100104,100
2019-06-28 10:02:00.000000000,100699,154,100544,154,100718,154,100426,154,100799,154,100416,154,101010,254,100335,154,101011,154,100312,154,101086,100,100307,100,101145,100,100169,300,101239,100,100159,100,101255,100,100158,46,101435,100,100104,100
2019-06-28 10:02:02.528502363,100699,154,100544,154,100718,154,100426,154,100799,154,100416,154,101010,254,100335,154,101011,154,100312,154,101086,100,100307,100,101145,100,100169,300,101239,100,100159,100,101255,100,100158,46,101435,100,100104,100
2019-06-28 10:02:04.670388667,100699,154,100544,154,100718,154,100426,154,100799,154,100416,154,101010,254,100335,154,101011,154,100312,154,101086,100,100307,100,101145,100,100169,300,101239,100,100159,100,101255,100,100158,46,101435,100,100104,100
2019-06-28 10:02:10.000000000,100699,154,100544,154,100718,154,100426,154,100799,154,100416,154,101010,254,100335,154,101011,154,100312,154,101086,100,100307,100,101145,100,100169,300,101239,100,100159,100,101255,100,100158,46,101435,100,100104,100
2019-06-28 10:02:20.000000000,100699,372,100544,372,100718,100,100426,100,100799,100,100416,100,101010,200,100335,100,101011,100,100312,100,101086,100,100307,100,101145,100,100169,300,101239,100,100159,100,101255,100,100158,46,101435,100,100104,100
2019-06-28 10:02:23.774972011,100699,372,100544,372,100718,100,100426,100,100799,100,100416,100,101010,200,100335,100,101011,100,100312,100,101086,100,100307,100,101145,100,100169,300,101239,100,100159,100,101255,100,100158,46,101435,100,100104,100
2019-06-28 10:02:26.216912116,100699,372,100544,272,100718,100,100426,100,100799,100,100416,100,101010,200,100335,100,101011,100,100312,100,101086,100,100307,100,101145,100,100169,300,101239,100,100159,100,101255,100,100158,46,101435,100,100104,100
2019-06-28 10:02:30.000000000,100699,192,100426,192,100718,190,100416,190,100799,190,100335,190,101010,200,100312,100,101011,100,100307,100,101086,100,100169,300,101145,100,100159,100,101239,100,100158,46,101255,100,100104,100,101435,100,100072,100
2019-06-28 10:02:40.000000000,100699,372,100426,372,100718,100,100416,100,100799,100,100335,100,101010,200,100312,100,101011,100,100307,100,101086,100,100169,300,101145,100,100159,100,101239,100,100158,46,101255,100,100104,100,101435,100,100072,100
2019-06-28 10:02:49.481114418,100615,100,100426,372,100699,372,100416,100,100718,100,100335,100,100799,100,100312,100,101010,200,100307,100,101011,100,100169,300,101086,100,100159,100,101145,100,100158,46,101239,100,100104,100,101255,100,100072,100
2019-06-28 10:02:50.000000000,100615,372,100426,372,100699,100,100416,100,100718,100,100335,100,100799,100,100312,100,101010,200,100307,100,101011,100,100169,300,101086,100,100159,100,101145,100,100158,46,101239,100,100104,100,101255,100,100072,100
2019-06-28 10:03:00.000000000,100615,372,100426,372,100699,100,100416,100,100718,100,100335,100,100799,100,100312,100,101010,200,100307,100,101011,100,100169,300,101086,100,100159,100,101145,100,100158,46,101239,100,100104,100,101255,100,100072,100
2019-06-28 10:03:00.952516576,100615,372,100426,272,100699,100,100416,100,100718,100,100335,100,100799,100,100312,100,101010,200,100307,100,101011,100,100169,300,101086,100,100159,100,101145,100,100158,46,101239,100,100104,100,101255,100,100072,100
2019-06-28 10:03:10.000000000,100615,168,100416,168,100699,168,100335,168,100718,168,100312,168,100799,168,100307,168,101010,200,100169,300,101011,100,100159,100,101086,100,100158,46,101145,100,100104,100,101239,100,100072,100,101255,100,100066,100
2019-06-28 10:03:13.398892685,100615,168,100416,68,100699,168,100335,168,100718,168,100312,168,100799,168,100307,168,101010,200,100169,300,101011,100,100159,100,101086,100,100158,46,101145,100,100104,100,101239,100,100072,100,101255,100,100066,100
2019-06-28 10:03:20.000000000,100615,154,100335,154,100699,154,100312,154,100718,154,100307,154,100799,154,100169,354,101010,254,100159,154,101011,100,100158,46,101086,100,100104,100,101145,100,100072,100,101239,100,100066,100,101255,100,100028,100
2019-06-28 10:03:30.000000000,100615,168,100335,168,100699,168,100312,168,100718,168,100307,168,100799,168,100169,368,101010,200,100159,100,101011,100,100158,46,101086,100,100104,100,101145,100,100072,100,101239,100,100066,100,101255,100,100028,100
2019-06-28 10:03:38.225207135,100615,168,100335,68,100699,168,100312,168,100718,168,100307,168,100799,168,100169,368,101010,200,100159,100,101011,100,100158,46,101086,100,100072,100,101145,100,100066,100,101239,100,100028,100,101255,100,100020,100
2019-06-28 10:03:40.000000000,100615,192,100312,192,100699,190,100307,190,100718,190,100169,390,100799,100,100159,100,101010,200,100158,46,101011,100,100072,100,101086,100,100066,100,101145,100,100028,100,101239,100,100020,100,101255,100,100019,100
2019-06-28 10:03:50.000000000,100615,154,100312,154,100699,154,100307,154,100718,154,100169,354,100799,154,100159,154,101010,254,100158,100,101011,100,100072,100,101086,100,100066,100,101145,100,100028,100,101239,100,100020,100,101255,100,100019,100
2019-06-28 10:04:00.000000000,100615,168,100312,168,100699,168,100307,168,100718,168,100169,368,100799,168,100159,168,101010,200,100158,46,101011,100,100072,100,101086,100,100066,100,101145,100,100028,100,101239,100,100020,100,101255,100,100019,100
2019-06-28 10:04:09.570674560,100416,100,100312,168,100615,168,100307,168,100699,168,100169,368,100718,168,100159,168,100799,168,100158,46,101010,200,100072,100,101011,100,100066,100,101086,100,100028,100,101145,100,100020,100,101239,100,100019,100
2019-06-28 10:04:10.000000000,100416,154,100312,154,100615,154,100307,154,100699,154,100169,354,100718,154,100159,154,100799,154,100158,100,101010,200,100072,100,101011,100,100066,100,101086,100,100028,100,101145,100,100020,100,101239,100,100019,100
2019-06-28 10:04:10.722416532,100416,154,100312,154,100615,154,100307,154,100699,154,100169,354,100718,154,100159,154,100799,154,100158,100,101010,200,100072,100,101011,100,100066,100,101086,100,100028,100,101145,100,100020,100,101239,100,100019,100
2019-06-28 10:04:19.409689856,100416,154,100312,54,100615,154,100307,154,100699,154,100169,354,100718,154,100159,154,100799,154,100158,100,101010,200,100072,100,101011,100,100066,100,101086,100,100028,100,101145,100,100020,100,101255,100,100019,100
2019-06-28 10:04:20.000000000,100416,192,100307,192,100615,190,100169,390,100699,190,100159,190,100718,100,100158,46,100799,100,100072,100,101010,200,100066,100,101011,100,100028,100,101086,100,100020,100,101145,100,100019,100,101255,100,99993,100
2019-06-28 10:04:22.837202190,100416,192,100307,92,100615,190,100169,390,100699,190,100159,190,100718,100,100158,46,100799,100,100072,100,101010,200,100066,100,101011,100,100028,100,101086,100,100020,100,101145,100,100019,100,101255,100,99993,100
2019-06-28 10:04:30.000000000,100416,236,100169,436,100615,236,100159,236,100699,100,100158,46,100718,100,100072,100,100799,100,100066,100,101010,200,100028,100,101011,100,100020,100,101086,100,100019,100,101145,100,99993,100,101255,100,99963,100
2019-06-28 10:04:36.916462017,100416,236,100169,436,100615,236,100159,236,100699,100,100158,46,100718,100,100072,100,100799,100,100066,100,101010,200,100028,100,101011,100,100020,100,101086,100,100019,100,101145,100,99993,100,101255,100,99963,100
2019-06-28 10:04:40.000000000,100416,236,100169,436,100615,236,100159,236,100699,100,100158,46,100718,100,100072,100,100799,100,100066,100,101010,200,100028,100,101011,100,100020,100,101086,100,100019,100,101145,100,99993,100,101255,100,99963,100
2019-06-28 10:04:50.000000000,100416,236,100169,436,100615,236,100159,236,100699,100,100158,46,100718,100,100072,100,100799,100,100066,100,101010,200,100028,100,101011,100,100020,100,101086,100,100019,100,101145,100,99993,100,101255,100,99963,100
2019-06-28 10:04:53.546927295,100416,236,100169,336,100615,236,100159,236,100699,100,100158,46,100718,100,100072,100,100799,100,100066,100,101010,200,100028,100,101011,100,100020,100,101086,100,100019,100,101145,100,99993,100,101255,100,99963,100
2019-06-28 10:05:00.000000000,100416,168,100169,268,100615,168,100159,168,100699,168,100158,114,100718,168,100072,168,100799,100,100066,100,101010,200,100028,100,101011,100,100020,100,101086,100,100019,100,101145,100,99993,100,101255,100,99963,100
