,ask_price_1,ask_size_1,bid_price_1,bid_size_1,ask_price_2,ask_size_2,bid_price_2,bid_size_2,ask_price_3,ask_size_3,bid_price_3,bid_size_3,ask_price_4,ask_size_4,bid_price_4,bid_size_4,ask_price_5,ask_size_5,bid_price_5,bid_size_5,ask_price_6,ask_size_6,bid_price_6,bid_size_6,ask_price_7,ask_size_7,bid_price_7,bid_size_7,ask_price_8,ask_size_8,bid_price_8,bid_size_8,ask_price_9,ask_size_9,bid_price_9,bid_size_9,ask_price_10,ask_size_10,bid_price_10,bid_size_10
2019-06-28 09:30:00.000000000,99920,100,,,100012,100,,,,,,,,,,,,,,,,,,,,,,,,,,,,,,,,,,
2019-06-28 09:30:00.000000001,100012,100,99879,100,,,,,,,,,,,,,,,,,,,,,,,,,,,,,,,,,,,,
2019-06-28 09:30:00.000000004,100012,100,99879,100,100014,100,,,,,,,,,,,,,,,,,,,,,,,,,,,,,,,,,,
2019-06-28 09:30:00.000000006,100012,100,99879,100,100014,100,99877,100,,,,,,,,,,,,,,,,,,,,,,,,,,,,,,,,
2019-06-28 09:30:00.000000007,99986,100,99879,100,100012,100,99877,100,100014,100,,,,,,,,,,,,,,,,,,,,,,,,,,,,,,
2019-06-28 09:30:00.000000010,99986,100,99977,100,100012,100,99879,100,100014,100,99877,100,100023,100,,,,,,,,,,,,,,,,,,,,,,,,,,
2019-06-28 09:30:00.000000011,99986,100,99977,100,100012,100,99879,100,100014,100,99877,100,100023,100,,,100083,100,,,,,,,,,,,,,,,,,,,,,,
2019-06-28 09:30:00.000000012,99986,100,99977,100,100012,100,99904,100,100014,100,99894,100,100023,100,99879,100,100083,100,99877,100,,,,,,,,,,,,,,,,,,,,
2019-06-28 09:30:00.000000013,99986,100,99977,100,100012,100,99919,100,100014,100,99904,100,100023,100,99894,100,100031,100,99879,100,100083,100,99877,100,,,99828,100,,,,,,,,,,,,
2019-06-28 09:30:00.000000014,99986,100,99977,100,100012,100,99919,100,100014,100,99904,100,100023,100,99894,100,100031,100,99879,100,100083,100,99877,100,,,99871,100,,,99828,100,,,,,,,,
2019-06-28 09:30:00.000000016,100012,100,99977,100,100014,100,99920,100,100023,100,99919,100,100031,100,99906,100,100070,100,99904,100,100083,100,99894,100,100105,100,99879,100,,,99877,100,,,99871,100,,,99828,100
2019-06-28 09:30:00.000000017,100012,100,99977,100,100014,100,99920,100,100023,100,99919,100,100031,100,99906,100,100070,100,99904,100,100083,100,99894,100,100096,100,99879,100,100105,100,99877,100,,,99871,100,,,99828,100
2019-06-28 09:30:00.000000019,100014,100,99977,100,100023,100,99920,100,100031,100,99919,100,100070,100,99906,100,100083,100,99904,100,100096,100,99894,100,100105,100,99879,100,,,99877,100,,,99871,100,,,99828,100
2019-06-28 09:30:00.000000024,100023,100,99977,100,100031,100,99920,100,100070,100,99919,100,100083,100,99906,100,100096,100,99904,100,100105,100,99894,100,,,99879,100,,,99877,100,,,99871,100,,,99828,100
2019-06-28 09:30:00.000000026,100014,100,99977,100,100023,100,99920,100,100031,100,99919,100,100070,100,99906,100,100083,100,99904,100,100096,100,99894,100,100105,100,99879,100,,,99877,100,,,99871,100,,,99828,100
2019-06-28 09:30:00.000000027,100014,100,99977,100,100023,100,99933,100,100031,100,99920,100,100070,100,99919,100,100083,100,99906,100,100096,100,99904,100,100105,100,99894,100,,,99879,100,,,99877,100,,,99871,100
2019-06-28 09:30:00.000000029,100014,200,99977,100,100023,100,99933,100,100031,100,99920,100,100070,100,99919,100,100083,100,99906,100,100096,100,99904,100,100105,100,99894,100,100121,100,99879,100,,,99877,100,,,99871,100
2019-06-28 09:30:00.000000036,100014,300,99977,100,100023,100,99933,100,100031,100,99920,100,100070,100,99919,100,100083,100,99906,100,100096,100,99904,100,100105,100,99894,100,100121,100,99879,100,,,99877,100,,,99871,100
2019-06-28 09:30:00.000000037,100014,300,99977,100,100023,100,99933,100,100031,100,99920,100,100070,100,99919,100,100083,100,99906,100,100096,100,99904,100,100105,100,99894,100,100121,100,99879,100,,,99877,100,,,99871,100
2019-06-28 09:30:00.000000040,100014,300,99981,100,100023,100,99933,100,100031,100,99920,100,100070,100,99919,100,100083,100,99906,100,100096,100,99904,100,100105,100,99894,100,100121,100,99879,100,,,99877,100,,,99871,100
2019-06-28 09:30:00.000000041,100014,300,99981,100,100023,100,99977,100,100031,100,99933,100,100070,100,99920,100,100074,100,99919,100,100083,100,99906,100,100096,100,99904,100,100105,100,99894,100,100121,100,99879,100,,,99877,100
2019-06-28 09:30:00.000000043,100014,300,99981,100,100023,100,99977,100,100031,100,99933,100,100070,100,99920,100,100074,100,99919,100,100083,100,99906,100,100096,100,99904,100,100105,100,99894,100,100121,100,99879,100,,,99877,100
2019-06-28 09:30:00.000000050,100014,300,99977,100,100023,100,99933,100,100031,100,99920,100,100070,100,99919,100,100074,100,99906,100,100083,100,99904,100,100096,100,99894,100,100105,100,99879,100,100121,100,99877,100,,,99871,100
2019-06-28 09:30:00.000000052,100014,300,99977,100,100023,100,99933,100,100031,100,99920,100,100053,100,99919,100,100070,100,99906,100,100074,100,99904,100,100083,100,99894,100,100096,100,99879,100,100105,100,99877,100,100121,100,99871,100
2019-06-28 09:30:00.000000053,100014,300,99977,100,100023,100,99974,100,100031,100,99933,100,100053,100,99920,100,100070,100,99919,100,100074,100,99906,100,100083,100,99904,100,100096,100,99894,100,100105,100,99879,100,100121,100,99877,100
2019-06-28 09:30:00.000000054,100014,300,99993,100,100023,100,99978,100,100031,100,99977,100,100053,100,99974,100,100070,100,99933,100,100074,100,99920,100,100083,100,99919,100,100096,100,99906,100,100105,100,99904,100,100121,100,99894,100
2019-06-28 09:30:00.000000056,100014,300,99993,100,100023,100,99978,200,100031,100,99977,100,100053,100,99974,100,100070,100,99933,100,100074,100,99920,100,100083,100,99919,100,100096,100,99906,100,100105,100,99904,100,100121,100,99894,100
2019-06-28 09:30:00.000000059,100014,300,99993,100,100023,100,99978,200,100031,100,99977,100,100053,100,99974,100,100070,100,99940,100,100074,100,99933,100,100083,100,99920,100,100096,100,99919,100,100105,100,99906,100,100121,100,99904,100
2019-06-28 09:30:00.000000060,100014,300,99993,100,100023,100,99978,200,100031,100,99977,100,100053,100,99974,100,100061,100,99940,100,100070,100,99933,100,100074,100,99920,100,100083,100,99919,100,100096,100,99906,100,100105,100,99904,100
2019-06-28 09:30:00.000000066,100014,300,99993,100,100023,100,99978,200,100031,100,99977,100,100053,100,99974,100,100061,100,99940,100,100070,100,99933,100,100074,100,99920,100,100083,100,99919,100,100096,100,99906,100,100105,100,99904,100
2019-06-28 09:30:00.000000067,100014,300,99993,100,100023,100,99978,200,100031,100,99977,100,100053,100,99974,100,100061,100,99956,100,100070,100,99940,100,100074,100,99933,100,100083,100,99920,100,100096,100,99919,100,100105,100,99906,100
2019-06-28 09:30:00.000000070,100014,300,99993,100,100023,100,99978,200,100031,100,99977,100,100053,100,99974,100,100061,100,99956,100,100070,100,99940,100,100074,100,99933,100,100083,100,99920,100,100096,100,99919,100,100105,100,99906,100
2019-06-28 09:30:00.000000071,100014,300,99997,100,100023,100,99993,100,100031,100,99978,200,100053,100,99977,100,100061,100,99974,100,100070,100,99956,100,100074,100,99940,100,100083,100,99933,100,100096,100,99920,100,100105,100,99919,100
2019-06-28 09:30:00.000000072,100014,300,99993,100,100023,100,99978,200,100031,100,99977,100,100053,100,99974,100,100061,100,99956,100,100070,100,99940,100,100074,100,99933,100,100083,100,99920,100,100096,100,99919,100,100105,100,99906,100
2019-06-28 09:30:00.000000074,100014,200,99994,100,100023,100,99993,100,100031,100,99978,200,100053,100,99977,100,100061,100,99974,100,100070,100,99956,100,100074,100,99940,100,100083,100,99933,100,100096,100,99920,100,100105,100,99919,100
2019-06-28 09:30:00.000000076,100014,100,99994,100,100023,100,99993,100,100031,100,99978,200,100053,100,99977,100,100061,100,99974,100,100070,100,99956,100,100074,100,99940,100,100083,100,99933,100,100096,100,99920,100,100105,100,99919,100
2019-06-28 09:30:00.000000081,100014,100,99994,100,100023,100,99993,100,100027,100,99978,200,100031,100,99977,100,100053,100,99974,100,100061,100,99956,100,100064,100,99940,100,100070,100,99933,100,100074,100,99931,100,100083,100,99920,100
2019-06-28 09:30:00.000000086,100014,100,99994,100,100023,100,99993,100,100027,100,99978,200,100031,100,99977,100,100053,100,99974,100,100061,100,99956,100,100064,100,99940,100,100070,100,99933,100,100074,100,99931,100,100083,100,99920,100
2019-06-28 09:30:00.000000088,100014,100,99994,100,100023,100,99993,100,100027,100,99978,200,100031,100,99977,100,100053,100,99974,100,100061,100,99956,100,100064,100,99940,100,100070,100,99933,100,100074,100,99931,100,100083,100,99920,100
2019-06-28 09:30:00.000000092,100014,100,99994,100,100023,100,99993,100,100027,100,99978,200,100031,100,99977,100,100053,100,99974,100,100061,100,99956,100,100064,100,99940,100,100070,100,99933,100,100074,100,99931,100,100083,100,99920,100
2019-06-28 09:30:00.000000094,100014,100,99994,100,100023,100,99993,100,100027,100,99978,200,100031,100,99977,100,100053,100,99974,100,100061,100,99956,100,100064,100,99940,100,100070,100,99933,100,100074,100,99931,100,100081,100,99920,100
2019-06-28 09:30:00.000000095,100023,100,99994,100,100027,100,99993,100,100031,100,99978,200,100053,100,99977,100,100061,100,99974,100,100064,100,99956,100,100070,100,99953,100,100074,100,99940,100,100081,100,99933,100,100083,100,99931,100
2019-06-28 09:30:00.000000096,100023,100,99994,100,100027,100,99993,100,100031,100,99978,200,100053,100,99977,100,100061,100,99974,100,100064,100,99956,100,100070,100,99953,100,100074,100,99940,100,100081,100,99933,100,100083,100,99931,100
2019-06-28 09:30:00.000000098,100023,100,99994,100,100027,100,99993,200,100031,100,99978,200,100053,100,99977,100,100061,100,99974,100,100064,100,99956,100,100070,100,99953,100,100074,100,99940,100,100081,100,99933,100,100083,100,99931,100
2019-06-28 09:30:00.000000099,100023,100,100014,100,100027,100,99994,100,100031,100,99993,200,100053,100,99978,200,100061,100,99977,100,100064,100,99974,100,100070,100,99956,100,100074,100,99953,100,100081,100,99940,100,100083,100,99933,100
2019-06-28 09:30:10.000000000,100023,256,100014,256,100027,252,99994,252,100031,252,99993,352,100053,100,99978,200,100061,100,99977,100,100064,100,99974,100,100070,100,99956,100,100074,100,99953,100,100081,100,99940,100,100083,100,99933,100
2019-06-28 09:30:20.000000000,100023,560,100014,560,100027,100,99994,100,100031,100,99993,200,100053,100,99978,200,100061,100,99977,100,100064,100,99974,100,100070,100,99956,100,100074,100,99953,100,100081,100,99940,100,100083,100,99933,100
2019-06-28 09:30:24.550699646,100023,560,100014,460,100027,100,99994,100,100053,100,99993,200,100061,100,99978,200,100064,100,99977,100,100070,100,99974,100,100074,100,99956,100,100081,100,99953,100,100083,100,99940,100,100096,100,99933,100
2019-06-28 09:30:30.000000000,100023,330,99994,330,100027,330,99993,430,100053,100,99978,200,100061,100,99977,100,100064,100,99974,100,100070,100,99956,100,100074,100,99953,100,100081,100,99940,100,100083,100,99933,100,100096,100,99931,100
2019-06-28 09:30:38.450005550,100023,330,99994,330,100027,330,99993,430,100053,100,99978,200,100061,100,99977,100,100064,100,99974,100,100069,100,99956,100,100070,100,99953,100,100074,100,99940,100,100081,100,99933,100,100083,100,99931,100
2019-06-28 09:30:40.000000000,100023,256,99994,256,100027,252,99993,352,100053,252,99978,352,100061,100,99977,100,100064,100,99974,100,100069,100,99956,100,100070,100,99953,100,100074,100,99940,100,100081,100,99933,100,100083,100,99931,100
2019-06-28 09:30:40.538983741,100023,256,99994,156,100027,252,99993,352,100053,252,99978,352,100061,100,99977,100,100064,100,99974,100,100069,100,99956,100,100070,100,99953,100,100074,100,99940,100,100081,100,99933,100,100083,100,99931,100
2019-06-28 09:30:50.000000000,100023,215,99993,315,100027,215,99978,315,100053,215,99977,215,100061,215,99974,215,100064,100,99956,100,100069,100,99953,100,100070,100,99940,100,100074,100,99933,100,100081,100,99931,100,100083,100,99920,200
2019-06-28 09:31:00.000000000,100023,192,99993,292,100027,192,99978,292,100053,192,99977,192,100061,192,99974,192,100064,192,99956,192,100069,100,99953,100,100070,100,99940,100,100074,100,99933,100,100081,100,99931,100,100083,100,99920,200
2019-06-28 09:31:04.781183396,100023,192,99993,292,100027,192,99978,192,100053,192,99977,192,100061,192,99974,192,100064,192,99956,192,100069,100,99953,100,100070,100,99940,100,100074,100,99933,100,100081,100,99931,100,100083,100,99920,200
2019-06-28 09:31:10.000000000,100023,256,99993,356,100027,252,99978,252,100053,252,99977,252,100061,100,99974,100,100064,100,99956,100,100069,100,99953,100,100070,100,99940,100,100074,100,99933,100,100081,100,99931,100,100083,100,99920,200
2019-06-28 09:31:20.000000000,100023,256,99993,356,100027,252,99978,252,100053,252,99977,252,100061,100,99974,100,100064,100,99956,100,100069,100,99953,100,100070,100,99940,100,100074,100,99933,100,100081,100,99931,100,100083,100,99920,200
2019-06-28 09:31:30.000000000,100023,560,99993,660,100027,100,99978,100,100053,100,99977,100,100061,100,99974,100,100064,100,99956,100,100069,100,99953,100,100070,100,99940,100,100074,100,99933,100,100081,100,99931,100,100083,100,99920,200
2019-06-28 09:31:31.996675290,100014,100,99993,660,100023,560,99978,100,100027,100,99977,100,100053,100,99974,100,100061,100,99956,100,100064,100,99953,100,100069,100,99940,100,100070,100,99933,100,100074,100,99931,100,100081,100,99920,200
2019-06-28 09:31:40.000000000,100014,215,99993,315,100023,215,99978,215,100027,215,99977,215,100053,215,99974,215,100061,100,99956,100,100064,100,99953,100,100069,100,99940,100,100070,100,99933,100,100074,100,99931,100,100081,100,99920,200
2019-06-28 09:31:50.000000000,100014,192,99993,292,100023,192,99978,192,100027,192,99977,192,100053,192,99974,192,100061,192,99956,192,100064,100,99953,100,100069,100,99940,100,100070,100,99933,100,100074,100,99931,100,100081,100,99920,200
2019-06-28 09:32:00.000000000,100014,215,99993,315,100023,215,99978,215,100027,215,99977,215,100053,215,99974,215,100061,100,99956,100,100064,100,99953,100,100069,100,99940,100,100070,100,99933,100,100074,100,99931,100,100081,100,99920,200
2019-06-28 09:32:03.772536451,100014,215,99993,215,100023,215,99978,215,100027,215,99977,215,100053,215,99974,215,100061,100,99956,100,100064,100,99953,100,100069,100,99940,100,100070,100,99933,100,100074,100,99931,100,100081,100,99920,200
2019-06-28 09:32:09.441943200,100014,215,99993,215,100023,215,99978,215,100027,215,99977,215,100053,215,99974,215,100061,100,99956,100,100064,100,99953,100,100069,100,99940,100,100070,100,99933,100,100074,100,99931,100,100081,100,99920,200
2019-06-28 09:32:10.000000000,100014,560,99993,560,100023,100,99978,100,100027,100,99977,100,100053,100,99974,100,100061,100,99956,100,100064,100,99953,100,100069,100,99940,100,100070,100,99933,100,100074,100,99931,100,100081,100,99920,200
2019-06-28 09:32:12.196834128,100014,560,99993,460,100023,100,99978,100,100027,100,99977,100,100053,100,99974,100,100061,100,99956,100,100064,100,99953,100,100069,100,99940,100,100074,100,99933,100,100081,100,99931,100,100083,100,99920,200
2019-06-28 09:32:15.993840513,100014,560,99993,460,100023,100,99978,100,100027,100,99977,100,100053,100,99974,100,100061,100,99956,100,100064,100,99953,100,100069,100,99940,100,100074,100,99933,100,100081,100,99931,100,100083,100,99920,200
2019-06-28 09:32:20.000000000,100014,215,99978,215,100023,215,99977,215,100027,215,99974,215,100053,215,99956,215,100061,100,99953,100,100064,100,99940,100,100069,100,99933,100,100074,100,99931,100,100081,100,99920,200,100083,100,99919,100
2019-06-28 09:32:22.465993148,100014,215,99978,115,100023,215,99977,215,100027,215,99974,215,100053,215,99956,215,100061,100,99953,100,100064,100,99940,100,100069,100,99933,100,100074,100,99931,100,100081,100,99920,200,100083,100,99919,100
2019-06-28 09:32:30.000000000,100014,256,99977,256,100023,252,99974,252,100027,252,99956,252,100053,100,99953,100,100061,100,99940,100,100064,100,99933,100,100069,100,99931,100,100074,100,99920,200,100081,100,99919,100,100083,100,99906,100
2019-06-28 09:32:40.000000000,100014,215,99977,215,100023,215,99974,215,100027,215,99956,215,100053,215,99953,215,100061,100,99940,100,100064,100,99933,100,100069,100,99931,100,100074,100,99920,200,100081,100,99919,100,100083,100,99906,100
2019-06-28 09:32:50.000000000,100014,215,99977,215,100023,215,99974,215,100027,215,99956,215,100053,215,99953,215,100061,100,99940,100,100064,100,99933,100,100069,100,99931,100,100074,100,99920,200,100081,100,99919,100,100083,100,99906,100
2019-06-28 09:32:54.232749070,100014,215,99977,215,100023,215,99974,215,100027,215,99956,215,100053,215,99953,215,100061,100,99940,100,100064,100,99931,100,100069,100,99920,200,100074,100,99919,100,100081,100,99906,100,100083,100,99904,100
2019-06-28 09:33:00.000000000,100014,192,99977,192,100023,192,99974,192,100027,192,99956,192,100053,192,99953,192,100061,192,99940,192,100064,100,99931,100,100069,100,99920,200,100074,100,99919,100,100081,100,99906,100,100083,100,99904,100
2019-06-28 09:33:10.000000000,100014,560,99977,560,100023,100,99974,100,100027,100,99956,100,100053,100,99953,100,100061,100,99940,100,100064,100,99931,100,100069,100,99920,200,100074,100,99919,100,100081,100,99906,100,100083,100,99904,100
2019-06-28 09:33:20.000000000,100014,192,99977,192,100023,192,99974,192,100027,192,99956,192,100053,192,99953,192,100061,192,99940,192,100064,100,99931,100,100069,100,99920,200,100074,100,99919,100,100081,100,99906,100,100083,100,99904,100
2019-06-28 09:33:28.545119785,100014,192,99977,92,100023,192,99974,192,100027,192,99956,192,100053,192,99953,192,100061,192,99940,192,100064,100,99931,100,100069,100,99920,200,100074,100,99919,100,100081,100,99906,100,100083,100,99894,100
2019-06-28 09:33:30.000000000,100014,560,99974,560,100023,100,99956,100,100027,100,99953,100,100053,100,99940,100,100061,100,99931,100,100064,100,99920,200,100069,100,99919,100,100074,100,99906,100,100081,100,99894,100,100083,100,99879,100
2019-06-28 09:33:40.000000000,100014,192,99974,192,100023,192,99956,192,100027,192,99953,192,100053,192,99940,192,100061,192,99931,192,100064,100,99920,200,100069,100,99919,100,100074,100,99906,100,100081,100,99894,100,100083,100,99879,100
2019-06-28 09:33:46.178165222,100014,192,99974,192,100023,192,99956,192,100027,192,99953,192,100053,192,99940,192,100061,192,99931,192,100064,100,99920,200,100069,100,99919,100,100074,100,99906,100,100081,100,99894,100,100083,100,99879,100
2019-06-28 09:33:48.041538875,100014,192,99974,92,100023,192,99956,192,100027,192,99953,192,100053,192,99940,192,100061,192,99931,192,100064,100,99920,200,100069,100,99919,100,100074,100,99906,100,100081,100,99894,100,100083,100,99879,100
2019-06-28 09:33:50.000000000,100014,330,99956,330,100023,330,99953,330,100027,100,99940,100,100053,100,99931,100,100061,100,99920,200,100064,100,99919,100,100069,100,99906,100,100074,100,99894,100,100081,100,99879,100,100083,100,99877,100
2019-06-28 09:34:00.000000000,100014,256,99956,256,100023,252,99953,252,100027,252,99940,252,100053,100,99931,100,100061,100,99920,200,100064,100,99919,100,100069,100,99906,100,100074,100,99894,100,100081,100,99879,100,100083,100,99877,100
2019-06-28 09:34:01.874179767,100014,256,99956,256,100023,252,99953,252,100027,252,99940,252,100053,100,99931,100,100061,100,99920,200,100064,100,99919,100,100069,100,99906,100,100074,100,99894,100,100081,100,99879,100,100083,100,99877,100
2019-06-28 09:34:10.000000000,100014,560,99956,560,100023,100,99953,100,100027,100,99940,100,100053,100,99931,100,100061,100,99920,200,100064,100,99919,100,100069,100,99906,100,100074,100,99894,100,100081,100,99879,100,100083,100,99877,100
2019-06-28 09:34:19.248968455,100014,560,99956,560,100023,100,99953,100,100027,100,99940,100,100053,100,99920,200,100061,100,99919,100,100064,100,99906,100,100069,100,99894,100,100074,100,99879,100,100081,100,99877,100,100083,100,99871,100
2019-06-28 09:34:20.000000000,100014,330,99956,330,100023,330,99953,330,100027,100,99940,100,100053,100,99920,200,100061,100,99919,100,100064,100,99906,100,100069,100,99894,100,100074,100,99879,100,100081,100,99877,100,100083,100,99871,100
2019-06-28 09:34:21.727794415,100014,330,99956,230,100023,330,99953,330,100027,100,99940,100,100053,100,99920,200,100061,100,99919,100,100064,100,99906,100,100069,100,99894,100,100074,100,99879,100,100081,100,99877,100,100083,100,99871,100
2019-06-28 09:34:30.000000000,100014,215,99953,215,100023,215,99940,215,100027,215,99920,315,100053,215,99919,215,100061,100,99906,100,100064,100,99894,100,100069,100,99879,100,100074,100,99877,100,100081,100,99871,100,100083,100,99849,100
2019-06-28 09:34:32.102737352,99974,100,99953,215,100014,215,99940,215,100023,215,99920,315,100027,215,99919,215,100053,215,99906,100,100061,100,99894,100,100064,100,99879,100,100069,100,99877,100,100074,100,99871,100,100081,100,99849,100
2019-06-28 09:34:40.000000000,99974,330,99953,330,100014,330,99940,330,100023,100,99920,200,100027,100,99919,100,100053,100,99906,100,100061,100,99894,100,100064,100,99879,100,100069,100,99877,100,100074,100,99871,100,100081,100,99849,100
2019-06-28 09:34:48.909289262,99974,330,99953,230,100014,330,99940,330,100023,100,99920,100,100027,100,99919,100,100053,100,99906,100,100061,100,99894,100,100064,100,99879,100,100069,100,99877,100,100074,100,99871,100,100081,100,99849,100
2019-06-28 09:34:50.000000000,99974,215,99940,215,100014,215,99920,215,100023,215,99919,215,100027,215,99906,215,100053,100,99894,100,100061,100,99879,100,100064,100,99877,100,100069,100,99871,100,100074,100,99849,100,100081,100,99836,100
2019-06-28 09:35:00.000000000,99974,215,99940,215,100014,215,99920,215,100023,215,99919,215,100027,215,99906,215,100053,100,99894,100,100061,100,99879,100,100064,100,99877,100,100069,100,99871,100,100074,100,99849,100,100081,100,99836,100
2019-06-28 09:35:10.000000000,99974,560,99940,560,100014,100,99920,100,100023,100,99919,100,100027,100,99906,100,100053,100,99894,100,100061,100,99879,100,100064,100,99877,100,100069,100,99871,100,100074,100,99849,100,100081,100,99836,100
2019-06-28 09:35:20.000000000,99974,256,99940,256,100014,252,99920,252,100023,252,99919,252,100027,100,99906,100,100053,100,99894,100,100061,100,99879,100,100064,100,99877,100,100069,100,99871,100,100074,100,99849,100,100081,100,99836,100
2019-06-28 09:35:20.204659346,99974,256,99940,256,100014,252,99920,252,100023,252,99919,252,100027,100,99894,100,100053,100,99879,100,100061,100,99877,100,100064,100,99871,100,100069,100,99849,100,100074,100,99836,100,100081,100,99772,100
2019-06-28 09:35:30.000000000,99974,192,99940,192,100014,192,99920,192,100023,192,99919,192,100027,192,99894,192,100053,192,99879,192,100061,100,99877,100,100064,100,99871,100,100069,100,99849,100,100074,100,99836,100,100081,100,99772,100
2019-06-28 09:35:40.000000000,99974,192,99940,192,100014,192,99920,192,100023,192,99919,192,100027,192,99894,192,100053,192,99879,192,100061,100,99877,100,100064,100,99871,100,100069,100,99849,100,100074,100,99836,100,100081,100,99772,100
2019-06-28 09:35:50.000000000,99974,330,99940,330,100014,330,99920,330,100023,100,99919,100,100027,100,99894,100,100053,100,99879,100,100061,100,99877,100,100064,100,99871,100,100069,100,99849,100,100074,100,99836,100,100081,100,99772,100
2019-06-28 09:36:00.000000000,99974,215,99940,215,100014,215,99920,215,100023,215,99919,215,100027,215,99894,215,100053,100,99879,100,100061,100,99877,100,100064,100,99871,100,100069,100,99849,100,100074,100,99836,100,100081,100,99772,100
2019-06-28 09:36:10.000000000,99974,215,99940,215,100014,215,99920,215,100023,215,99919,215,100027,215,99894,215,100053,100,99879,100,100061,100,99877,100,100064,100,99871,100,100069,100,99849,100,100074,100,99836,100,100081,100,99772,100
2019-06-28 09:36:20.000000000,99974,215,99940,215,100014,215,99920,215,100023,215,99919,215,100027,215,99894,215,100053,100,99879,100,100061,100,99877,100,100064,100,99871,100,100069,100,99849,100,100074,100,99836,100,100081,100,99772,100
2019-06-28 09:36:30.000000000,99974,560,99940,560,100014,100,99920,100,100023,100,99919,100,100027,100,99894,100,100053,100,99879,100,100061,100,99877,100,100064,100,99871,100,100069,100,99849,100,100074,100,99836,100,100081,100,99772,100
2019-06-28 09:36:40.000000000,99974,256,99940,256,100014,252,99920,252,100023,252,99919,252,100027,100,99894,100,100053,100,99879,100,100061,100,99877,100,100064,100,99871,100,100069,100,99849,100,100074,100,99836,100,100081,100,99772,100
2019-06-28 09:36:47.581676540,99974,156,99940,256,100014,252,99920,252,100023,252,99919,252,100027,100,99894,100,100053,100,99879,100,100061,100,99877,100,100064,100,99871,100,100069,100,99849,100,100074,100,99836,100,100081,100,99772,100
2019-06-28 09:36:50.000000000,100014,256,99940,256,100023,252,99920,252,100027,252,99919,252,100053,100,99894,100,100061,100,99879,100,100064,100,99877,100,100069,100,99871,100,100074,100,99849,100,100081,100,99836,100,100083,100,99772,100
2019-06-28 09:37:00.000000000,100014,330,99940,330,100023,330,99920,330,100027,100,99919,100,100053,100,99894,100,100061,100,99879,100,100064,100,99877,100,100069,100,99871,100,100074,100,99849,100,100081,100,99836,100,100083,100,99772,100
2019-06-28 09:37:10.000000000,100014,330,99940,330,100023,330,99920,330,100027,100,99919,100,100053,100,99894,100,100061,100,99879,100,100064,100,99877,100,100069,100,99871,100,100074,100,99849,100,100081,100,99836,100,100083,100,99772,100
2019-06-28 09:37:16.510719206,100014,330,99981,100,100023,330,99940,330,100027,100,99920,330,100053,100,99919,100,100061,100,99894,100,100064,100,99879,100,100069,100,99877,100,100074,100,99871,100,100081,100,99849,100,100083,100,99836,100
2019-06-28 09:37:19.037314340,100014,330,99981,100,100023,330,99970,100,100027,100,99940,330,100053,100,99920,330,100061,100,99919,100,100064,100,99894,100,100069,100,99879,100,100074,100,99877,100,100081,100,99871,100,100083,100,99849,100
2019-06-28 09:37:20.000000000,100014,560,99981,560,100023,100,99970,100,100027,100,99940,100,100053,100,99920,100,100061,100,99919,100,100064,100,99894,100,100069,100,99879,100,100074,100,99877,100,100081,100,99871,100,100083,100,99849,100
2019-06-28 09:37:30.000000000,100014,192,99981,192,100023,192,99970,192,100027,192,99940,192,100053,192,99920,192,100061,192,99919,192,100064,100,99894,100,100069,100,99879,100,100074,100,99877,100,100081,100,99871,100,100083,100,99849,100
2019-06-28 09:37:32.117312255,99992,100,99981,192,100014,192,99970,192,100023,192,99940,192,100027,192,99920,192,100053,192,99919,192,100061,192,99894,100,100064,100,99879,100,100069,100,99877,100,100074,100,99871,100,100081,100,99849,100
2019-06-28 09:37:40.000000000,99992,560,99981,560,100014,100,99970,100,100023,100,99940,100,100027,100,99920,100,100053,100,99919,100,100061,100,99894,100,100064,100,99879,100,100069,100,99877,100,100074,100,99871,100,100081,100,99849,100
2019-06-28 09:37:43.982179635,99992,560,99981,460,100014,100,99970,100,100023,100,99940,100,100027,100,99920,100,100053,100,99919,100,100061,100,99894,100,100064,100,99879,100,100074,100,99877,100,100081,100,99871,100,100083,100,99849,100
2019-06-28 09:37:50.000000000,99992,330,99970,330,100014,330,99940,330,100023,100,99920,100,100027,100,99919,100,100053,100,99894,100,100061,100,99879,100,100064,100,99877,100,100074,100,99871,100,100081,100,99849,100,100083,100,99836,100
2019-06-28 09:38:00.000000000,99992,256,99970,256,100014,252,99940,252,100023,252,99920,252,100027,100,99919,100,100053,100,99894,100,100061,100,99879,100,100064,100,99877,100,100074,100,99871,100,100081,100,99849,100,100083,100,99836,100
2019-06-28 09:38:10.000000000,99992,192,99970,192,100014,192,99940,192,100023,192,99920,192,100027,192,99919,192,100053,192,99894,192,100061,100,99879,100,100064,100,99877,100,100074,100,99871,100,100081,100,99849,100,100083,100,99836,100
2019-06-28 09:38:20.000000000,99992,256,99970,256,100014,252,99940,252,100023,252,99920,252,100027,100,99919,100,100053,100,99894,100,100061,100,99879,100,100064,100,99877,100,100074,100,99871,100,100081,100,99849,100,100083,100,99836,100
2019-06-28 09:38:22.778637987,99992,256,99970,156,100014,252,99940,252,100023,252,99920,252,100027,100,99919,100,100053,100,99894,100,100061,100,99879,100,100064,100,99877,100,100074,100,99871,100,100081,100,99849,100,100083,100,99836,100
2019-06-28 09:38:25.125509591,99992,256,99970,156,100014,252,99940,252,100023,252,99920,252,100027,100,99919,100,100053,100,99894,100,100061,100,99879,100,100064,100,99877,100,100074,100,99871,100,100081,100,99849,100,100083,100,99836,100
2019-06-28 09:38:25.838452191,99992,256,99970,56,100014,252,99940,252,100023,252,99920,252,100027,100,99919,100,100053,100,99894,100,100061,100,99879,100,100064,100,99877,100,100074,100,99871,100,100081,100,99849,100,100083,100,99836,100
2019-06-28 09:38:30.000000000,99992,330,99940,330,100014,330,99920,330,100023,100,99919,100,100027,100,99894,100,100053,100,99879,100,100061,100,99877,100,100064,100,99871,100,100074,100,99849,100,100081,100,99836,100,100083,100,99772,100
2019-06-28 09:38:34.992743730,99992,330,99940,330,100014,330,99920,330,100023,100,99919,100,100027,100,99894,100,100053,100,99879,100,100061,100,99877,100,100064,100,99871,100,100074,100,99849,100,100081,100,99836,100,100083,100,99772,100
2019-06-28 09:38:37.496154450,99992,330,99940,330,100014,330,99920,330,100023,100,99919,100,100027,100,99894,100,100053,100,99879,100,100061,100,99877,100,100064,100,99871,100,100074,100,99849,100,100081,100,99836,100,100083,100,99772,100
2019-06-28 09:38:40.000000000,99992,560,99940,560,100014,100,99920,100,100023,100,99919,100,100027,100,99894,100,100053,100,99879,100,100061,100,99877,100,100064,100,99871,100,100074,100,99849,100,100081,100,99836,100,100083,100,99772,100
2019-06-28 09:38:42.237925917,99992,560,99940,460,100014,100,99920,100,100023,100,99919,100,100027,100,99894,100,100053,100,99879,100,100061,100,99877,100,100074,100,99871,100,100081,100,99849,100,100083,100,99836,100,100096,100,99772,100
2019-06-28 09:38:50.000000000,99992,215,99920,215,100014,215,99919,215,100023,215,99894,215,100027,215,99879,215,100053,100,99877,100,100061,100,99871,100,100074,100,99849,100,100081,100,99836,100,100083,100,99772,100,100096,100,99735,100
2019-06-28 09:38:58.174303872,99992,215,99920,115,100014,215,99919,215,100023,215,99894,215,100027,215,99879,215,100053,100,99877,100,100061,100,99871,100,100074,100,99849,100,100081,100,99836,100,100083,100,99772,100,100096,100,99735,100
2019-06-28 09:39:00.000000000,99992,192,99919,192,100014,192,99894,192,100023,192,99879,192,100027,192,99877,192,100053,192,99871,192,100061,100,99849,100,100074,100,99836,100,100081,100,99772,100,100083,100,99735,100,100096,100,99479,100
2019-06-28 09:39:10.000000000,99992,256,99919,256,100014,252,99894,252,100023,252,99879,252,100027,100,99877,100,100053,100,99871,100,100061,100,99849,100,100074,100,99836,100,100081,100,99772,100,100083,100,99735,100,100096,100,99479,100
2019-06-28 09:39:13.698058906,99992,256,99919,256,100014,252,99894,252,100023,252,99879,252,100027,100,99877,100,100061,100,99871,100,100074,100,99849,100,100081,100,99836,100,100083,100,99772,100,100096,100,99735,100,100121,100,99479,100
2019-06-28 09:39:14.435625560,99992,256,99919,256,100014,252,99894,252,100023,252,99879,252,100027,100,99877,100,100061,100,99871,100,100074,100,99849,100,100081,100,99836,100,100083,100,99772,100,100096,100,99735,100,100121,100,99460,100
2019-06-28 09:39:20.000000000,99992,192,99919,192,100014,192,99894,192,100023,192,99879,192,100027,192,99877,192,100061,192,99871,192,100074,100,99849,100,100081,100,99836,100,100083,100,99772,100,100096,100,99735,100,100121,100,99460,100
2019-06-28 09:39:30.000000000,99992,560,99919,560,100014,100,99894,100,100023,100,99879,100,100027,100,99877,100,100061,100,99871,100,100074,100,99849,100,100081,100,99836,100,100083,100,99772,100,100096,100,99735,100,100121,100,99460,100
2019-06-28 09:39:40.000000000,99992,192,99919,192,100014,192,99894,192,100023,192,99879,192,100027,192,99877,192,100061,192,99871,192,100074,100,99849,100,100081,100,99836,100,100083,100,99772,100,100096,100,99735,100,100121,100,99460,100
2019-06-28 09:39:49.779147044,99992,192,99919,192,100014,192,99894,192,100023,192,99879,192,100027,192,99877,192,100061,192,99871,192,100074,100,99849,100,100081,100,99836,100,100083,100,99772,100,100096,100,99735,100,100121,100,99460,100
2019-06-28 09:39:50.000000000,99992,330,99919,330,100014,330,99894,330,100023,100,99879,100,100027,100,99877,100,100061,100,99871,100,100074,100,99849,100,100081,100,99836,100,100083,100,99772,100,100096,100,99735,100,100121,100,99460,100
2019-06-28 09:40:00.000000000,99992,330,99919,330,100014,330,99894,330,100023,100,99879,100,100027,100,99877,100,100061,100,99871,100,100074,100,99849,100,100081,100,99836,100,100083,100,99772,100,100096,100,99735,100,100121,100,99460,100
2019-06-28 09:40:10.000000000,99992,192,99919,192,100014,192,99894,192,100023,192,99879,192,100027,192,99877,192,100061,192,99871,192,100074,100,99849,100,100081,100,99836,100,100083,100,99772,100,100096,100,99735,100,100121,100,99460,100
2019-06-28 09:40:15.712805930,99992,192,99919,192,100014,192,99894,192,100023,192,99879,192,100027,192,99877,192,100061,192,99871,192,100074,100,99849,100,100081,100,99836,100,100083,100,99772,100,100096,100,99735,100,100121,100,99460,100
2019-06-28 09:40:20.000000000,99992,215,99919,215,100014,215,99894,215,100023,215,99879,215,100027,215,99877,215,100061,100,99871,100,100074,100,99849,100,100081,100,99836,100,100083,100,99772,100,100096,100,99735,100,100121,100,99460,100
2019-06-28 09:40:30.000000000,99992,560,99919,560,100014,100,99894,100,100023,100,99879,100,100027,100,99877,100,100061,100,99871,100,100074,100,99849,100,100081,100,99836,100,100083,100,99772,100,100096,100,99735,100,100121,100,99460,100
2019-06-28 09:40:40.000000000,99992,256,99919,256,100014,252,99894,252,100023,252,99879,252,100027,100,99877,100,100061,100,99871,100,100074,100,99849,100,100081,100,99836,100,100083,100,99772,100,100096,100,99735,100,100121,100,99460,100
2019-06-28 09:40:50.000000000,99992,215,99919,215,100014,215,99894,215,100023,215,99879,215,100027,215,99877,215,100061,100,99871,100,100074,100,99849,100,100081,100,99836,100,100083,100,99772,100,100096,100,99735,100,100121,100,99460,100
2019-06-28 09:40:58.156831938,99992,215,99919,215,100014,215,99894,215,100023,215,99879,215,100027,215,99877,215,100061,100,99871,100,100081,100,99849,100,100083,100,99836,100,100096,100,99772,100,100121,100,99735,100,100133,100,99460,100
2019-06-28 09:41:00.000000000,99992,256,99919,256,100014,252,99894,252,100023,252,99879,252,100027,100,99877,100,100061,100,99871,100,100081,100,99849,100,100083,100,99836,100,100096,100,99772,100,100121,100,99735,100,100133,100,99460,100
2019-06-28 09:41:10.000000000,99992,560,99919,560,100014,100,99894,100,100023,100,99879,100,100027,100,99877,100,100061,100,99871,100,100081,100,99849,100,100083,100,99836,100,100096,100,99772,100,100121,100,99735,100,100133,100,99460,100
2019-06-28 09:41:20.000000000,99992,330,99919,330,100014,330,99894,330,100023,100,99879,100,100027,100,99877,100,100061,100,99871,100,100081,100,99849,100,100083,100,99836,100,100096,100,99772,100,100121,100,99735,100,100133,100,99460,100
2019-06-28 09:41:22.140447126,99940,100,99919,330,99992,330,99894,330,100014,330,99879,100,100023,100,99877,100,100027,100,99871,100,100061,100,99849,100,100081,100,99836,100,100083,100,99772,100,100096,100,99735,100,100121,100,99460,100
2019-06-28 09:41:28.632217756,99940,100,99919,330,99992,330,99894,330,100014,330,99879,100,100023,100,99877,100,100027,100,99871,100,100061,100,99849,100,100081,100,99836,100,100096,100,99772,100,100121,100,99735,100,100133,100,99460,100
2019-06-28 09:41:30.000000000,99940,256,99919,256,99992,252,99894,252,100014,252,99879,252,100023,100,99877,100,100027,100,99871,100,100061,100,99849,100,100081,100,99836,100,100096,100,99772,100,100121,100,99735,100,100133,100,99460,100
2019-06-28 09:41:40.000000000,99940,560,99919,560,99992,100,99894,100,100014,100,99879,100,100023,100,99877,100,100027,100,99871,100,100061,100,99849,100,100081,100,99836,100,100096,100,99772,100,100121,100,99735,100,100133,100,99460,100
2019-06-28 09:41:50.000000000,99940,215,99919,215,99992,215,99894,215,100014,215,99879,215,100023,215,99877,215,100027,100,99871,100,100061,100,99849,100,100081,100,99836,100,100096,100,99772,100,100121,100,99735,100,100133,100,99460,100
2019-06-28 09:41:51.956851208,99940,315,99919,215,99992,215,99894,215,100014,215,99879,215,100023,215,99877,215,100027,100,99871,100,100061,100,99849,100,100081,100,99836,100,100096,100,99772,100,100121,100,99735,100,100133,100,99460,100
2019-06-28 09:42:00.000000000,99940,430,99919,330,99992,330,99894,330,100014,100,99879,100,100023,100,99877,100,100027,100,99871,100,100061,100,99849,100,100081,100,99836,100,100096,100,99772,100,100121,100,99735,100,100133,100,99460,100
2019-06-28 09:42:10.000000000,99940,315,99919,215,99992,215,99894,215,100014,215,99879,215,100023,215,99877,215,100027,100,99871,100,100061,100,99849,100,100081,100,99836,100,100096,100,99772,100,100121,100,99735,100,100133,100,99460,100
2019-06-28 09:42:16.296152268,99940,315,99919,115,99992,215,99894,215,100014,215,99879,215,100023,215,99877,215,100027,100,99849,100,100061,100,99836,100,100081,100,99772,100,100096,100,99735,100,100121,100,99460,100,100133,100,99450,100
2019-06-28 09:42:19.011258037,99940,315,99919,115,99992,215,99894,215,100014,215,99879,215,100023,215,99877,215,100027,100,99849,100,100061,100,99836,100,100081,100,99772,100,100096,100,99735,100,100121,100,99460,100,100133,100,99450,100
2019-06-28 09:42:20.000000000,99940,430,99894,330,99992,330,99879,330,100014,100,99877,100,100023,100,99849,100,100027,100,99836,100,100061,100,99772,100,100081,100,99735,100,100096,100,99460,100,100121,100,99450,100,100133,100,99376,100
2019-06-28 09:42:28.417587013,99940,430,99894,330,99992,330,99879,330,100014,100,99877,100,100023,100,99849,100,100027,100,99836,100,100061,100,99772,100,100081,100,99735,100,100096,100,99460,100,100121,100,99376,100,100133,100,99258,100
2019-06-28 09:42:30.000000000,99940,292,99894,192,99992,192,99879,192,100014,192,99877,192,100023,192,99849,192,100027,192,99836,192,100061,100,99772,100,100081,100,99735,100,100096,100,99460,100,100121,100,99376,100,100133,100,99258,100
2019-06-28 09:42:30.495031840,99940,292,99894,192,99992,192,99879,192,100014,192,99877,192,100023,192,99849,192,100027,192,99836,192,100061,100,99772,100,100081,100,99735,100,100121,100,99460,100,100133,100,99376,100,100160,100,99258,100
2019-06-28 09:42:40.000000000,99940,292,99894,192,99992,192,99879,192,100014,192,99877,192,100023,192,99849,192,100027,192,99836,192,100061,100,99772,100,100081,100,99735,100,100121,100,99460,100,100133,100,99376,100,100160,100,99258,100
2019-06-28 09:42:48.320692409,99940,292,99894,92,99992,192,99879,192,100014,192,99877,192,100023,192,99849,192,100027,192,99836,192,100061,100,99772,100,100081,100,99735,100,100121,100,99460,100,100133,100,99376,100,100160,100,99258,100
2019-06-28 09:42:50.000000000,99940,430,99879,330,99992,330,99877,330,100014,100,99849,100,100023,100,99836,100,100027,100,99772,100,100061,100,99735,100,100081,100,99460,100,100121,100,99376,100,100133,100,99258,100,100160,100,99249,100
2019-06-28 09:42:52.494064389,99940,430,99879,330,99992,330,99877,330,100014,100,99849,100,100023,100,99836,100,100027,100,99772,100,100061,100,99735,100,100081,100,99460,100,100121,100,99376,100,100133,100,99258,100,100160,100,99249,100
2019-06-28 09:42:56.294570918,99940,430,99879,230,99992,330,99877,330,100014,100,99849,100,100023,100,99836,100,100027,100,99772,100,100081,100,99735,100,100121,100,99460,100,100133,100,99376,100,100160,100,99258,100,100163,100,99249,100
2019-06-28 09:43:00.000000000,99940,292,99877,192,99992,192,99849,192,100014,192,99836,192,100023,192,99772,192,100027,192,99735,192,100081,100,99460,100,100121,100,99376,100,100133,100,99258,100,100160,100,99249,100,100163,100,99218,100
2019-06-28 09:43:10.000000000,99940,315,99877,215,99992,215,99849,215,100014,215,99836,215,100023,215,99772,215,100027,100,99735,100,100081,100,99460,100,100121,100,99376,100,100133,100,99258,100,100160,100,99249,100,100163,100,99218,100
2019-06-28 09:43:20.000000000,99940,356,99877,256,99992,252,99849,252,100014,252,99836,252,100023,100,99772,100,100027,100,99735,100,100081,100,99460,100,100121,100,99376,100,100133,100,99258,100,100160,100,99249,100,100163,100,99218,100
2019-06-28 09:43:20.279979077,99940,356,99877,256,99992,252,99849,252,100014,252,99836,252,100023,100,99772,100,100027,100,99735,100,100081,100,99460,100,100121,100,99376,100,100133,100,99350,100,100160,100,99249,100,100163,100,99218,100
2019-06-28 09:43:21.727384016,99940,356,99877,156,99992,252,99849,252,100014,252,99836,252,100023,100,99772,100,100027,100,99735,100,100081,100,99460,100,100121,100,99376,100,100133,100,99350,100,100160,100,99249,100,100163,100,99218,100
2019-06-28 09:43:30.000000000,99940,315,99849,215,99992,215,99836,215,100014,215,99772,215,100023,215,99735,215,100027,100,99460,100,100081,100,99376,100,100121,100,99350,100,100133,100,99249,100,100160,100,99218,100,100163,100,99176,100
2019-06-28 09:43:30.550493482,99940,315,99849,215,99992,215,99836,215,100014,215,99772,215,100023,215,99735,215,100027,100,99460,100,100081,100,99376,100,100121,100,99350,100,100133,100,99317,100,100160,100,99249,100,100163,100,99218,100
2019-06-28 09:43:40.000000000,99940,430,99849,330,99992,330,99836,330,100014,100,99772,100,100023,100,99735,100,100027,100,99460,100,100081,100,99376,100,100121,100,99350,100,100133,100,99317,100,100160,100,99249,100,100163,100,99218,100
2019-06-28 09:43:50.000000000,99940,660,99849,560,99992,100,99836,100,100014,100,99772,100,100023,100,99735,100,100027,100,99460,100,100081,100,99376,100,100121,100,99350,100,100133,100,99317,100,100160,100,99249,100,100163,100,99218,100
2019-06-28 09:44:00.000000000,99940,292,99849,192,99992,192,99836,192,100014,192,99772,192,100023,192,99735,192,100027,192,99460,192,100081,100,99376,100,100121,100,99350,100,100133,100,99317,100,100160,100,99249,100,100163,100,99218,100
2019-06-28 09:44:01.265085717,99940,292,99849,192,99992,192,99836,192,100014,192,99772,192,100023,192,99735,92,100027,192,99460,192,100081,100,99389,100,100121,100,99376,100,100133,100,99350,100,100160,100,99317,100,100163,100,99249,100
2019-06-28 09:44:07.735977883,99940,292,99849,92,99992,192,99836,192,100014,192,99772,192,100023,192,99735,92,100027,192,99460,192,100081,100,99389,100,100121,100,99376,100,100133,100,99350,100,100160,100,99317,100,100163,100,99249,100
2019-06-28 09:44:10.000000000,99940,430,99836,330,99992,330,99772,330,100014,100,99460,100,100023,100,99389,100,100027,100,99376,100,100081,100,99350,100,100121,100,99317,100,100133,100,99249,100,100160,100,99218,100,100163,100,99176,100
2019-06-28 09:44:11.571452049,99940,430,99836,230,99992,330,99772,330,100014,100,99460,100,100023,100,99389,100,100027,100,99376,100,100081,100,99350,100,100121,100,99317,100,100133,100,99249,100,100160,100,99218,100,100163,100,99176,100
2019-06-28 09:44:20.000000000,99940,660,99772,560,99992,100,99460,100,100014,100,99389,100,100023,100,99376,100,100027,100,99350,100,100081,100,99317,100,100121,100,99249,100,100133,100,99218,100,100160,100,99176,100,100163,100,99145,100
2019-06-28 09:44:25.453171024,99940,660,99772,460,99992,100,99460,100,100014,100,99389,100,100023,100,99376,100,100027,100,99350,100,100081,100,99317,100,100133,100,99249,100,100160,100,99218,100,100163,100,99176,100,,,99145,100
2019-06-28 09:44:25.521761882,99940,660,99772,460,99992,100,99460,100,100014,100,99389,100,100023,100,99376,100,100027,100,99350,100,100081,100,99319,100,100133,100,99317,100,100160,100,99249,100,100163,100,99218,100,,,99176,100
2019-06-28 09:44:30.000000000,99940,660,99460,560,99992,100,99389,100,100014,100,99376,100,100023,100,99350,100,100027,100,99319,100,100081,100,99317,100,100133,100,99249,100,100160,100,99218,100,100163,100,99176,100,,,99145,100
2019-06-28 09:44:31.661297885,99940,660,99460,560,99992,100,99419,100,100014,100,99389,100,100023,100,99376,100,100027,100,99350,100,100081,100,99319,100,100133,100,99317,100,100160,100,99249,100,100163,100,99218,100,,,99176,100
2019-06-28 09:44:40.000000000,99940,356,99460,256,99992,252,99419,252,100014,252,99389,252,100023,100,99376,100,100027,100,99350,100,100081,100,99319,100,100133,100,99317,100,100160,100,99249,100,100163,100,99218,100,,,99176,100
2019-06-28 09:44:50.000000000,99940,356,99460,256,99992,252,99419,252,100014,252,99389,252,100023,100,99376,100,100027,100,99350,100,100081,100,99319,100,100133,100,99317,100,100160,100,99249,100,100163,100,99218,100,,,99176,100
2019-06-28 09:44:52.680549912,99836,100,99460,256,99940,356,99419,252,99992,252,99389,252,100014,252,99376,100,100023,100,99350,100,100027,100,99319,100,100081,100,99317,100,100133,100,99249,100,100160,100,99218,100,100163,100,99176,100
2019-06-28 09:45:00.000000000,99836,560,99460,560,99940,200,99419,100,99992,100,99389,100,100014,100,99376,100,100023,100,99350,100,100027,100,99319,100,100081,100,99317,100,100133,100,99249,100,100160,100,99218,100,100163,100,99176,100
2019-06-28 09:45:10.000000000,99836,330,99460,330,99940,430,99419,330,99992,100,99389,100,100014,100,99376,100,100023,100,99350,100,100027,100,99319,100,100081,100,99317,100,100133,100,99249,100,100160,100,99218,100,100163,100,99176,100
2019-06-28 09:45:13.066352923,99836,230,99460,330,99940,430,99419,330,99992,100,99389,100,100014,100,99376,100,100023,100,99350,100,100027,100,99319,100,100081,100,99317,100,100133,100,99249,100,100160,100,99218,100,100163,100,99176,100
2019-06-28 09:45:20.000000000,99940,430,99460,330,99992,330,99419,330,100014,100,99389,100,100023,100,99376,100,100027,100,99350,100,100081,100,99319,100,100133,100,99317,100,100160,100,99249,100,100163,100,99218,100,,,99176,100
2019-06-28 09:45:30.000000000,99940,356,99460,256,99992,252,99419,252,100014,252,99389,252,100023,100,99376,100,100027,100,99350,100,100081,100,99319,100,100133,100,99317,100,100160,100,99249,100,100163,100,99218,100,,,99176,100
2019-06-28 09:45:40.000000000,99940,356,99460,256,99992,252,99419,252,100014,252,99389,252,100023,100,99376,100,100027,100,99350,100,100081,100,99319,100,100133,100,99317,100,100160,100,99249,100,100163,100,99218,100,,,99176,100
2019-06-28 09:45:45.154779118,99563,100,99460,256,99940,356,99419,252,99992,252,99389,252,100014,252,99350,100,100023,100,99319,100,100027,100,99317,100,100081,100,99249,100,100133,100,99218,100,100160,100,99176,100,100163,100,99145,100
2019-06-28 09:45:50.000000000,99563,192,99460,192,99940,292,99419,192,99992,192,99389,192,100014,192,99350,192,100023,192,99319,192,100027,100,99317,100,100081,100,99249,100,100133,100,99218,100,100160,100,99176,100,100163,100,99145,100
2019-06-28 09:46:00.000000000,99563,192,99460,192,99940,292,99419,192,99992,192,99389,192,100014,192,99350,192,100023,192,99319,192,100027,100,99317,100,100081,100,99249,100,100133,100,99218,100,100160,100,99176,100,100163,100,99145,100
2019-06-28 09:46:10.000000000,99563,560,99460,560,99940,200,99419,100,99992,100,99389,100,100014,100,99350,100,100023,100,99319,100,100027,100,99317,100,100081,100,99249,100,100133,100,99218,100,100160,100,99176,100,100163,100,99145,100
2019-06-28 09:46:12.487607981,99563,460,99460,560,99940,200,99419,100,99992,100,99389,100,100014,100,99350,100,100023,100,99319,100,100027,100,99317,100,100081,100,99249,100,100133,100,99218,100,100160,100,99176,100,100163,100,99145,100
2019-06-28 09:46:20.000000000,99940,292,99460,192,99992,192,99419,192,100014,192,99389,192,100023,192,99350,192,100027,192,99319,192,100081,100,99317,100,100133,100,99249,100,100160,100,99218,100,100163,100,99176,100,,,99145,100
2019-06-28 09:46:24.056204153,99940,192,99563,100,99992,192,99460,192,100014,192,99419,192,100023,192,99389,192,100027,192,99350,192,100081,100,99319,192,100133,100,99317,100,100160,100,99249,100,100163,100,99218,100,,,99176,100
2019-06-28 09:46:30.000000000,99940,192,99563,192,99992,192,99460,192,100014,192,99419,192,100023,192,99389,192,100027,192,99350,192,100081,100,99319,100,100133,100,99317,100,100160,100,99249,100,100163,100,99218,100,,,99176,100
2019-06-28 09:46:38.184696717,99940,192,99563,192,99992,192,99460,192,100014,192,99419,192,100023,192,99389,192,100027,192,99350,192,100081,100,99319,100,100133,100,99317,100,100160,100,99249,100,100163,100,99218,100,100280,100,99176,100
2019-06-28 09:46:40.000000000,99940,192,99563,192,99992,192,99460,192,100014,192,99419,192,100023,192,99389,192,100027,192,99350,192,100081,100,99319,100,100133,100,99317,100,100160,100,99249,100,100163,100,99218,100,100280,100,99176,100
2019-06-28 09:46:46.982392498,99940,192,99563,192,99992,192,99460,192,100014,192,99419,192,100023,192,99389,192,100027,192,99350,192,100081,100,99319,100,100133,100,99317,100,100160,100,99249,100,100163,100,99218,100,100280,100,99176,100
2019-06-28 09:46:50.000000000,99940,330,99563,330,99992,330,99460,330,100014,100,99419,100,100023,100,99389,100,100027,100,99350,100,100081,100,99319,100,100133,100,99317,100,100160,100,99249,100,100163,100,99218,100,100280,100,99176,100
2019-06-28 09:47:00.000000000,99940,192,99563,192,99992,192,99460,192,100014,192,99419,192,100023,192,99389,192,100027,192,99350,192,100081,100,99319,100,100133,100,99317,100,100160,100,99249,100,100163,100,99218,100,100280,100,99176,100
2019-06-28 09:47:01.236080050,99940,192,99563,192,99992,192,99460,192,100014,192,99419,192,100023,192,99389,192,100027,192,99350,192,100081,100,99319,100,100133,100,99317,100,100160,100,99249,100,100163,100,99218,100,100272,100,99176,100
2019-06-28 09:47:10.000000000,99940,256,99563,256,99992,252,99460,252,100014,252,99419,252,100023,100,99389,100,100027,100,99350,100,100081,100,99319,100,100133,100,99317,100,100160,100,99249,100,100163,100,99218,100,100272,100,99176,100
2019-06-28 09:47:20.000000000,99940,215,99563,215,99992,215,99460,215,100014,215,99419,215,100023,215,99389,215,100027,100,99350,100,100081,100,99319,100,100133,100,99317,100,100160,100,99249,100,100163,100,99218,100,100272,100,99176,100
2019-06-28 09:47:21.125016605,99940,215,99563,215,99992,215,99460,215,100014,215,99419,215,100023,215,99389,215,100027,100,99350,100,100081,100,99319,100,100133,100,99317,100,100160,100,99249,100,100163,100,99218,100,100272,100,99176,100
2019-06-28 09:47:21.487036833,99940,115,99563,215,99992,215,99460,215,100014,215,99419,215,100023,215,99389,215,100027,100,99350,100,100081,100,99319,100,100133,100,99317,100,100160,100,99249,100,100163,100,99218,100,100272,100,99176,100
2019-06-28 09:47:30.000000000,99992,192,99563,192,100014,192,99460,192,100023,192,99419,192,100027,192,99389,192,100081,192,99350,192,100133,100,99319,100,100160,100,99317,100,100163,100,99249,100,100272,100,99218,100,100280,100,99176,100
2019-06-28 09:47:40.000000000,99992,560,99563,560,100014,100,99460,100,100023,100,99419,100,100027,100,99389,100,100081,100,99350,100,100133,100,99319,100,100160,100,99317,100,100163,100,99249,100,100272,100,99218,100,100280,100,99176,100
2019-06-28 09:47:45.940106002,99992,460,99563,560,100014,100,99460,100,100023,100,99419,100,100027,100,99389,100,100081,100,99350,100,100133,100,99319,100,100160,100,99317,100,100163,100,99249,100,100272,100,99218,100,100280,100,99176,100
2019-06-28 09:47:50.000000000,100014,192,99563,192,100023,192,99460,192,100027,192,99419,192,100081,192,99389,192,100133,192,99350,192,100160,100,99319,100,100163,100,99317,100,100272,100,99249,100,100280,100,99218,100,100391,100,99176,100
2019-06-28 09:48:00.000000000,100014,330,99563,330,100023,330,99460,330,100027,100,99419,100,100081,100,99389,100,100133,100,99350,100,100160,100,99319,100,100163,100,99317,100,100272,100,99249,100,100280,100,99218,100,100391,100,99176,100
2019-06-28 09:48:02.631948321,100014,330,99940,100,100023,330,99563,330,100027,100,99460,330,100081,100,99419,100,100133,100,99389,100,100160,100,99350,100,100163,100,99319,100,100272,100,99317,100,100280,100,99249,100,100391,100,99218,100
2019-06-28 09:48:10.000000000,100014,330,99940,330,100023,330,99563,330,100027,100,99460,100,100081,100,99419,100,100133,100,99389,100,100160,100,99350,100,100163,100,99319,100,100272,100,99317,100,100280,100,99249,100,100391,100,99218,100
2019-06-28 09:48:20.000000000,100014,330,99940,330,100023,330,99563,330,100027,100,99460,100,100081,100,99419,100,100133,100,99389,100,100160,100,99350,100,100163,100,99319,100,100272,100,99317,100,100280,100,99249,100,100391,100,99218,100
2019-06-28 09:48:24.122937258,100014,230,99940,330,100023,330,99563,330,100027,100,99460,100,100081,100,99419,100,100133,100,99389,100,100160,100,99350,100,100163,100,99319,100,100272,100,99317,100,100280,100,99249,100,100391,100,99218,100
2019-06-28 09:48:30.000000000,100023,256,99940,256,100027,252,99563,252,100081,252,99460,252,100133,100,99419,100,100160,100,99389,100,100163,100,99350,100,100272,100,99319,100,100280,100,99317,100,100391,100,99249,100,,,99218,100
2019-06-28 09:48:38.477958704,100023,156,99940,256,100027,252,99563,252,100081,252,99460,152,100133,100,99419,100,100160,100,99389,100,100163,100,99350,100,100272,100,99319,100,100280,100,99317,100,100391,100,99249,100,,,99218,100
2019-06-28 09:48:40.000000000,100027,330,99940,330,100081,330,99563,330,100133,100,99419,100,100160,100,99389,100,100163,100,99350,100,100272,100,99319,100,100280,100,99317,100,100391,100,99249,100,,,99218,100,,,99176,100
2019-06-28 09:48:50.000000000,100027,256,99940,256,100081,252,99563,252,100133,252,99419,252,100160,100,99389,100,100163,100,99350,100,100272,100,99319,100,100280,100,99317,100,100391,100,99249,100,,,99218,100,,,99176,100
2019-06-28 09:48:57.242573638,100027,156,99940,256,100081,252,99563,252,100133,252,99419,252,100160,100,99389,100,100163,100,99350,100,100272,100,99319,100,100280,100,99317,100,100391,100,99249,100,,,99218,100,,,99176,100
2019-06-28 09:49:00.000000000,100081,330,99940,330,100133,330,99563,330,100160,100,99419,100,100163,100,99389,100,100272,100,99350,100,100280,100,99319,100,100391,100,99317,100,,,99249,100,,,99218,100,,,99176,100
2019-06-28 09:49:10.000000000,100081,192,99940,192,100133,192,99563,192,100160,192,99419,192,100163,192,99389,192,100272,192,99350,192,100280,100,99319,100,100391,100,99317,100,,,99249,100,,,99218,100,,,99176,100
2019-06-28 09:49:12.737068192,100081,92,99940,192,100133,192,99563,192,100160,192,99419,192,100163,192,99389,192,100272,192,99350,192,100280,100,99319,100,100391,100,99317,100,,,99249,100,,,99218,100,,,99176,100
2019-06-28 09:49:16.584341318,100133,192,100081,8,100160,192,99940,192,100163,192,99563,192,100272,192,99419,192,100280,100,99389,192,100391,100,99350,192,,,99319,100,,,99317,100,,,99249,100,,,99218,100
2019-06-28 09:49:20.000000000,100133,330,100081,238,100160,330,99940,330,100163,100,99563,100,100272,100,99419,100,100280,100,99389,100,100391,100,99350,100,,,99319,100,,,99317,100,,,99249,100,,,99218,100
2019-06-28 09:49:30.000000000,100133,192,100081,100,100160,192,99940,192,100163,192,99563,192,100272,192,99419,192,100280,192,99389,192,100391,100,99350,100,,,99319,100,,,99317,100,,,99249,100,,,99218,100
2019-06-28 09:49:37.149535265,100133,92,100081,100,100160,192,99940,192,100163,192,99563,192,100272,192,99419,192,100280,192,99389,192,100391,100,99319,100,,,99317,100,,,99249,100,,,99218,100,,,99176,100
2019-06-28 09:49:40.000000000,100160,560,100081,468,100163,100,99940,100,100272,100,99563,100,100280,100,99419,100,100391,100,99389,100,,,99319,100,,,99317,100,,,99249,100,,,99218,100,,,99176,100
2019-06-28 09:49:50.000000000,100160,192,100081,100,100163,192,99940,192,100272,192,99563,192,100280,192,99419,192,100391,192,99389,192,,,99319,100,,,99317,100,,,99249,100,,,99218,100,,,99176,100
2019-06-28 09:49:57.658421681,100160,92,100081,100,100163,192,99940,192,100272,192,99563,192,100280,192,99419,192,100391,192,99389,192,100639,100,99319,100,,,99317,100,,,99249,100,,,99218,100,,,99176,100
2019-06-28 09:50:00.000000000,100163,215,100081,123,100272,215,99940,215,100280,215,99563,215,100391,215,99419,215,100639,100,99389,100,,,99319,100,,,99317,100,,,99249,100,,,99218,100,,,99176,100
2019-06-28 09:50:10.000000000,100163,215,100081,123,100272,215,99940,215,100280,215,99563,215,100391,215,99419,215,100639,100,99389,100,,,99319,100,,,99317,100,,,99249,100,,,99218,100,,,99176,100
2019-06-28 09:50:20.000000000,100163,256,100081,164,100272,252,99940,252,100280,252,99563,252,100391,100,99419,100,100639,100,99389,100,,,99319,100,,,99317,100,,,99249,100,,,99218,100,,,99176,100
2019-06-28 09:50:30.000000000,100163,192,100081,100,100272,192,99940,192,100280,192,99563,192,100391,192,99419,192,100639,192,99389,192,,,99319,100,,,99317,100,,,99249,100,,,99218,100,,,99176,100
2019-06-28 09:50:40.000000000,100163,192,100081,100,100272,192,99940,192,100280,192,99563,192,100391,192,99419,192,100639,192,99389,192,,,99319,100,,,99317,100,,,99249,100,,,99218,100,,,99176,100
2019-06-28 09:50:40.429420229,100163,192,100081,100,100272,192,99940,192,100280,192,99563,192,100391,192,99419,192,100639,192,99389,192,100891,100,99319,100,,,99317,100,,,99249,100,,,99218,100,,,99176,100
2019-06-28 09:50:50.000000000,100163,215,100081,123,100272,215,99940,215,100280,215,99563,215,100391,215,99419,215,100639,100,99389,100,100891,100,99319,100,,,99317,100,,,99249,100,,,99218,100,,,99176,100
2019-06-28 09:50:54.638408357,100163,215,100081,123,100272,215,99940,215,100280,215,99563,215,100391,215,99419,215,100639,100,99389,100,100777,100,99319,100,100891,100,99317,100,,,99249,100,,,99218,100,,,99176,100
2019-06-28 09:51:00.000000000,100163,330,100081,238,100272,330,99940,330,100280,100,99563,100,100391,100,99419,100,100639,100,99389,100,100777,100,99319,100,100891,100,99317,100,,,99249,100,,,99218,100,,,99176,100
2019-06-28 09:51:10.000000000,100163,256,100081,164,100272,252,99940,252,100280,252,99563,252,100391,100,99419,100,100639,100,99389,100,100777,100,99319,100,100891,100,99317,100,,,99249,100,,,99218,100,,,99176,100
2019-06-28 09:51:13.653647397,100163,156,100081,164,100272,252,99940,252,100280,252,99563,252,100391,100,99419,100,100639,100,99389,100,100777,100,99319,100,100891,100,99317,100,,,99249,100,,,99218,100,,,99176,100
2019-06-28 09:51:14.336980573,100163,56,100081,164,100272,252,99940,252,100280,252,99563,252,100391,100,99419,100,100639,100,99389,100,100777,100,99319,100,100891,100,99317,100,,,99249,100,,,99218,100,,,99176,100
2019-06-28 09:51:15.908706615,100163,56,100081,164,100272,252,99940,252,100280,252,99563,252,100391,100,99419,100,100639,100,99389,100,100777,100,99319,100,100891,100,99317,100,100963,100,99249,100,,,99218,100,,,99176,100
2019-06-28 09:51:20.000000000,100272,192,100081,100,100280,192,99940,192,100391,192,99563,192,100639,192,99419,192,100777,192,99389,192,100891,100,99319,100,100963,100,99317,100,,,99249,100,,,99218,100,,,99176,100
2019-06-28 09:51:30.000000000,100272,256,100081,164,100280,252,99940,252,100391,252,99563,252,100639,100,99419,100,100777,100,99389,100,100891,100,99319,100,100963,100,99317,100,,,99249,100,,,99218,100,,,99176,100
2019-06-28 09:51:40.000000000,100272,330,100081,238,100280,330,99940,330,100391,100,99563,100,100639,100,99419,100,100777,100,99389,100,100891,100,99319,100,100963,100,99317,100,,,99249,100,,,99218,100,,,99176,100
2019-06-28 09:51:41.053622872,100272,230,100081,238,100280,330,99940,330,100391,100,99563,100,100639,100,99419,100,100777,100,99389,100,100891,100,99319,100,100963,100,99317,100,,,99249,100,,,99218,100,,,99176,100
2019-06-28 09:51:50.000000000,100280,560,100081,468,100391,100,99940,100,100639,100,99563,100,100777,100,99419,100,100891,100,99389,100,100963,100,99319,100,,,99317,100,,,99249,100,,,99218,100,,,99176,100
2019-06-28 09:51:57.542893131,100280,560,100163,100,100391,100,100081,468,100639,100,99940,100,100777,100,99563,100,100891,100,99419,100,100963,100,99389,100,,,99319,100,,,99317,100,,,99249,100,,,99218,100
2019-06-28 09:52:00.000000000,100280,192,100163,192,100391,192,100081,100,100639,192,99940,192,100777,192,99563,192,100891,192,99419,192,100963,100,99389,100,,,99319,100,,,99317,100,,,99249,100,,,99218,100
2019-06-28 09:52:10.000000000,100280,215,100163,215,100391,215,100081,123,100639,215,99940,215,100777,215,99563,215,100891,100,99419,100,100963,100,99389,100,,,99319,100,,,99317,100,,,99249,100,,,99218,100
2019-06-28 09:52:20.000000000,100280,192,100163,192,100391,192,100081,100,100639,192,99940,192,100777,192,99563,192,100891,192,99419,192,100963,100,99389,100,,,99319,100,,,99317,100,,,99249,100,,,99218,100
2019-06-28 09:52:30.000000000,100280,215,100163,215,100391,215,100081,123,100639,215,99940,215,100777,215,99563,215,100891,100,99419,100,100963,100,99389,100,,,99319,100,,,99317,100,,,99249,100,,,99218,100
2019-06-28 09:52:40.000000000,100280,256,100163,256,100391,252,100081,160,100639,252,99940,252,100777,100,99563,100,100891,100,99419,100,100963,100,99389,100,,,99319,100,,,99317,100,,,99249,100,,,99218,100
2019-06-28 09:52:46.436789989,100280,256,100163,256,100391,252,100081,160,100639,252,99940,252,100777,100,99563,100,100891,100,99419,100,100963,100,99389,100,101004,100,99319,100,,,99317,100,,,99249,100,,,99218,100
2019-06-28 09:52:50.000000000,100280,215,100163,215,100391,215,100081,123,100639,215,99940,215,100777,215,99563,215,100891,100,99419,100,100963,100,99389,100,101004,100,99319,100,,,99317,100,,,99249,100,,,99218,100
2019-06-28 09:53:00.000000000,100280,560,100163,560,100391,100,100081,8,100639,100,99940,100,100777,100,99563,100,100891,100,99419,100,100963,100,99389,100,101004,100,99319,100,,,99317,100,,,99249,100,,,99218,100
2019-06-28 09:53:06.113540289,100280,560,100163,660,100391,100,100081,8,100639,100,99940,100,100777,100,99563,100,100891,100,99419,100,100963,100,99389,100,101004,100,99319,100,,,99317,100,,,99249,100,,,99218,100
2019-06-28 09:53:10.000000000,100280,192,100163,292,100391,192,100081,100,100639,192,99940,192,100777,192,99563,192,100891,192,99419,192,100963,100,99389,100,101004,100,99319,100,,,99317,100,,,99249,100,,,99218,100
2019-06-28 09:53:20.000000000,100280,215,100163,315,100391,215,100081,123,100639,215,99940,215,100777,215,99563,215,100891,100,99419,100,100963,100,99389,100,101004,100,99319,100,,,99317,100,,,99249,100,,,99218,100
2019-06-28 09:53:23.574273414,100280,115,100163,315,100391,215,100081,123,100639,215,99940,215,100777,215,99563,215,100891,100,99419,100,100963,100,99389,100,101004,100,99319,100,,,99317,100,,,99249,100,,,99218,100
2019-06-28 09:53:30.000000000,100391,192,100163,292,100639,192,100081,100,100777,192,99940,192,100891,192,99563,192,100963,192,99419,192,101004,100,99389,100,,,99319,100,,,99317,100,,,99249,100,,,99218,100
2019-06-28 09:53:40.000000000,100391,192,100163,292,100639,192,100081,100,100777,192,99940,192,100891,192,99563,192,100963,192,99419,192,101004,100,99389,100,,,99319,100,,,99317,100,,,99249,100,,,99218,100
2019-06-28 09:53:50.000000000,100391,330,100163,430,100639,330,100081,238,100777,100,99940,100,100891,100,99563,100,100963,100,99419,100,101004,100,99389,100,,,99319,100,,,99317,100,,,99249,100,,,99218,100
2019-06-28 09:54:00.000000000,100391,192,100163,292,100639,192,100081,100,100777,192,99940,192,100891,192,99563,192,100963,192,99419,192,101004,100,99389,100,,,99319,100,,,99317,100,,,99249,100,,,99218,100
2019-06-28 09:54:00.788276863,100391,92,100163,292,100639,192,100081,100,100777,192,99940,192,100891,192,99563,192,100963,192,99419,192,101004,100,99389,100,,,99319,100,,,99317,100,,,99249,100,,,99218,100
2019-06-28 09:54:01.839571982,100391,92,100163,292,100639,192,100081,100,100777,192,99940,192,100891,192,99563,192,100963,192,99419,192,101004,100,99389,100,101636,100,99319,100,,,99317,100,,,99249,100,,,99218,100
2019-06-28 09:54:02.938813879,100391,92,100280,100,100639,192,100163,292,100777,192,100081,100,100891,192,99940,192,100963,192,99563,192,101004,100,99419,192,101636,100,99389,100,,,99319,100,,,99317,100,,,99249,100
2019-06-28 09:54:07.375901459,100391,92,100280,100,100639,192,100163,292,100777,192,100081,100,100891,192,99940,192,100963,192,99563,192,101004,100,99419,192,101636,100,99389,100,101750,100,99319,100,,,99317,100,,,99249,100
2019-06-28 09:54:10.000000000,100639,560,100280,560,100777,100,100163,200,100891,100,100081,8,100963,100,99940,100,101004,100,99563,100,101636,100,99419,100,101750,100,99389,100,,,99319,100,,,99317,100,,,99249,100
2019-06-28 09:54:20.000000000,100639,192,100280,192,100777,192,100163,292,100891,192,100081,100,100963,192,99940,192,101004,192,99563,192,101636,100,99419,100,101750,100,99389,100,,,99319,100,,,99317,100,,,99249,100
2019-06-28 09:54:26.701333335,100639,92,100280,192,100777,192,100163,292,100891,192,100081,100,100963,192,99940,192,101004,192,99563,192,101636,100,99419,100,101750,100,99389,100,,,99319,100,,,99317,100,,,99218,100
2019-06-28 09:54:27.977408477,100777,192,100639,8,100891,192,100280,192,100963,192,100163,292,101004,192,100081,100,101636,100,99940,192,101750,100,99563,192,,,99419,100,,,99389,100,,,99319,100,,,99317,100
2019-06-28 09:54:30.000000000,100777,192,100639,100,100891,192,100280,192,100963,192,100163,292,101004,192,100081,100,101636,192,99940,192,101750,100,99563,100,,,99419,100,,,99389,100,,,99319,100,,,99317,100
2019-06-28 09:54:40.000000000,100777,192,100639,100,100891,192,100280,192,100963,192,100163,292,101004,192,100081,100,101636,192,99940,192,101750,100,99563,100,,,99419,100,,,99389,100,,,99319,100,,,99317,100
2019-06-28 09:54:50.000000000,100777,560,100639,468,100891,100,100280,100,100963,100,100163,200,101004,100,100081,8,101636,100,99940,100,101750,100,99563,100,,,99419,100,,,99389,100,,,99319,100,,,99317,100
2019-06-28 09:55:00.000000000,100777,215,100639,123,100891,215,100280,215,100963,215,100163,315,101004,215,100081,123,101636,100,99940,100,101750,100,99563,100,,,99419,100,,,99389,100,,,99319,100,,,99317,100
2019-06-28 09:55:10.000000000,100777,330,100639,238,100891,330,100280,330,100963,100,100163,200,101004,100,100081,8,101636,100,99940,100,101750,100,99563,100,,,99419,100,,,99389,100,,,99319,100,,,99317,100
2019-06-28 09:55:14.067252775,100777,330,100639,238,100891,330,100280,330,100963,100,100163,200,101003,100,100081,8,101004,100,99940,100,101636,100,99563,100,101750,100,99419,100,,,99389,100,,,99319,100,,,99317,100
2019-06-28 09:55:20.000000000,100777,256,100639,164,100891,252,100280,252,100963,252,100163,352,101003,100,100081,8,101004,100,99940,100,101636,100,99563,100,101750,100,99419,100,,,99389,100,,,99319,100,,,99317,100
2019-06-28 09:55:28.437924910,100777,156,100639,164,100891,252,100280,252,100963,252,100163,352,101003,100,100081,8,101004,100,99940,100,101636,100,99563,100,101750,100,99419,100,,,99389,100,,,99319,100,,,99317,100
2019-06-28 09:55:30.000000000,100891,256,100639,164,100963,252,100280,252,101003,252,100163,352,101004,100,100081,8,101636,100,99940,100,101750,100,99563,100,,,99419,100,,,99389,100,,,99319,100,,,99317,100
2019-06-28 09:55:40.000000000,100891,192,100639,100,100963,192,100280,192,101003,192,100163,292,101004,192,100081,100,101636,192,99940,192,101750,100,99563,100,,,99419,100,,,99389,100,,,99319,100,,,99317,100
2019-06-28 09:55:46.519911022,100891,92,100639,100,100963,192,100280,192,101003,192,100163,292,101004,192,100081,100,101636,192,99940,192,101750,100,99563,100,,,99419,100,,,99389,100,,,99319,100,,,99317,100
2019-06-28 09:55:50.000000000,100963,330,100639,238,101003,330,100280,330,101004,100,100163,200,101636,100,100081,8,101750,100,99940,100,,,99563,100,,,99419,100,,,99389,100,,,99319,100,,,99317,100
2019-06-28 09:55:51.604050877,100963,330,100639,238,101003,330,100280,330,101004,100,100163,200,101372,100,100081,8,101636,100,99940,100,101750,100,99563,100,,,99419,100,,,99389,100,,,99317,100,,,99218,100
2019-06-28 09:56:00.000000000,100963,330,100639,238,101003,330,100280,330,101004,100,100163,200,101372,100,100081,8,101636,100,99940,100,101750,100,99563,100,,,99419,100,,,99389,100,,,99317,100,,,99218,100
2019-06-28 09:56:07.368793065,100963,330,100639,238,101003,330,100280,330,101004,100,100163,200,101166,100,100081,8,101372,100,99940,100,101636,100,99563,100,101750,100,99419,100,,,99389,100,,,99317,100,,,99218,100
2019-06-28 09:56:10.000000000,100963,215,100639,123,101003,215,100280,215,101004,215,100163,315,101166,215,100081,123,101372,100,99940,100,101636,100,99563,100,101750,100,99419,100,,,99389,100,,,99317,100,,,99218,100
2019-06-28 09:56:20.000000000,100963,256,100639,164,101003,252,100280,252,101004,252,100163,352,101166,100,100081,8,101372,100,99940,100,101636,100,99563,100,101750,100,99419,100,,,99389,100,,,99317,100,,,99218,100
2019-06-28 09:56:30.000000000,100963,215,100639,123,101003,215,100280,215,101004,215,100163,315,101166,215,100081,123,101372,100,99940,100,101636,100,99563,100,101750,100,99419,100,,,99389,100,,,99317,100,,,99218,100
2019-06-28 09:56:40.000000000,100963,215,100639,123,101003,215,100280,215,101004,215,100163,315,101166,215,100081,123,101372,100,99940,100,101636,100,99563,100,101750,100,99419,100,,,99389,100,,,99317,100,,,99218,100
2019-06-28 09:56:50.000000000,100963,192,100639,100,101003,192,100280,192,101004,192,100163,292,101166,192,100081,100,101372,192,99940,192,101636,100,99563,100,101750,100,99419,100,,,99389,100,,,99317,100,,,99218,100
2019-06-28 09:56:59.734007585,100963,192,100777,100,101003,192,100639,100,101004,192,100280,192,101166,192,100163,292,101372,192,100081,100,101636,100,99940,192,101750,100,99563,100,,,99419,100,,,99389,100,,,99317,100
2019-06-28 09:57:00.000000000,100963,560,100777,560,101003,100,100639,8,101004,100,100280,100,101166,100,100163,200,101372,100,100081,8,101636,100,99940,100,101750,100,99563,100,,,99419,100,,,99389,100,,,99317,100
2019-06-28 09:57:10.000000000,100963,215,100777,215,101003,215,100639,123,101004,215,100280,215,101166,215,100163,315,101372,100,100081,8,101636,100,99940,100,101750,100,99563,100,,,99419,100,,,99389,100,,,99317,100
2019-06-28 09:57:20.000000000,100963,330,100777,330,101003,330,100639,238,101004,100,100280,100,101166,100,100163,200,101372,100,100081,8,101636,100,99940,100,101750,100,99563,100,,,99419,100,,,99389,100,,,99317,100
2019-06-28 09:57:29.380759192,100963,330,100777,330,101003,330,100639,238,101004,100,100280,100,101166,100,100163,200,101372,100,100081,8,101554,100,99940,100,101636,100,99563,100,101750,100,99419,100,,,99389,100,,,99317,100
2019-06-28 09:57:30.000000000,100963,560,100777,560,101003,100,100639,8,101004,100,100280,100,101166,100,100163,200,101372,100,100081,8,101554,100,99940,100,101636,100,99563,100,101750,100,99419,100,,,99389,100,,,99317,100
2019-06-28 09:57:40.000000000,100963,560,100777,560,101003,100,100639,8,101004,100,100280,100,101166,100,100163,200,101372,100,100081,8,101554,100,99940,100,101636,100,99563,100,101750,100,99419,100,,,99389,100,,,99317,100
2019-06-28 09:57:46.959898686,100963,460,100777,560,101003,100,100639,8,101004,100,100280,100,101166,100,100163,200,101372,100,100081,8,101554,100,99940,100,101636,100,99563,100,101750,100,99419,100,,,99389,100,,,99317,100
2019-06-28 09:57:50.000000000,101003,192,100777,192,101004,192,100639,100,101166,192,100280,192,101372,192,100163,292,101554,192,100081,100,101636,100,99940,100,101750,100,99563,100,,,99419,100,,,99389,100,,,99317,100
2019-06-28 09:58:00.000000000,101003,215,100777,215,101004,215,100639,123,101166,215,100280,215,101372,215,100163,315,101554,100,100081,8,101636,100,99940,100,101750,100,99563,100,,,99419,100,,,99389,100,,,99317,100
2019-06-28 09:58:03.658746966,101003,215,100891,100,101004,215,100777,215,101166,215,100639,123,101372,215,100280,215,101554,100,100163,315,101636,100,100081,8,101750,100,99940,100,,,99563,100,,,99419,100,,,99389,100
2019-06-28 09:58:05.652677065,101003,215,100891,100,101004,215,100777,215,101166,215,100639,123,101372,215,100280,215,101395,100,100163,315,101554,100,99940,100,101636,100,99563,100,101750,100,99419,100,,,99389,100,,,99317,100
2019-06-28 09:58:10.000000000,101003,215,100891,215,101004,215,100777,215,101166,215,100639,123,101372,215,100280,215,101395,100,100163,200,101554,100,99940,100,101636,100,99563,100,101750,100,99419,100,,,99389,100,,,99317,100
2019-06-28 09:58:16.838492120,101003,215,100891,215,101004,215,100777,215,101166,215,100639,123,101372,215,100280,215,101395,100,100163,200,101514,100,99940,100,101554,100,99563,100,101636,100,99419,100,101750,100,99389,100,,,99317,100
2019-06-28 09:58:20.000000000,101003,560,100891,560,101004,100,100777,100,101166,100,100639,8,101372,100,100280,100,101395,100,100163,200,101514,100,99940,100,101554,100,99563,100,101636,100,99419,100,101750,100,99389,100,,,99317,100
2019-06-28 09:58:24.476915347,101003,560,100891,660,101004,100,100639,8,101166,100,100280,100,101372,100,100163,200,101395,100,99940,100,101514,100,99563,100,101554,100,99419,100,101636,100,99389,100,101750,100,99317,100,,,99218,100
2019-06-28 09:58:28.485219142,101003,460,100891,660,101004,100,100639,8,101166,100,100280,100,101372,100,100163,200,101395,100,99940,100,101514,100,99563,100,101554,100,99419,100,101636,100,99389,100,101750,100,99317,100,,,99218,100
2019-06-28 09:58:30.000000000,101004,256,100891,356,101166,252,100639,160,101372,252,100280,252,101395,100,100163,200,101514,100,99940,100,101554,100,99563,100,101636,100,99419,100,101750,100,99389,100,,,99317,100,,,99218,100
2019-06-28 09:58:36.125043432,101004,256,100891,356,101166,252,100639,160,101372,252,100280,152,101395,100,100163,200,101514,100,99940,100,101554,100,99563,100,101636,100,99419,100,101750,100,99389,100,,,99317,100,,,99218,100
2019-06-28 09:58:40.000000000,101004,215,100891,315,101166,215,100639,123,101372,215,100163,315,101395,215,99940,215,101514,100,99563,100,101554,100,99419,100,101636,100,99389,100,101750,100,99317,100,,,99218,100,,,99176,100
2019-06-28 09:58:41.865224492,101004,115,100891,315,101166,215,100639,123,101372,215,100163,315,101395,215,99940,215,101514,100,99563,100,101554,100,99419,100,101636,100,99389,100,101750,100,99317,100,,,99218,100,,,99176,100
2019-06-28 09:58:50.000000000,101166,192,100891,292,101372,192,100639,100,101395,192,100163,292,101514,192,99940,192,101554,192,99563,192,101636,100,99419,100,101750,100,99389,100,,,99317,100,,,99218,100,,,99176,100
2019-06-28 09:59:00.000000000,101166,256,100891,356,101372,252,100639,160,101395,252,100163,352,101514,100,99940,100,101554,100,99563,100,101636,100,99419,100,101750,100,99389,100,,,99317,100,,,99218,100,,,99176,100
2019-06-28 09:59:05.817561937,101166,156,100891,356,101372,252,100639,160,101395,252,100163,352,101514,100,99940,100,101554,100,99563,100,101636,100,99419,100,101750,100,99389,100,,,99317,100,,,99218,100,,,99176,100
2019-06-28 09:59:10.000000000,101372,256,100891,356,101395,252,100639,160,101514,252,100163,352,101554,100,99940,100,101636,100,99563,100,101750,100,99419,100,,,99389,100,,,99317,100,,,99218,100,,,99176,100
2019-06-28 09:59:10.273764081,101372,256,101004,100,101395,252,100891,356,101514,252,100639,160,101554,100,100163,352,101636,100,99940,100,101750,100,99563,100,,,99419,100,,,99389,100,,,99317,100,,,99218,100
2019-06-28 09:59:11.468012385,101372,156,101133,100,101395,252,101004,100,101514,252,100891,356,101554,100,100639,160,101636,100,100163,352,101750,100,99940,100,,,99563,100,,,99419,100,,,99389,100,,,99317,100
2019-06-28 09:59:20.000000000,101395,560,101133,560,101514,100,101004,100,101554,100,100891,200,101636,100,100639,8,101750,100,100163,200,,,99940,100,,,99563,100,,,99419,100,,,99389,100,,,99317,100
2019-06-28 09:59:30.000000000,101395,215,101133,215,101514,215,101004,215,101554,215,100891,315,101636,215,100639,123,101750,100,100163,200,,,99940,100,,,99563,100,,,99419,100,,,99389,100,,,99317,100
2019-06-28 09:59:40.000000000,101395,330,101133,330,101514,330,101004,330,101554,100,100891,200,101636,100,100639,8,101750,100,100163,200,,,99940,100,,,99563,100,,,99419,100,,,99389,100,,,99317,100
2019-06-28 09:59:50.000000000,101395,215,101133,215,101514,215,101004,215,101554,215,100891,315,101636,215,100639,123,101750,100,100163,200,,,99940,100,,,99563,100,,,99419,100,,,99389,100,,,99317,100
2019-06-28 10:00:00.000000000,101395,560,101133,560,101514,100,101004,100,101554,100,100891,200,101636,100,100639,8,101750,100,100163,200,,,99940,100,,,99563,100,,,99419,100,,,99389,100,,,99317,100
2019-06-28 10:00:10.000000000,101395,215,101133,215,101514,215,101004,215,101554,215,100891,315,101636,215,100639,123,101750,100,100163,200,,,99940,100,,,99563,100,,,99419,100,,,99389,100,,,99317,100
2019-06-28 10:00:20.000000000,101395,330,101133,330,101514,330,101004,330,101554,100,100891,200,101636,100,100639,8,101750,100,100163,200,,,99940,100,,,99563,100,,,99419,100,,,99389,100,,,99317,100
2019-06-28 10:00:23.320993870,101395,330,101133,230,101514,330,101004,330,101554,100,100891,200,101636,100,100639,8,101750,100,100163,200,,,99940,100,,,99563,100,,,99419,100,,,99389,100,,,99317,100
2019-06-28 10:00:30.000000000,101395,192,101004,192,101514,192,100891,292,101554,192,100639,100,101636,192,100163,292,101750,192,99940,192,,,99563,100,,,99419,100,,,99389,100,,,99317,100,,,99218,100
2019-06-28 10:00:40.000000000,101395,256,101004,256,101514,252,100891,352,101554,252,100639,160,101636,100,100163,200,101750,100,99940,100,,,99563,100,,,99419,100,,,99389,100,,,99317,100,,,99218,100
2019-06-28 10:00:50.000000000,101395,256,101004,256,101514,252,100891,352,101554,252,100639,160,101636,100,100163,200,101750,100,99940,100,,,99563,100,,,99419,100,,,99389,100,,,99317,100,,,99218,100
2019-06-28 10:01:00.000000000,101395,256,101004,256,101514,252,100891,352,101554,252,100639,160,101636,100,100163,200,101750,100,99940,100,,,99563,100,,,99419,100,,,99389,100,,,99317,100,,,99218,100
2019-06-28 10:01:10.000000000,101395,215,101004,215,101514,215,100891,315,101554,215,100639,123,101636,215,100163,315,101750,100,99940,100,,,99563,100,,,99419,100,,,99389,100,,,99317,100,,,99218,100
2019-06-28 10:01:20.000000000,101395,256,101004,256,101514,252,100891,352,101554,252,100639,160,101636,100,100163,200,101750,100,99940,100,,,99563,100,,,99419,100,,,99389,100,,,99317,100,,,99218,100
2019-06-28 10:01:30.000000000,101395,256,101004,256,101514,252,100891,352,101554,252,100639,160,101636,100,100163,200,101750,100,99940,100,,,99563,100,,,99419,100,,,99389,100,,,99317,100,,,99218,100
2019-06-28 10:01:40.000000000,101395,256,101004,256,101514,252,100891,352,101554,252,100639,160,101636,100,100163,200,101750,100,99940,100,,,99563,100,,,99419,100,,,99389,100,,,99317,100,,,99218,100
2019-06-28 10:01:50.000000000,101395,256,101004,256,101514,252,100891,352,101554,252,100639,160,101636,100,100163,200,101750,100,99940,100,,,99563,100,,,99419,100,,,99389,100,,,99317,100,,,99218,100
2019-06-28 10:01:53.261026267,101395,256,101004,256,101514,252,100891,352,101554,252,100639,160,101636,100,100163,200,101750,100,99940,100,,,99670,100,,,99563,100,,,99419,100,,,99389,100,,,99317,100
2019-06-28 10:01:55.418404627,101165,100,101004,256,101395,256,100891,352,101514,252,100639,160,101554,252,100163,200,101636,100,99940,100,101750,100,99670,100,,,99563,100,,,99419,100,,,99389,100,,,99317,100
2019-06-28 10:02:00.000000000,101165,256,101004,256,101395,252,100891,352,101514,252,100639,160,101554,100,100163,200,101636,100,99940,100,101750,100,99670,100,,,99563,100,,,99419,100,,,99389,100,,,99317,100
2019-06-28 10:02:00.857970114,101165,256,101004,156,101395,252,100891,352,101514,252,100639,160,101554,100,100163,200,101636,100,99940,100,101750,100,99670,100,,,99563,100,,,99419,100,,,99389,100,,,99317,100
2019-06-28 10:02:03.907198109,101165,256,101004,56,101395,252,100891,352,101514,252,100639,160,101554,100,100163,200,101636,100,99940,100,101750,100,99670,100,,,99563,100,,,99419,100,,,99389,100,,,99176,100
2019-06-28 10:02:05.201541773,101165,256,101004,56,101395,252,100891,352,101514,252,100639,160,101554,100,100163,200,101636,100,99940,100,101750,100,99699,100,,,99670,100,,,99563,100,,,99419,100,,,99389,100
2019-06-28 10:02:10.000000000,101165,256,100891,356,101395,252,100639,160,101514,252,100163,352,101554,100,99940,100,101636,100,99699,100,101750,100,99670,100,,,99563,100,,,99419,100,,,99389,100,,,99176,100
2019-06-28 10:02:20.000000000,101165,256,100891,356,101395,252,100639,160,101514,252,100163,352,101554,100,99940,100,101636,100,99699,100,101750,100,99670,100,,,99563,100,,,99419,100,,,99389,100,,,99176,100
2019-06-28 10:02:20.382403075,101165,256,100891,356,101395,252,100639,160,101514,252,100163,352,101554,100,99940,100,101636,100,99900,100,101750,100,99699,100,,,99670,100,,,99563,100,,,99419,100,,,99389,100
2019-06-28 10:02:25.139674177,101165,256,100891,356,101395,252,100639,160,101514,252,100163,352,101554,100,100031,100,101636,100,99940,100,101750,100,99900,100,,,99699,100,,,99670,100,,,99563,100,,,99419,100
2019-06-28 10:02:30.000000000,101165,560,100891,660,101395,100,100639,8,101514,100,100163,200,101554,100,100031,100,101636,100,99940,100,101750,100,99900,100,,,99699,100,,,99670,100,,,99563,100,,,99419,100
2019-06-28 10:02:40.000000000,101165,215,100891,315,101395,215,100639,123,101514,215,100163,315,101554,215,100031,215,101636,100,99940,100,101750,100,99900,100,,,99699,100,,,99670,100,,,99563,100,,,99419,100
2019-06-28 10:02:50.000000000,101165,215,100891,315,101395,215,100639,123,101514,215,100163,315,101554,215,100031,215,101636,100,99940,100,101750,100,99900,100,,,99699,100,,,99670,100,,,99563,100,,,99419,100
2019-06-28 10:03:00.000000000,101165,560,100891,660,101395,100,100639,8,101514,100,100163,200,101554,100,100031,100,101636,100,99940,100,101750,100,99900,100,,,99699,100,,,99670,100,,,99563,100,,,99419,100
2019-06-28 10:03:04.452170737,101165,560,100891,660,101395,100,100639,8,101514,100,100341,100,101554,100,100163,200,101636,100,100031,100,101750,100,99940,100,,,99900,100,,,99699,100,,,99670,100,,,99563,100
2019-06-28 10:03:10.000000000,101165,330,100891,430,101395,330,100639,238,101514,100,100341,100,101554,100,100163,200,101636,100,100031,100,101750,100,99940,100,,,99900,100,,,99699,100,,,99670,100,,,99563,100
2019-06-28 10:03:20.000000000,101165,256,100891,356,101395,252,100639,160,101514,252,100341,252,101554,100,100163,200,101636,100,100031,100,101750,100,99940,100,,,99900,100,,,99699,100,,,99670,100,,,99563,100
2019-06-28 10:03:30.000000000,101165,192,100891,292,101395,192,100639,100,101514,192,100341,192,101554,192,100163,292,101636,192,100031,192,101750,100,99940,100,,,99900,100,,,99699,100,,,99670,100,,,99563,100
2019-06-28 10:03:39.714945922,101004,100,100891,292,101165,192,100639,100,101395,192,100341,192,101514,192,100163,292,101554,192,100031,192,101636,192,99940,100,101750,100,99900,100,,,99699,100,,,99670,100,,,99563,100
2019-06-28 10:03:40.000000000,101004,215,100891,315,101165,215,100639,123,101395,215,100341,215,101514,215,100163,315,101554,100,100031,100,101636,100,99940,100,101750,100,99900,100,,,99699,100,,,99670,100,,,99563,100
2019-06-28 10:03:44.881875555,101004,215,100891,315,101165,215,100639,123,101395,215,100449,100,101514,215,100341,215,101554,100,100163,315,101636,100,100031,100,101750,100,99940,100,,,99900,100,,,99699,100,,,99670,100
2019-06-28 10:03:49.268406903,101004,215,100891,315,101165,215,100718,100,101395,115,100639,123,101514,215,100449,100,101554,100,100341,215,101636,100,100163,315,101750,100,100031,100,,,99940,100,,,99900,100,,,99699,100
2019-06-28 10:03:50.000000000,101004,256,100891,356,101165,252,100718,252,101514,252,100639,160,101554,100,100449,100,101636,100,100341,100,101750,100,100163,200,,,100031,100,,,99940,100,,,99900,100,,,99699,100
2019-06-28 10:04:00.000000000,101004,192,100891,292,101165,192,100718,192,101514,192,100639,100,101554,192,100449,192,101636,192,100341,192,101750,100,100163,200,,,100031,100,,,99940,100,,,99900,100,,,99699,100
2019-06-28 10:04:02.056235801,101004,192,100891,292,101165,192,100718,192,101514,192,100681,100,101554,192,100639,100,101636,92,100449,192,101750,100,100341,192,,,100163,200,,,100031,100,,,99940,100,,,99900,100
2019-06-28 10:04:04.616259335,101004,192,100891,292,101165,192,100718,192,101514,192,100681,100,101554,92,100639,100,101636,92,100632,100,101750,100,100449,192,,,100341,192,,,100163,200,,,100031,100,,,99940,100
2019-06-28 10:04:09.121662427,101004,192,100891,192,101165,192,100718,192,101514,192,100681,100,101554,92,100639,100,101636,92,100449,192,101750,100,100341,192,,,100163,200,,,100031,100,,,99940,100,,,99900,100
2019-06-28 10:04:10.000000000,101004,560,100891,560,101165,100,100718,100,101514,100,100681,100,101750,100,100639,8,,,100449,100,,,100341,100,,,100163,200,,,100031,100,,,99940,100,,,99900,100
2019-06-28 10:04:20.000000000,101004,330,100891,330,101165,330,100718,330,101514,100,100681,100,101750,100,100639,8,,,100449,100,,,100341,100,,,100163,200,,,100031,100,,,99940,100,,,99900,100
2019-06-28 10:04:25.710655229,101004,330,100891,230,101165,330,100718,330,101514,100,100681,100,101750,100,100639,8,,,100449,100,,,100341,100,,,100163,200,,,100031,100,,,99940,100,,,99900,100
2019-06-28 10:04:29.237312862,101004,330,100891,230,101165,330,100718,330,101514,100,100681,100,101750,100,100639,8,,,100584,100,,,100449,100,,,100341,100,,,100163,200,,,100031,100,,,99940,100
2019-06-28 10:04:30.000000000,101004,192,100718,192,101165,192,100681,192,101514,192,100639,100,101750,192,100584,192,101751,92,100449,192,,,100341,100,,,100163,200,,,100031,100,,,99940,100,,,99900,100
2019-06-28 10:04:40.000000000,101004,330,100718,330,101165,330,100681,330,101514,100,100639,8,101750,100,100584,100,,,100449,100,,,100341,100,,,100163,200,,,100031,100,,,99940,100,,,99900,100
2019-06-28 10:04:50.000000000,101004,256,100718,256,101165,252,100681,252,101514,252,100639,160,101750,100,100584,100,,,100449,100,,,100341,100,,,100163,200,,,100031,100,,,99940,100,,,99900,100
2019-06-28 10:04:55.789607567,101004,256,100718,156,101165,252,100681,252,101514,252,100639,160,101750,100,100584,100,,,100449,100,,,100341,100,,,100163,200,,,100031,100,,,99940,100,,,99900,100
2019-06-28 10:04:59.119497169,101004,256,100718,156,101165,252,100681,252,101514,252,100639,160,101750,100,100584,100,,,100449,100,,,100341,100,,,100163,200,,,100031,100,,,99940,100,,,99900,100
2019-06-28 10:05:00.000000000,101004,215,100681,215,101165,215,100639,123,101514,215,100584,215,101750,215,100449,215,,,100341,100,,,100163,200,,,100031,100,,,99940,100,,,99900,100,,,99699,100
2019-06-28 10:05:08.010949493,101004,215,100681,215,101165,215,100639,123,101514,215,100584,215,101750,215,100462,100,,,100449,215,,,100341,100,,,100163,200,,,100031,100,,,99940,100,,,99900,100
2019-06-28 10:05:09.862149266,101004,215,100754,100,101165,215,100681,215,101514,215,100639,123,101750,215,100584,215,,,100462,100,,,100449,215,,,100341,100,,,100163,200,,,100031,100,,,99940,100
2019-06-28 10:05:10.000000000,101004,256,100754,256,101165,252,100681,252,101514,252,100639,160,101750,100,100584,100,,,100462,100,,,100449,100,,,100341,100,,,100163,200,,,100031,100,,,99940,100
2019-06-28 10:05:12.660506406,100904,100,100754,256,101004,256,100681,252,101165,252,100639,160,101514,252,100584,100,101750,100,100462,100,,,100449,100,,,100341,100,,,100163,200,,,100031,100,,,99940,100
2019-06-28 10:05:20.000000000,100904,215,100754,215,101004,215,100681,215,101165,215,100639,123,101514,215,100584,215,101750,100,100462,100,,,100449,100,,,100341,100,,,100163,200,,,100031,100,,,99940,100
2019-06-28 10:05:30.000000000,100904,560,100754,560,101004,100,100681,100,101165,100,100639,8,101514,100,100584,100,101750,100,100462,100,,,100449,100,,,100341,100,,,100163,200,,,100031,100,,,99940,100
2019-06-28 10:05:38.020703658,100891,100,100754,560,100904,560,100681,100,101004,100,100639,8,101165,100,100584,100,101514,100,100462,100,101750,100,100449,100,,,100341,100,,,100163,200,,,100031,100,,,99940,100
2019-06-28 10:05:40.000000000,100891,192,100754,192,100904,192,100681,192,101004,192,100639,100,101165,192,100584,192,101514,192,100462,192,101750,100,100449,100,,,100341,100,,,100163,200,,,100031,100,,,99940,100
2019-06-28 10:05:50.000000000,100891,256,100754,256,100904,252,100681,252,101004,252,100639,160,101165,100,100584,100,101514,100,100462,100,101750,100,100449,100,,,100341,100,,,100163,200,,,100031,100,,,99940,100
2019-06-28 10:06:00.000000000,100891,192,100754,192,100904,192,100681,192,101004,192,100639,100,101165,192,100584,192,101514,192,100462,192,101750,100,100449,100,,,100341,100,,,100163,200,,,100031,100,,,99940,100
2019-06-28 10:06:10.000000000,100891,330,100754,330,100904,330,100681,330,101004,100,100639,8,101165,100,100584,100,101514,100,100462,100,101750,100,100449,100,,,100341,100,,,100163,200,,,100031,100,,,99940,100
2019-06-28 10:06:20.000000000,100891,215,100754,215,100904,215,100681,215,101004,215,100639,123,101165,215,100584,215,101514,100,100462,100,101750,100,100449,100,,,100341,100,,,100163,200,,,100031,100,,,99940,100
2019-06-28 10:06:21.869918147,100891,215,100754,215,100904,215,100681,215,101004,215,100639,123,101165,215,100584,215,101173,100,100462,100,101514,100,100449,100,101750,100,100341,100,,,100163,200,,,100031,100,,,99940,100
2019-06-28 10:06:30.000000000,100891,192,100754,192,100904,192,100681,192,101004,192,100639,100,101165,192,100584,192,101173,192,100462,192,101514,100,100449,100,101750,100,100341,100,,,100163,200,,,100031,100,,,99940,100
2019-06-28 10:06:38.483796483,100891,92,100754,192,100904,192,100681,192,101004,192,100639,100,101165,192,100584,192,101173,192,100462,192,101514,100,100449,100,101750,100,100341,100,,,100163,200,,,100031,100,,,99940,100
2019-06-28 10:06:40.000000000,100904,215,100754,215,101004,215,100681,215,101165,215,100639,123,101173,215,100584,215,101514,100,100462,100,101750,100,100449,100,,,100341,100,,,100163,200,,,100031,100,,,99940,100
2019-06-28 10:06:46.397701383,100904,115,100754,215,101004,215,100681,215,101165,215,100639,123,101173,215,100584,215,101514,100,100462,100,101750,100,100449,100,,,100341,100,,,100163,200,,,100031,100,,,99940,100
2019-06-28 10:06:50.000000000,101004,192,100754,192,101165,192,100681,192,101173,192,100639,100,101514,192,100584,192,101750,192,100462,192,,,100449,100,,,100341,100,,,100163,200,,,100031,100,,,99940,100
2019-06-28 10:07:00.000000000,101004,560,100754,560,101165,100,100681,100,101173,100,100639,8,101514,100,100584,100,101750,100,100462,100,,,100449,100,,,100341,100,,,100163,200,,,100031,100,,,99940,100
2019-06-28 10:07:10.000000000,101004,560,100754,560,101165,100,100681,100,101173,100,100639,8,101514,100,100584,100,101750,100,100462,100,,,100449,100,,,100341,100,,,100163,200,,,100031,100,,,99940,100
2019-06-28 10:07:10.996082058,101004,560,100754,560,101165,100,100681,100,101173,100,100639,8,101514,100,100584,100,101568,100,100462,100,101750,100,100449,100,,,100341,100,,,100163,200,,,100031,100,,,99940,100
2019-06-28 10:07:20.000000000,101004,560,100754,560,101165,100,100681,100,101173,100,100639,8,101514,100,100584,100,101568,100,100462,100,101750,100,100449,100,,,100341,100,,,100163,200,,,100031,100,,,99940,100
2019-06-28 10:07:30.000000000,101004,192,100754,192,101165,192,100681,192,101173,192,100639,100,101514,192,100584,192,101568,192,100462,192,101750,100,100449,100,,,100341,100,,,100163,200,,,100031,100,,,99940,100
2019-06-28 10:07:40.000000000,101004,330,100754,330,101165,330,100681,330,101173,100,100639,8,101514,100,100584,100,101568,100,100462,100,101750,100,100449,100,,,100341,100,,,100163,200,,,100031,100,,,99940,100
2019-06-28 10:07:40.557782849,101004,330,100754,330,101165,230,100681,330,101173,100,100639,8,101514,100,100584,100,101568,100,100462,100,101750,100,100449,100,,,100341,100,,,100163,200,,,100031,100,,,99940,100
2019-06-28 10:07:44.625785087,101004,330,100913,100,101165,230,100754,330,101173,100,100681,330,101514,100,100639,8,101568,100,100584,100,101750,100,100462,100,,,100449,100,,,100341,100,,,100163,200,,,100031,100
2019-06-28 10:07:48.484765376,101004,330,100913,100,101103,100,100754,330,101165,230,100681,330,101173,100,100639,8,101514,100,100584,100,101568,100,100462,100,101750,100,100449,100,,,100341,100,,,100163,200,,,100031,100
2019-06-28 10:07:50.000000000,101004,215,100913,215,101103,215,100754,215,101173,215,100681,215,101514,215,100639,123,101568,100,100584,100,101750,100,100462,100,,,100449,100,,,100341,100,,,100163,200,,,100031,100
2019-06-28 10:08:00.000000000,101004,192,100913,192,101103,192,100754,192,101173,192,100681,192,101514,192,100639,100,101568,192,100584,192,101750,100,100462,100,,,100449,100,,,100341,100,,,100163,200,,,100031,100
2019-06-28 10:08:00.963328704,101004,92,100913,192,101103,192,100754,192,101173,192,100681,192,101514,192,100639,100,101568,192,100584,192,101750,100,100462,100,,,100449,100,,,100341,100,,,100163,200,,,100031,100
2019-06-28 10:08:10.000000000,101103,330,100913,330,101173,330,100754,330,101514,100,100681,100,101568,100,100639,8,101750,100,100584,100,,,100462,100,,,100449,100,,,100341,100,,,100163,200,,,100031,100
2019-06-28 10:08:17.730027203,101103,330,100913,330,101173,330,100754,330,101514,100,100681,100,101568,100,100639,8,101750,100,100584,100,,,100462,100,,,100449,100,,,100341,100,,,100163,100,,,100031,100
2019-06-28 10:08:20.000000000,101103,215,100913,215,101173,215,100754,215,101514,215,100681,215,101568,215,100639,123,101750,100,100584,100,,,100462,100,,,100449,100,,,100341,100,,,100163,100,,,100031,100
2019-06-28 10:08:23.171825125,101103,215,100913,215,101173,215,100904,100,101514,215,100754,215,101568,215,100681,215,101750,100,100639,123,,,100584,100,,,100462,100,,,100449,100,,,100341,100,,,100031,100
2019-06-28 10:08:30.000000000,101103,192,100913,192,101173,192,100904,192,101514,192,100754,192,101568,192,100681,192,101750,192,100639,100,,,100584,100,,,100462,100,,,100449,100,,,100341,100,,,100031,100
2019-06-28 10:08:40.000000000,101103,330,100913,330,101173,330,100904,330,101514,100,100754,100,101568,100,100681,100,101750,100,100639,8,,,100584,100,,,100462,100,,,100449,100,,,100341,100,,,100031,100
2019-06-28 10:08:40.131603402,101103,330,100913,230,101173,330,100904,330,101514,100,100754,100,101568,100,100681,100,101750,100,100639,8,,,100584,100,,,100462,100,,,100449,100,,,100341,100,,,100031,100
2019-06-28 10:08:50.000000000,101103,330,100904,330,101173,330,100754,330,101514,100,100681,100,101568,100,100639,8,101750,100,100584,100,,,100462,100,,,100449,100,,,100341,100,,,100031,100,,,99940,100
2019-06-28 10:08:56.308159709,101003,100,100904,330,101103,330,100754,330,101173,330,100681,100,101514,100,100639,8,101568,100,100584,100,101750,100,100462,100,,,100449,100,,,100341,100,,,100031,100,,,99940,100
2019-06-28 10:09:00.000000000,101003,215,100904,215,101103,215,100754,215,101173,215,100681,215,101514,215,100639,123,101568,100,100584,100,101750,100,100462,100,,,100449,100,,,100341,100,,,100031,100,,,99940,100
2019-06-28 10:09:00.580472653,101003,315,100904,215,101103,215,100754,215,101173,215,100681,215,101514,215,100639,123,101568,100,100584,100,101750,100,100462,100,,,100449,100,,,100341,100,,,100031,100,,,99940,100
2019-06-28 10:09:10.000000000,101003,292,100904,192,101103,192,100754,192,101173,192,100681,192,101514,192,100639,100,101568,192,100584,192,101750,100,100462,100,,,100449,100,,,100341,100,,,100031,100,,,99940,100
2019-06-28 10:09:15.808606909,101003,192,100904,192,101103,192,100754,192,101173,192,100681,192,101514,192,100639,100,101568,192,100584,192,101750,100,100462,100,,,100449,100,,,100341,100,,,100031,100,,,99940,100
2019-06-28 10:09:16.969872160,101003,292,100904,192,101103,192,100754,192,101173,192,100681,192,101514,192,100639,100,101568,192,100584,192,101750,100,100462,100,,,100449,100,,,100341,100,,,100031,100,,,99940,100
2019-06-28 10:09:17.936743852,101003,292,100904,92,101103,192,100754,192,101173,192,100681,192,101514,192,100639,100,101568,92,100584,192,101750,100,100462,100,,,100449,100,,,100341,100,,,100031,100,,,99940,100
2019-06-28 10:09:19.057578618,100913,100,100904,92,101003,292,100754,192,101103,192,100681,192,101173,192,100639,100,101514,192,100584,192,101568,92,100462,100,101750,100,100449,100,,,100341,100,,,100031,100,,,99940,100
2019-06-28 10:09:20.000000000,100913,192,100754,192,101003,292,100681,192,101103,192,100639,100,101173,192,100584,192,101514,192,100462,192,101750,100,100449,100,,,100341,100,,,100031,100,,,99940,100,,,99900,100
2019-06-28 10:09:30.000000000,100913,560,100754,560,101003,200,100681,100,101103,100,100639,8,101173,100,100584,100,101514,100,100462,100,101750,100,100449,100,,,100341,100,,,100031,100,,,99940,100,,,99900,100
2019-06-28 10:09:34.681703571,100913,560,100754,460,101003,200,100681,100,101103,100,100639,8,101173,100,100584,100,101514,100,100462,100,101750,100,100449,100,,,100341,100,,,100031,100,,,99940,100,,,99900,100
2019-06-28 10:09:37.045488300,100913,560,100754,360,101003,200,100639,8,101103,100,100584,100,101173,100,100462,100,101514,100,100449,100,101750,100,100341,100,,,100031,100,,,99940,100,,,99900,100,,,99699,100
2019-06-28 10:09:40.000000000,100913,192,100639,100,101003,292,100584,192,101103,192,100462,192,101173,192,100449,192,101514,192,100341,192,101750,100,100031,100,,,99940,100,,,99900,100,,,99699,100,,,99670,100
2019-06-28 10:09:42.269917608,100913,192,100584,192,101003,292,100462,192,101103,192,100449,192,101173,192,100341,192,101514,192,100031,100,101750,100,99940,100,,,99900,100,,,99699,100,,,99670,100,,,99176,100
2019-06-28 10:09:50.000000000,100913,560,100584,560,101003,200,100462,100,101103,100,100449,100,101173,100,100341,100,101514,100,100031,100,101750,100,99940,100,,,99900,100,,,99699,100,,,99670,100,,,99176,100
2019-06-28 10:09:56.323389094,100913,560,100584,460,101003,200,100462,100,101103,100,100449,100,101173,100,100341,100,101514,100,100031,100,101750,100,99940,100,,,99900,100,,,99699,100,,,99670,100,,,99176,100
2019-06-28 10:09:58.685195924,100913,560,100584,460,101003,200,100462,100,101103,100,100449,100,101173,100,100372,100,101514,100,100341,100,101750,100,100031,100,,,99940,100,,,99900,100,,,99699,100,,,99670,100
2019-06-28 10:10:00.000000000,100913,560,100462,560,101003,200,100449,100,101103,100,100372,100,101173,100,100341,100,101514,100,100031,100,101750,100,99940,100,,,99900,100,,,99699,100,,,99670,100,,,99176,100
2019-06-28 10:10:10.000000000,100913,256,100462,256,101003,352,100449,252,101103,252,100372,252,101173,100,100341,100,101514,100,100031,100,101750,100,99940,100,,,99900,100,,,99699,100,,,99670,100,,,99176,100
2019-06-28 10:10:20.000000000,100913,560,100462,560,101003,200,100449,100,101103,100,100372,100,101173,100,100341,100,101514,100,100031,100,101750,100,99940,100,,,99900,100,,,99699,100,,,99670,100,,,99176,100
2019-06-28 10:10:26.982698163,100639,100,100462,560,100913,560,100449,100,101003,200,100372,100,101103,100,100341,100,101173,100,100031,100,101514,100,99940,100,101750,100,99900,100,,,99699,100,,,99670,100,,,99176,100
2019-06-28 10:10:30.000000000,100639,560,100462,560,100913,100,100449,100,101003,200,100372,100,101103,100,100341,100,101173,100,100031,100,101514,100,99940,100,101750,100,99900,100,,,99699,100,,,99670,100,,,99176,100
2019-06-28 10:10:40.000000000,100639,330,100462,330,100913,330,100449,330,101003,200,100372,100,101103,100,100341,100,101173,100,100031,100,101514,100,99940,100,101750,100,99900,100,,,99699,100,,,99670,100,,,99176,100
2019-06-28 10:10:49.357981804,100639,330,100462,330,100913,330,100449,330,101003,200,100372,100,101103,100,100341,100,101173,100,100135,100,101514,100,100031,100,101750,100,99940,100,,,99900,100,,,99699,100,,,99670,100
2019-06-28 10:10:50.000000000,100639,192,100462,192,100913,192,100449,192,101003,292,100372,192,101103,192,100341,192,101173,192,100135,192,101514,100,100031,100,101750,100,99940,100,,,99900,100,,,99699,100,,,99670,100
2019-06-28 10:10:51.762037432,100639,192,100462,92,100913,192,100449,192,101003,292,100372,192,101103,192,100341,192,101173,192,100135,192,101514,100,100031,100,101750,100,99940,100,,,99900,100,,,99699,100,,,99670,100
2019-06-28 10:10:52.583478803,100462,8,100449,192,100639,192,100372,192,100913,192,100341,192,101003,292,100135,92,101103,192,100031,100,101173,192,99940,100,101514,100,99900,100,101750,100,99699,100,,,99670,100,,,99176,100
2019-06-28 10:10:58.324680047,100462,8,100449,92,100639,192,100372,92,100913,192,100341,192,101003,292,100135,92,101103,192,100031,100,101173,192,99940,100,101514,100,99900,100,101750,100,99699,100,,,99670,100,,,99176,100
2019-06-28 10:11:00.000000000,100462,468,100341,560,100639,100,100031,100,100913,100,99940,100,101003,200,99900,100,101103,100,99699,100,101173,100,99670,100,101514,100,99176,100,101750,100,98997,100,,,,,,,,
