,ask_price_1,ask_size_1,bid_price_1,bid_size_1,ask_price_2,ask_size_2,bid_price_2,bid_size_2,ask_price_3,ask_size_3,bid_price_3,bid_size_3,ask_price_4,ask_size_4,bid_price_4,bid_size_4,ask_price_5,ask_size_5,bid_price_5,bid_size_5,ask_price_6,ask_size_6,bid_price_6,bid_size_6,ask_price_7,ask_size_7,bid_price_7,bid_size_7,ask_price_8,ask_size_8,bid_price_8,bid_size_8,ask_price_9,ask_size_9,bid_price_9,bid_size_9,ask_price_10,ask_size_10,bid_price_10,bid_size_10
2019-06-28 09:30:00.000000000,,,99850,100,,,,,,,,,,,,,,,,,,,,,,,,,,,,,,,,,,,,
2019-06-28 09:30:00.000000003,,,100081,100,,,99959,100,,,99850,100,,,,,,,,,,,,,,,,,,,,,,,,,,,,
2019-06-28 09:30:00.000000005,100138,100,100081,100,,,99959,100,,,99850,100,,,,,,,,,,,,,,,,,,,,,,,,,,,,
2019-06-28 09:30:00.000000006,100138,100,99959,100,,,99850,100,,,,,,,,,,,,,,,,,,,,,,,,,,,,,,,,
2019-06-28 09:30:00.000000007,100092,100,99959,100,100138,100,99850,100,,,,,,,,,,,,,,,,,,,,,,,,,,,,,,,,
2019-06-28 09:30:00.000000008,100016,100,99959,100,100092,100,99850,100,100138,100,,,,,,,,,,,,,,,,,,,,,,,,,,,,,,
2019-06-28 09:30:00.000000009,100016,100,99959,100,100092,100,99861,100,100138,100,99850,100,,,,,,,,,,,,,,,,,,,,,,,,,,,,
2019-06-28 09:30:00.000000013,99985,100,99959,100,100016,100,99861,100,100092,100,99850,100,100138,100,,,,,,,,,,,,,,,,,,,,,,,,,,
2019-06-28 09:30:00.000000019,99960,100,99959,100,99985,100,99861,100,100016,100,99850,100,100092,100,,,100138,100,,,,,,,,,,,,,,,,,,,,,,
2019-06-28 09:30:00.000000021,99960,100,99959,100,99985,100,99861,100,100016,100,99850,100,100092,100,,,100138,100,,,100166,100,,,,,,,,,,,,,,,,,,
2019-06-28 09:30:00.000000024,99960,100,99959,100,99985,100,99861,100,100016,100,99850,100,100087,100,,,100092,100,,,100138,100,,,100166,100,,,,,,,,,,,,,,
2019-06-28 09:30:00.000000026,99960,100,99959,100,99985,100,99861,100,100016,100,99850,100,100044,100,,,100079,100,,,100087,100,,,100092,100,,,100138,100,,,100166,100,,,,,,
2019-06-28 09:30:00.000000027,99960,100,99959,100,99985,100,99933,100,100016,100,99861,100,100044,100,99850,100,100079,100,,,100087,100,,,100092,100,,,100138,100,,,100166,100,,,,,,
2019-06-28 09:30:00.000000028,99960,100,99959,100,99985,100,99933,100,100016,100,99861,100,100044,100,99850,100,100077,100,,,100079,100,,,100087,100,,,100092,100,,,100130,100,,,100138,100,,
2019-06-28 09:30:00.000000030,99960,100,99933,100,99985,100,99861,100,100016,100,99850,100,100044,100,,,100047,100,,,100077,100,,,100079,100,,,100087,100,,,100092,100,,,100130,100,,
2019-06-28 09:30:00.000000031,99985,100,99933,100,100016,100,99861,100,100044,100,99850,100,100047,100,,,100077,100,,,100079,100,,,100087,100,,,100092,100,,,100130,100,,,100138,100,,
2019-06-28 09:30:00.000000033,99985,100,99933,100,100016,100,99908,100,100044,100,99861,100,100047,100,99850,100,100077,100,,,100079,100,,,100087,100,,,100092,100,,,100130,100,,,100138,100,,
2019-06-28 09:30:00.000000034,99985,100,99947,100,100016,100,99933,100,100034,100,99908,100,100044,100,99861,100,100047,100,99850,100,100077,100,,,100079,100,,,100087,100,,,100092,100,,,100130,100,,
2019-06-28 09:30:00.000000036,100016,100,99947,100,100034,100,99933,100,100044,100,99908,100,100047,100,99861,100,100077,100,99850,100,100079,100,,,100083,100,,,100087,100,,,100092,100,,,100130,100,,
2019-06-28 09:30:00.000000040,100016,100,99960,100,100034,100,99947,100,100044,100,99933,100,100047,100,99908,100,100077,100,99888,100,100079,100,99861,100,100083,100,99850,100,100087,100,,,100092,100,,,100130,100,,
2019-06-28 09:30:00.000000043,100016,100,99960,100,100034,100,99947,100,100044,100,99945,100,100047,100,99933,100,100077,100,99908,100,100079,100,99888,100,100083,100,99861,100,100087,100,99850,100,100092,100,,,100130,100,,
2019-06-28 09:30:00.000000047,100015,100,99960,100,100016,100,99950,100,100034,100,99947,100,100044,100,99945,100,100047,100,99933,100,100077,100,99908,100,100079,100,99888,100,100083,100,99861,100,100087,100,99850,100,100092,100,,
2019-06-28 09:30:00.000000048,100015,100,99960,100,100016,100,99950,100,100034,100,99947,100,100044,100,99945,100,100047,100,99933,100,100077,100,99908,100,100079,100,99888,100,100083,100,99861,100,100087,100,99850,100,100092,100,99803,100
2019-06-28 09:30:00.000000051,99985,100,99960,100,100015,100,99950,100,100016,100,99947,100,100034,100,99945,100,100035,100,99933,100,100044,100,99908,100,100047,100,99888,100,100077,100,99861,100,100079,100,99850,100,100083,100,99803,100
2019-06-28 09:30:00.000000053,99985,100,99960,100,100015,100,99950,100,100016,100,99947,100,100034,100,99945,100,100035,100,99933,100,100044,100,99908,100,100047,100,99888,100,100077,100,99861,100,100079,100,99850,100,100083,100,99845,100
2019-06-28 09:30:00.000000054,99985,100,99960,200,100015,100,99950,100,100016,100,99947,100,100034,100,99945,100,100035,100,99933,100,100044,100,99908,100,100047,100,99888,100,100077,100,99861,100,100079,100,99850,100,100083,100,99845,100
2019-06-28 09:30:00.000000056,100015,100,99960,200,100016,100,99950,100,100034,100,99947,100,100035,100,99945,100,100044,100,99933,100,100047,100,99908,100,100077,100,99888,100,100079,100,99861,100,100083,100,99850,100,100087,100,99845,100
2019-06-28 09:30:00.000000057,100011,100,99960,200,100015,100,99950,100,100016,100,99947,100,100034,100,99945,100,100035,100,99933,100,100044,100,99908,100,100047,100,99888,100,100077,100,99861,100,100079,100,99850,100,100083,100,99845,100
2019-06-28 09:30:00.000000058,100011,100,99960,300,100015,100,99950,100,100016,100,99947,100,100034,100,99945,100,100035,100,99933,100,100044,100,99930,100,100047,100,99908,100,100077,100,99888,100,100079,100,99861,100,100083,100,99850,100
2019-06-28 09:30:00.000000062,100011,100,99985,100,100015,100,99960,300,100016,100,99950,100,100034,100,99947,100,100035,100,99945,100,100044,100,99933,100,100047,100,99930,100,100077,100,99908,100,100079,100,99888,100,100083,100,99861,100
2019-06-28 09:30:00.000000066,100011,100,99985,100,100015,100,99960,300,100016,100,99950,100,100034,100,99947,100,100035,100,99945,100,100044,100,99933,100,100047,100,99930,100,100077,100,99908,100,100079,100,99888,100,100083,100,99879,100
2019-06-28 09:30:00.000000067,100011,100,99985,100,100015,100,99960,300,100016,100,99950,100,100034,100,99947,100,100035,100,99945,100,100044,100,99933,100,100047,100,99932,100,100077,100,99930,100,100079,100,99908,100,100083,100,99898,100
2019-06-28 09:30:00.000000070,100011,100,99985,100,100015,100,99960,300,100016,100,99950,100,100034,100,99947,100,100035,100,99945,100,100044,100,99933,100,100047,100,99932,200,100077,200,99930,100,100079,100,99908,100,100083,100,99898,100
2019-06-28 09:30:00.000000072,100011,100,99985,100,100015,100,99960,300,100016,100,99950,100,100034,100,99947,100,100035,100,99945,100,100044,100,99933,100,100047,100,99932,200,100077,200,99930,100,100079,100,99908,100,100083,100,99898,100
2019-06-28 09:30:00.000000073,100011,100,99960,300,100015,100,99950,100,100016,100,99947,100,100034,100,99945,100,100035,100,99933,100,100044,100,99932,200,100047,100,99930,100,100077,200,99908,100,100079,100,99898,100,100083,100,99888,100
2019-06-28 09:30:00.000000074,100011,100,99960,300,100015,100,99950,100,100016,100,99947,100,100034,100,99945,100,100035,100,99933,100,100044,100,99932,200,100047,100,99930,100,100064,100,99908,100,100077,200,99898,100,100079,100,99888,100
2019-06-28 09:30:00.000000080,99997,100,99960,300,100011,100,99950,100,100015,100,99947,100,100016,100,99945,100,100034,100,99933,100,100035,100,99932,200,100044,100,99930,100,100047,100,99908,100,100064,100,99898,100,100077,200,99888,100
2019-06-28 09:30:00.000000087,99997,100,99960,300,100011,100,99950,100,100015,100,99947,100,100016,100,99945,100,100034,100,99933,100,100035,100,99932,200,100044,100,99930,100,100047,100,99908,100,100062,100,99898,100,100064,100,99888,100
2019-06-28 09:30:00.000000090,99997,100,99993,100,100011,100,99960,300,100015,100,99950,100,100016,100,99947,100,100034,100,99945,100,100035,100,99933,100,100044,100,99932,200,100047,100,99930,100,100062,100,99908,100,100064,100,99898,100
2019-06-28 09:30:00.000000091,99997,100,99993,100,100011,100,99960,300,100015,100,99950,100,100016,100,99947,100,100023,100,99945,100,100034,100,99933,100,100035,100,99932,200,100044,100,99930,100,100047,100,99908,100,100062,100,99898,100
2019-06-28 09:30:00.000000092,99997,100,99993,100,99999,100,99960,300,100011,100,99950,100,100015,100,99947,100,100016,100,99945,100,100023,100,99933,100,100034,100,99932,200,100035,100,99930,100,100044,100,99908,100,100047,100,99898,100
2019-06-28 09:30:00.000000093,99997,100,99993,100,99999,100,99960,300,100011,100,99950,100,100015,100,99947,100,100016,100,99945,100,100023,100,99933,100,100034,100,99932,200,100035,100,99930,100,100044,100,99908,100,100047,100,99898,100
2019-06-28 09:30:00.000000094,99999,100,99960,300,100011,100,99950,100,100015,100,99947,100,100016,100,99945,100,100023,100,99933,100,100034,100,99932,200,100035,100,99930,100,100044,100,99908,100,100047,100,99898,100,100062,100,99888,100
2019-06-28 09:30:10.000000000,99999,558,99960,758,100011,100,99950,100,100015,100,99947,100,100016,100,99945,100,100023,100,99933,100,100034,100,99932,200,100035,100,99930,100,100044,100,99908,100,100047,100,99898,100,100062,100,99888,100
2019-06-28 09:30:18.135254947,99999,558,99960,658,100011,100,99950,100,100015,100,99947,100,100016,100,99945,100,100023,100,99933,100,100034,100,99932,200,100035,100,99930,100,100044,100,99908,100,100047,100,99898,100,100062,100,99888,100
2019-06-28 09:30:20.000000000,99999,329,99960,429,100011,329,99950,329,100015,100,99947,100,100016,100,99945,100,100023,100,99933,100,100034,100,99932,200,100035,100,99930,100,100044,100,99908,100,100047,100,99898,100,100062,100,99888,100
2019-06-28 09:30:21.503482502,99999,429,99960,429,100011,329,99950,329,100016,100,99947,100,100023,100,99945,100,100034,100,99933,100,100035,100,99932,200,100044,100,99930,100,100047,100,99908,100,100062,100,99898,100,100064,100,99888,100
2019-06-28 09:30:30.000000000,99999,314,99960,314,100011,214,99950,214,100016,214,99947,214,100023,214,99945,214,100034,100,99933,100,100035,100,99932,200,100044,100,99930,100,100047,100,99908,100,100062,100,99898,100,100064,100,99888,100
2019-06-28 09:30:40.000000000,99999,658,99960,658,100011,100,99950,100,100016,100,99947,100,100023,100,99945,100,100034,100,99933,100,100035,100,99932,200,100044,100,99930,100,100047,100,99908,100,100062,100,99898,100,100064,100,99888,100
2019-06-28 09:30:50.000000000,99999,658,99960,658,100011,100,99950,100,100016,100,99947,100,100023,100,99945,100,100034,100,99933,100,100035,100,99932,200,100044,100,99930,100,100047,100,99908,100,100062,100,99898,100,100064,100,99888,100
2019-06-28 09:31:00.000000000,99999,429,99960,429,100011,329,99950,329,100016,100,99947,100,100023,100,99945,100,100034,100,99933,100,100035,100,99932,200,100044,100,99930,100,100047,100,99908,100,100062,100,99898,100,100064,100,99888,100
2019-06-28 09:31:01.805849276,99997,100,99960,429,99999,429,99950,329,100011,329,99947,100,100016,100,99945,100,100023,100,99933,100,100034,100,99932,200,100035,100,99930,100,100044,100,99908,100,100047,100,99898,100,100062,100,99888,100
2019-06-28 09:31:07.834278459,99997,200,99960,429,99999,429,99950,329,100011,329,99947,100,100016,100,99945,100,100023,100,99933,100,100034,100,99932,200,100035,100,99930,100,100044,100,99908,100,100047,100,99898,100,100062,100,99888,100
2019-06-28 09:31:10.000000000,99997,314,99960,314,99999,314,99950,214,100011,214,99947,214,100016,214,99945,214,100023,100,99933,100,100034,100,99932,200,100035,100,99930,100,100044,100,99908,100,100047,100,99898,100,100062,100,99888,100
2019-06-28 09:31:20.000000000,99997,292,99960,292,99999,292,99950,192,100011,192,99947,192,100016,192,99945,192,100023,192,99933,192,100034,100,99932,200,100035,100,99930,100,100044,100,99908,100,100047,100,99898,100,100062,100,99888,100
2019-06-28 09:31:26.776635105,99997,392,99960,292,99999,292,99950,192,100011,192,99947,192,100016,192,99945,192,100023,192,99933,192,100034,100,99932,200,100035,100,99930,100,100044,100,99908,100,100047,100,99898,100,100062,100,99888,100
2019-06-28 09:31:27.940780437,99997,392,99960,292,99999,292,99950,192,100011,192,99947,192,100016,192,99945,192,100023,192,99933,192,100034,100,99932,200,100035,100,99930,100,100044,100,99908,100,100047,100,99898,100,100062,100,99879,100
2019-06-28 09:31:30.000000000,99997,392,99960,292,99999,292,99950,192,100011,192,99947,192,100016,192,99945,192,100023,192,99933,192,100034,100,99932,200,100035,100,99930,100,100044,100,99908,100,100047,100,99898,100,100062,100,99879,100
2019-06-28 09:31:40.000000000,99997,758,99960,658,99999,200,99950,100,100011,100,99947,100,100016,100,99945,100,100023,100,99933,100,100034,100,99932,200,100035,100,99930,100,100044,100,99908,100,100047,100,99898,100,100062,100,99879,100
2019-06-28 09:31:50.000000000,99997,414,99960,314,99999,314,99950,214,100011,214,99947,214,100016,214,99945,214,100023,100,99933,100,100034,100,99932,200,100035,100,99930,100,100044,100,99908,100,100047,100,99898,100,100062,100,99879,100
2019-06-28 09:32:00.000000000,99997,456,99960,356,99999,351,99950,251,100011,251,99947,251,100016,100,99945,100,100023,100,99933,100,100034,100,99932,200,100035,100,99930,100,100044,100,99908,100,100047,100,99898,100,100062,100,99879,100
2019-06-28 09:32:10.000000000,99997,758,99960,658,99999,200,99950,100,100011,100,99947,100,100016,100,99945,100,100023,100,99933,100,100034,100,99932,200,100035,100,99930,100,100044,100,99908,100,100047,100,99898,100,100062,100,99879,100
2019-06-28 09:32:16.917619538,99997,758,99960,658,99999,200,99950,100,100011,100,99947,100,100016,100,99945,100,100023,100,99933,100,100034,100,99932,200,100035,100,99908,100,100044,100,99898,100,100047,100,99879,100,100062,100,99861,100
2019-06-28 09:32:20.000000000,99997,392,99960,292,99999,292,99950,192,100011,192,99947,192,100016,192,99945,192,100023,192,99933,192,100034,100,99932,200,100035,100,99908,100,100044,100,99898,100,100047,100,99879,100,100062,100,99861,100
2019-06-28 09:32:30.000000000,99997,456,99960,356,99999,351,99950,251,100011,251,99947,251,100016,100,99945,100,100023,100,99933,100,100034,100,99932,200,100035,100,99908,100,100044,100,99898,100,100047,100,99879,100,100062,100,99861,100
2019-06-28 09:32:30.749325464,99997,456,99960,256,99999,351,99950,251,100011,251,99947,251,100016,100,99945,100,100023,100,99933,100,100034,100,99932,200,100035,100,99908,100,100044,100,99898,100,100047,100,99879,100,100062,100,99861,100
2019-06-28 09:32:34.169371092,99997,456,99960,256,99999,351,99950,251,100011,251,99947,251,100016,100,99945,100,100023,100,99933,100,100034,100,99932,200,100035,100,99908,100,100044,100,99898,100,100047,100,99879,100,100062,100,99861,100
2019-06-28 09:32:40.000000000,99997,392,99960,192,99999,292,99950,192,100011,192,99947,192,100016,192,99945,192,100023,192,99933,192,100034,100,99932,200,100035,100,99908,100,100044,100,99898,100,100047,100,99879,100,100062,100,99861,100
2019-06-28 09:32:40.545840514,99997,392,99960,192,99999,292,99950,192,100011,192,99947,192,100016,192,99945,192,100023,192,99933,192,100034,100,99932,200,100035,100,99908,100,100044,100,99898,100,100047,100,99879,100,100062,100,99861,100
2019-06-28 09:32:40.589635657,99997,292,99960,92,99999,292,99950,192,100011,192,99947,192,100016,192,99945,192,100023,192,99933,192,100034,100,99932,200,100035,100,99908,100,100044,100,99898,100,100047,100,99879,100,100062,100,99861,100
2019-06-28 09:32:50.000000000,99997,658,99950,558,99999,200,99947,100,100011,100,99945,100,100016,100,99933,100,100023,100,99932,200,100034,100,99908,100,100035,100,99898,100,100044,100,99879,100,100047,100,99861,100,100062,100,99850,100
2019-06-28 09:33:00.000000000,99997,314,99950,214,99999,314,99947,214,100011,214,99945,214,100016,214,99933,214,100023,100,99932,200,100034,100,99908,100,100035,100,99898,100,100044,100,99879,100,100047,100,99861,100,100062,100,99850,100
2019-06-28 09:33:03.532230285,99997,314,99950,214,99999,314,99947,214,100011,214,99945,214,100016,214,99933,214,100023,100,99932,200,100034,100,99908,100,100035,100,99898,100,100044,100,99879,100,100047,100,99861,100,100062,100,99850,100
2019-06-28 09:33:07.913806214,99997,314,99950,214,99999,314,99947,114,100011,214,99945,214,100016,214,99933,214,100023,100,99932,200,100034,100,99908,100,100035,100,99898,100,100044,100,99879,100,100047,100,99861,100,100062,100,99850,100
2019-06-28 09:33:10.000000000,99997,314,99950,214,99999,314,99945,214,100011,214,99933,214,100016,214,99932,314,100023,100,99908,100,100034,100,99898,100,100035,100,99879,100,100044,100,99861,100,100047,100,99850,100,100062,100,99845,100
2019-06-28 09:33:20.000000000,99997,292,99950,192,99999,292,99945,192,100011,192,99933,192,100016,192,99932,292,100023,192,99908,192,100034,100,99898,100,100035,100,99879,100,100044,100,99861,100,100047,100,99850,100,100062,100,99845,100
2019-06-28 09:33:27.917735282,99997,292,99950,192,99999,292,99945,192,100011,192,99933,192,100016,192,99932,292,100023,192,99908,192,100034,100,99879,100,100035,100,99861,100,100044,100,99850,100,100047,100,99845,100,100062,100,99803,100
2019-06-28 09:33:30.000000000,99997,292,99950,192,99999,292,99945,192,100011,192,99933,192,100016,192,99932,292,100023,192,99908,192,100034,100,99879,100,100035,100,99861,100,100044,100,99850,100,100047,100,99845,100,100062,100,99803,100
2019-06-28 09:33:40.000000000,99997,314,99950,214,99999,314,99945,214,100011,214,99933,214,100016,214,99932,314,100023,100,99908,100,100034,100,99879,100,100035,100,99861,100,100044,100,99850,100,100047,100,99845,100,100062,100,99803,100
2019-06-28 09:33:50.000000000,99997,658,99950,558,99999,200,99945,100,100011,100,99933,100,100016,100,99932,200,100023,100,99908,100,100034,100,99879,100,100035,100,99861,100,100044,100,99850,100,100047,100,99845,100,100062,100,99803,100
2019-06-28 09:33:50.957896083,99997,658,99950,558,99999,200,99945,100,100011,100,99942,100,100016,100,99933,100,100023,100,99932,200,100034,100,99908,100,100035,100,99879,100,100044,100,99861,100,100047,100,99850,100,100062,100,99845,100
2019-06-28 09:34:00.000000000,99997,292,99950,192,99999,292,99945,192,100011,192,99942,192,100016,192,99933,192,100023,192,99932,292,100034,100,99908,100,100035,100,99879,100,100044,100,99861,100,100047,100,99850,100,100062,100,99845,100
2019-06-28 09:34:03.644226951,99997,292,99950,192,99999,292,99945,192,100011,192,99942,192,100016,192,99933,192,100017,100,99932,292,100023,192,99908,100,100034,100,99879,100,100035,100,99861,100,100044,100,99850,100,100047,100,99845,100
2019-06-28 09:34:10.000000000,99997,658,99950,558,99999,200,99945,100,100011,100,99942,100,100016,100,99933,100,100017,100,99932,200,100023,100,99908,100,100034,100,99879,100,100035,100,99861,100,100044,100,99850,100,100047,100,99845,100
2019-06-28 09:34:20.000000000,99997,356,99950,256,99999,351,99945,251,100011,251,99942,251,100016,100,99933,100,100017,100,99932,200,100023,100,99908,100,100034,100,99879,100,100035,100,99861,100,100044,100,99850,100,100047,100,99845,100
2019-06-28 09:34:30.000000000,99997,429,99950,329,99999,429,99945,329,100011,100,99942,100,100016,100,99933,100,100017,100,99932,200,100023,100,99908,100,100034,100,99879,100,100035,100,99861,100,100044,100,99850,100,100047,100,99845,100
2019-06-28 09:34:40.000000000,99997,658,99950,558,99999,200,99945,100,100011,100,99942,100,100016,100,99933,100,100017,100,99932,200,100023,100,99908,100,100034,100,99879,100,100035,100,99861,100,100044,100,99850,100,100047,100,99845,100
2019-06-28 09:34:45.193700165,99960,100,99950,558,99997,658,99945,100,99999,200,99942,100,100011,100,99933,100,100016,100,99932,200,100017,100,99908,100,100023,100,99879,100,100034,100,99861,100,100035,100,99850,100,100044,100,99845,100
2019-06-28 09:34:50.000000000,99960,214,99950,214,99997,314,99945,214,99999,314,99942,214,100011,214,99933,214,100016,100,99932,200,100017,100,99908,100,100023,100,99879,100,100034,100,99861,100,100035,100,99850,100,100044,100,99845,100
2019-06-28 09:35:00.000000000,99960,329,99950,329,99997,429,99945,329,99999,200,99942,100,100011,100,99933,100,100016,100,99932,200,100017,100,99908,100,100023,100,99879,100,100034,100,99861,100,100035,100,99850,100,100044,100,99845,100
2019-06-28 09:35:00.251502524,99959,100,99950,329,99960,329,99945,329,99997,429,99942,100,99999,200,99933,100,100011,100,99932,200,100016,100,99908,100,100017,100,99879,100,100023,100,99861,100,100034,100,99850,100,100035,100,99845,100
2019-06-28 09:35:10.000000000,99959,256,99950,256,99960,251,99945,251,99997,351,99942,251,99999,200,99933,100,100011,100,99932,200,100016,100,99908,100,100017,100,99879,100,100023,100,99861,100,100034,100,99850,100,100035,100,99845,100
2019-06-28 09:35:19.824062272,99959,256,99950,256,99960,351,99945,251,99997,251,99942,251,99999,200,99933,100,100011,100,99932,200,100016,100,99908,100,100017,100,99879,100,100023,100,99861,100,100034,100,99850,100,100035,100,99845,100
2019-06-28 09:35:20.000000000,99959,192,99950,192,99960,292,99945,192,99997,192,99942,192,99999,292,99933,192,100011,192,99932,292,100016,100,99908,100,100017,100,99879,100,100023,100,99861,100,100034,100,99850,100,100035,100,99845,100
2019-06-28 09:35:30.000000000,99959,329,99950,329,99960,429,99945,329,99997,100,99942,100,99999,200,99933,100,100011,100,99932,200,100016,100,99908,100,100017,100,99879,100,100023,100,99861,100,100034,100,99850,100,100035,100,99845,100
2019-06-28 09:35:40.000000000,99959,256,99950,256,99960,351,99945,251,99997,251,99942,251,99999,200,99933,100,100011,100,99932,200,100016,100,99908,100,100017,100,99879,100,100023,100,99861,100,100034,100,99850,100,100035,100,99845,100
2019-06-28 09:35:43.123086106,99959,256,99950,256,99960,351,99945,251,99997,251,99942,251,99999,200,99933,100,100011,100,99932,200,100016,100,99908,100,100017,100,99879,100,100034,100,99861,100,100035,100,99850,100,100044,100,99845,100
2019-06-28 09:35:43.835870919,99959,256,99950,256,99960,351,99945,251,99997,251,99942,251,99999,200,99933,100,100011,100,99932,200,100016,100,99908,100,100017,100,99879,100,100034,100,99861,100,100044,100,99850,100,100047,100,99845,100
2019-06-28 09:35:46.561666289,99959,256,99950,256,99960,351,99945,251,99997,251,99942,251,99999,200,99933,100,100011,100,99932,200,100016,100,99908,100,100017,100,99879,100,100034,100,99861,100,100044,100,99850,100,100047,100,99845,100
2019-06-28 09:35:50.000000000,99959,214,99950,214,99960,314,99945,214,99997,214,99942,214,99999,314,99933,214,100011,100,99932,200,100016,100,99908,100,100017,100,99879,100,100034,100,99861,100,100044,100,99850,100,100047,100,99845,100
2019-06-28 09:36:00.000000000,99959,214,99950,214,99960,314,99945,214,99997,214,99942,214,99999,314,99933,214,100011,100,99932,200,100016,100,99908,100,100017,100,99879,100,100034,100,99861,100,100044,100,99850,100,100047,100,99845,100
2019-06-28 09:36:04.834009462,99959,214,99950,214,99960,314,99945,214,99997,214,99942,214,99999,314,99933,214,100011,100,99932,200,100016,100,99908,100,100017,100,99879,100,100034,100,99861,100,100044,100,99845,100,100047,100,99803,100
2019-06-28 09:36:07.142813703,99959,214,99950,214,99960,314,99945,214,99997,214,99942,214,99999,314,99933,214,100011,100,99932,200,100016,100,99908,100,100017,100,99861,100,100034,100,99845,100,100044,100,99803,100,100047,100,99614,100
2019-06-28 09:36:10.000000000,99959,329,99950,329,99960,429,99945,329,99997,100,99942,100,99999,200,99933,100,100011,100,99932,200,100016,100,99908,100,100017,100,99861,100,100034,100,99845,100,100044,100,99803,100,100047,100,99614,100
2019-06-28 09:36:20.000000000,99959,329,99950,329,99960,429,99945,329,99997,100,99942,100,99999,200,99933,100,100011,100,99932,200,100016,100,99908,100,100017,100,99861,100,100034,100,99845,100,100044,100,99803,100,100047,100,99614,100
2019-06-28 09:36:30.000000000,99959,214,99950,214,99960,314,99945,214,99997,214,99942,214,99999,314,99933,214,100011,100,99932,200,100016,100,99908,100,100017,100,99861,100,100034,100,99845,100,100044,100,99803,100,100047,100,99614,100
2019-06-28 09:36:40.000000000,99959,329,99950,329,99960,429,99945,329,99997,100,99942,100,99999,200,99933,100,100011,100,99932,200,100016,100,99908,100,100017,100,99861,100,100034,100,99845,100,100044,100,99803,100,100047,100,99614,100
2019-06-28 09:36:50.000000000,99959,329,99950,329,99960,429,99945,329,99997,100,99942,100,99999,200,99933,100,100011,100,99932,200,100016,100,99908,100,100017,100,99861,100,100034,100,99845,100,100044,100,99803,100,100047,100,99614,100
2019-06-28 09:37:00.000000000,99959,558,99950,558,99960,200,99945,100,99997,100,99942,100,99999,200,99933,100,100011,100,99932,200,100016,100,99908,100,100017,100,99861,100,100034,100,99845,100,100044,100,99803,100,100047,100,99614,100
2019-06-28 09:37:09.997898131,99959,558,99950,458,99960,200,99945,100,99997,100,99942,100,99999,200,99933,100,100011,100,99932,200,100016,100,99908,100,100017,100,99861,100,100034,100,99845,100,100044,100,99803,100,100047,100,99614,100
2019-06-28 09:37:10.000000000,99959,192,99945,192,99960,292,99942,192,99997,192,99933,192,99999,292,99932,292,100011,192,99908,192,100016,100,99861,100,100017,100,99845,100,100034,100,99803,100,100044,100,99614,100,100047,100,99470,100
2019-06-28 09:37:20.000000000,99959,214,99945,214,99960,314,99942,214,99997,214,99933,214,99999,314,99932,314,100011,100,99908,100,100016,100,99861,100,100017,100,99845,100,100034,100,99803,100,100044,100,99614,100,100047,100,99470,100
2019-06-28 09:37:30.000000000,99959,256,99945,256,99960,351,99942,251,99997,251,99933,251,99999,200,99932,200,100011,100,99908,100,100016,100,99861,100,100017,100,99845,100,100034,100,99803,100,100044,100,99614,100,100047,100,99470,100
2019-06-28 09:37:40.000000000,99959,192,99945,192,99960,292,99942,192,99997,192,99933,192,99999,292,99932,292,100011,192,99908,192,100016,100,99861,100,100017,100,99845,100,100034,100,99803,100,100044,100,99614,100,100047,100,99470,100
2019-06-28 09:37:50.000000000,99959,329,99945,329,99960,429,99942,329,99997,100,99933,100,99999,200,99932,200,100011,100,99908,100,100016,100,99861,100,100017,100,99845,100,100034,100,99803,100,100044,100,99614,100,100047,100,99470,100
2019-06-28 09:37:53.139858414,99959,329,99945,329,99960,429,99942,329,99997,100,99933,100,99999,200,99932,200,100011,100,99908,100,100016,100,99861,100,100017,100,99845,100,100034,100,99803,100,100044,100,99614,100,100047,100,99470,100
2019-06-28 09:38:00.000000000,99959,329,99945,329,99960,429,99942,329,99997,100,99933,100,99999,200,99932,200,100011,100,99908,100,100016,100,99861,100,100017,100,99845,100,100034,100,99803,100,100044,100,99614,100,100047,100,99470,100
2019-06-28 09:38:10.000000000,99959,329,99945,329,99960,429,99942,329,99997,100,99933,100,99999,200,99932,200,100011,100,99908,100,100016,100,99861,100,100017,100,99845,100,100034,100,99803,100,100044,100,99614,100,100047,100,99470,100
2019-06-28 09:38:20.000000000,99959,256,99945,256,99960,351,99942,251,99997,251,99933,251,99999,200,99932,200,100011,100,99908,100,100016,100,99861,100,100017,100,99845,100,100034,100,99803,100,100044,100,99614,100,100047,100,99470,100
2019-06-28 09:38:23.597048982,99958,100,99945,256,99959,256,99942,251,99960,351,99933,251,99997,251,99932,200,99999,200,99908,100,100011,100,99861,100,100016,100,99845,100,100017,100,99803,100,100034,100,99614,100,100044,100,99470,100
2019-06-28 09:38:25.868025037,99958,100,99945,156,99959,256,99942,251,99960,351,99933,251,99997,251,99932,200,99999,200,99908,100,100011,100,99861,100,100016,100,99845,100,100017,100,99803,100,100034,100,99614,100,100044,100,99470,100
2019-06-28 09:38:30.000000000,99958,558,99942,558,99959,100,99933,100,99960,200,99932,200,99997,100,99908,100,99999,200,99861,100,100011,100,99845,100,100016,100,99803,100,100017,100,99614,100,100034,100,99470,100,100044,100,99453,100
2019-06-28 09:38:40.000000000,99958,329,99942,329,99959,329,99933,329,99960,200,99932,200,99997,100,99908,100,99999,200,99861,100,100011,100,99845,100,100016,100,99803,100,100017,100,99614,100,100034,100,99470,100,100044,100,99453,100
2019-06-28 09:38:50.000000000,99958,214,99942,214,99959,214,99933,214,99960,314,99932,314,99997,214,99908,214,99999,200,99861,100,100011,100,99845,100,100016,100,99803,100,100017,100,99614,100,100034,100,99470,100,100044,100,99453,100
2019-06-28 09:39:00.000000000,99958,329,99942,329,99959,329,99933,329,99960,200,99932,200,99997,100,99908,100,99999,200,99861,100,100011,100,99845,100,100016,100,99803,100,100017,100,99614,100,100034,100,99470,100,100044,100,99453,100
2019-06-28 09:39:05.236982297,99958,329,99942,329,99959,329,99933,329,99960,200,99932,200,99997,100,99908,100,99999,200,99861,100,100011,100,99845,100,100016,100,99803,100,100017,100,99614,100,100034,100,99470,100,100044,100,99453,100
2019-06-28 09:39:10.000000000,99958,214,99942,214,99959,214,99933,214,99960,314,99932,314,99997,214,99908,214,99999,200,99861,100,100011,100,99845,100,100016,100,99803,100,100017,100,99614,100,100034,100,99470,100,100044,100,99453,100
2019-06-28 09:39:20.000000000,99958,256,99942,256,99959,251,99933,251,99960,351,99932,351,99997,100,99908,100,99999,200,99861,100,100011,100,99845,100,100016,100,99803,100,100017,100,99614,100,100034,100,99470,100,100044,100,99453,100
2019-06-28 09:39:29.768729200,99958,256,99942,156,99959,251,99933,251,99960,351,99932,351,99997,100,99861,100,99999,200,99845,100,100011,100,99803,100,100016,100,99614,100,100017,100,99470,100,100034,100,99453,100,100044,100,99339,100
2019-06-28 09:39:30.000000000,99958,558,99933,558,99959,100,99932,200,99960,200,99861,100,99997,100,99845,100,99999,200,99803,100,100011,100,99614,100,100016,100,99470,100,100017,100,99453,100,100034,100,99339,100,100044,100,99331,100
2019-06-28 09:39:40.000000000,99958,329,99933,329,99959,329,99932,429,99960,200,99861,100,99997,100,99845,100,99999,200,99803,100,100011,100,99614,100,100016,100,99470,100,100017,100,99453,100,100034,100,99339,100,100044,100,99331,100
2019-06-28 09:39:50.000000000,99958,558,99933,558,99959,100,99932,200,99960,200,99861,100,99997,100,99845,100,99999,200,99803,100,100011,100,99614,100,100016,100,99470,100,100017,100,99453,100,100034,100,99339,100,100044,100,99331,100
2019-06-28 09:40:00.000000000,99958,256,99933,256,99959,251,99932,351,99960,351,99861,251,99997,100,99845,100,99999,200,99803,100,100011,100,99614,100,100016,100,99470,100,100017,100,99453,100,100034,100,99339,100,100044,100,99331,100
2019-06-28 09:40:10.000000000,99958,558,99933,558,99959,100,99932,200,99960,200,99861,100,99997,100,99845,100,99999,200,99803,100,100011,100,99614,100,100016,100,99470,100,100017,100,99453,100,100034,100,99339,100,100044,100,99331,100
2019-06-28 09:40:16.523790415,99958,558,99933,558,99959,100,99932,200,99960,200,99861,100,99997,100,99845,100,99999,200,99803,100,100011,100,99614,100,100016,100,99470,100,100017,100,99453,100,100034,100,99339,100,100044,100,99331,100
2019-06-28 09:40:16.746049305,99958,558,99933,458,99959,100,99932,200,99960,200,99861,100,99997,100,99845,100,99999,200,99803,100,100011,100,99614,100,100016,100,99470,100,100017,100,99453,100,100034,100,99339,100,100044,100,99331,100
2019-06-28 09:40:20.000000000,99958,256,99932,356,99959,251,99861,251,99960,351,99845,251,99997,100,99803,100,99999,200,99614,100,100011,100,99470,100,100016,100,99453,100,100017,100,99339,100,100034,100,99331,100,100044,100,99264,100
2019-06-28 09:40:30.000000000,99958,256,99932,356,99959,251,99861,251,99960,351,99845,251,99997,100,99803,100,99999,200,99614,100,100011,100,99470,100,100016,100,99453,100,100017,100,99339,100,100034,100,99331,100,100044,100,99264,100
2019-06-28 09:40:30.759767615,99942,100,99932,356,99958,256,99861,251,99959,251,99845,251,99960,351,99803,100,99997,100,99614,100,99999,200,99470,100,100011,100,99453,100,100016,100,99339,100,100017,100,99331,100,100034,100,99264,100
2019-06-28 09:40:31.287780947,99942,100,99932,256,99958,256,99861,251,99959,251,99845,251,99960,351,99614,100,99997,100,99470,100,99999,200,99453,100,100011,100,99339,100,100016,100,99331,100,100017,100,99264,100,100034,100,99261,100
2019-06-28 09:40:37.301641279,99942,100,99932,156,99958,256,99861,251,99959,251,99845,251,99960,351,99614,100,99997,100,99470,100,99999,200,99453,100,100011,100,99339,100,100016,100,99331,100,100017,100,99264,100,100034,100,99261,100
2019-06-28 09:40:40.000000000,99942,192,99861,192,99958,192,99845,192,99959,192,99614,192,99960,292,99470,192,99997,192,99453,192,99999,200,99339,100,100011,100,99331,100,100016,100,99264,100,100017,100,99261,100,100034,100,99223,100
2019-06-28 09:40:50.000000000,99942,329,99861,329,99958,329,99845,329,99959,100,99614,100,99960,200,99470,100,99997,100,99453,100,99999,200,99339,100,100011,100,99331,100,100016,100,99264,100,100017,100,99261,100,100034,100,99223,100
2019-06-28 09:41:00.000000000,99942,214,99861,214,99958,214,99845,214,99959,214,99614,214,99960,314,99470,214,99997,100,99453,100,99999,200,99339,100,100011,100,99331,100,100016,100,99264,100,100017,100,99261,100,100034,100,99223,100
2019-06-28 09:41:10.000000000,99942,329,99861,329,99958,329,99845,329,99959,100,99614,100,99960,200,99470,100,99997,100,99453,100,99999,200,99339,100,100011,100,99331,100,100016,100,99264,100,100017,100,99261,100,100034,100,99223,100
2019-06-28 09:41:19.948772622,99942,329,99861,329,99958,329,99845,329,99959,100,99614,100,99960,200,99470,100,99997,100,99453,100,99999,200,99339,100,100011,100,99331,100,100016,100,99264,100,100017,100,99261,100,100034,100,99223,100
2019-06-28 09:41:20.000000000,99942,192,99861,192,99958,192,99845,192,99959,192,99614,192,99960,292,99470,192,99997,192,99453,192,99999,200,99339,100,100011,100,99331,100,100016,100,99264,100,100017,100,99261,100,100034,100,99223,100
2019-06-28 09:41:30.000000000,99942,256,99861,256,99958,251,99845,251,99959,251,99614,251,99960,200,99470,100,99997,100,99453,100,99999,200,99339,100,100011,100,99331,100,100016,100,99264,100,100017,100,99261,100,100034,100,99223,100
2019-06-28 09:41:40.000000000,99942,558,99861,558,99958,100,99845,100,99959,100,99614,100,99960,200,99470,100,99997,100,99453,100,99999,200,99339,100,100011,100,99331,100,100016,100,99264,100,100017,100,99261,100,100034,100,99223,100
2019-06-28 09:41:45.984099733,99932,100,99861,558,99942,558,99845,100,99958,100,99614,100,99959,100,99470,100,99960,200,99453,100,99997,100,99339,100,99999,200,99331,100,100011,100,99264,100,100016,100,99261,100,100017,100,99223,100
2019-06-28 09:41:50.000000000,99932,256,99861,256,99942,251,99845,251,99958,251,99614,251,99959,100,99470,100,99960,200,99453,100,99997,100,99339,100,99999,200,99331,100,100011,100,99264,100,100016,100,99261,100,100017,100,99223,100
2019-06-28 09:42:00.000000000,99932,192,99861,192,99942,192,99845,192,99958,192,99614,192,99959,192,99470,192,99960,292,99453,192,99997,100,99339,100,99999,200,99331,100,100011,100,99264,100,100016,100,99261,100,100017,100,99223,100
2019-06-28 09:42:10.000000000,99932,329,99861,329,99942,329,99845,329,99958,100,99614,100,99959,100,99470,100,99960,200,99453,100,99997,100,99339,100,99999,200,99331,100,100011,100,99264,100,100016,100,99261,100,100017,100,99223,100
2019-06-28 09:42:10.830586115,99932,329,99861,229,99942,329,99845,329,99958,100,99614,100,99959,100,99470,100,99960,200,99453,100,99997,100,99339,100,99999,200,99331,100,100011,100,99264,100,100016,100,99261,100,100017,100,99223,100
2019-06-28 09:42:11.287292022,99932,329,99861,129,99942,329,99845,329,99958,100,99614,100,99959,100,99470,100,99960,200,99453,100,99997,100,99339,100,99999,200,99331,100,100011,100,99264,100,100016,100,99261,100,100017,100,99223,100
2019-06-28 09:42:18.963211898,99932,329,99861,129,99942,329,99845,329,99958,100,99614,100,99959,100,99470,100,99960,200,99453,100,99997,100,99339,100,99999,200,99331,100,100011,100,99264,100,100016,100,99261,100,100017,100,99223,100
2019-06-28 09:42:20.000000000,99932,558,99845,558,99942,100,99614,100,99958,100,99470,100,99959,100,99453,100,99960,200,99339,100,99997,100,99331,100,99999,200,99264,100,100011,100,99261,100,100016,100,99223,100,100017,100,98305,100
2019-06-28 09:42:30.000000000,99932,329,99845,329,99942,329,99614,329,99958,100,99470,100,99959,100,99453,100,99960,200,99339,100,99997,100,99331,100,99999,200,99264,100,100011,100,99261,100,100016,100,99223,100,100017,100,98305,100
2019-06-28 09:42:40.000000000,99932,558,99845,558,99942,100,99614,100,99958,100,99470,100,99959,100,99453,100,99960,200,99339,100,99997,100,99331,100,99999,200,99264,100,100011,100,99261,100,100016,100,99223,100,100017,100,98305,100
2019-06-28 09:42:48.794374735,99932,558,99845,458,99942,100,99614,100,99958,100,99470,100,99959,100,99453,100,99960,200,99339,100,99997,100,99331,100,99999,200,99261,100,100011,100,99223,100,100016,100,98305,100,100017,100,98159,100
2019-06-28 09:42:50.000000000,99932,192,99614,192,99942,192,99470,192,99958,192,99453,192,99959,192,99339,192,99960,292,99331,192,99997,100,99261,100,99999,200,99223,100,100011,100,98305,100,100016,100,98159,100,100017,100,98019,100
2019-06-28 09:43:00.000000000,99932,192,99614,192,99942,192,99470,192,99958,192,99453,192,99959,192,99339,192,99960,292,99331,192,99997,100,99261,100,99999,200,99223,100,100011,100,98305,100,100016,100,98159,100,100017,100,98019,100
2019-06-28 09:43:00.013682062,99932,192,99614,92,99942,192,99470,192,99958,192,99453,192,99959,192,99339,192,99960,292,99331,192,99997,100,99261,100,99999,200,99223,100,100011,100,98305,100,100016,100,98159,100,100017,100,98019,100
2019-06-28 09:43:10.000000000,99932,256,99470,256,99942,251,99453,251,99958,251,99339,251,99959,100,99331,100,99960,200,99261,100,99997,100,99223,100,99999,200,98305,100,100011,100,98159,100,100016,100,98019,100,100017,100,97796,100
2019-06-28 09:43:20.000000000,99932,192,99470,192,99942,192,99453,192,99958,192,99339,192,99959,192,99331,192,99960,292,99261,192,99997,100,99223,100,99999,200,98305,100,100011,100,98159,100,100016,100,98019,100,100017,100,97796,100
2019-06-28 09:43:30.000000000,99932,558,99470,558,99942,100,99453,100,99958,100,99339,100,99959,100,99331,100,99960,200,99261,100,99997,100,99223,100,99999,200,98305,100,100011,100,98159,100,100016,100,98019,100,100017,100,97796,100
2019-06-28 09:43:40.000000000,99932,558,99470,558,99942,100,99453,100,99958,100,99339,100,99959,100,99331,100,99960,200,99261,100,99997,100,99223,100,99999,200,98305,100,100011,100,98159,100,100016,100,98019,100,100017,100,97796,100
2019-06-28 09:43:41.337327833,99932,558,99470,458,99942,100,99339,100,99958,100,99331,100,99959,100,99261,100,99960,200,99223,100,99997,100,98305,100,99999,200,98159,100,100011,100,98019,100,100016,100,97796,100,100017,100,,
2019-06-28 09:43:46.374448267,99614,100,99470,458,99932,558,99339,100,99942,100,99331,100,99958,100,99261,100,99959,100,99223,100,99960,200,98305,100,99997,100,98159,100,99999,200,98019,100,100011,100,97796,100,100016,100,,
2019-06-28 09:43:50.000000000,99614,214,99339,214,99932,214,99331,214,99942,214,99261,214,99958,214,99223,214,99959,100,98305,100,99960,200,98159,100,99997,100,98019,100,99999,200,97796,100,100011,100,,,100016,100,,
2019-06-28 09:43:54.735017530,99614,214,99339,114,99932,214,99331,214,99942,214,99261,214,99958,214,99223,214,99959,100,98305,100,99960,200,98159,100,99997,100,98019,100,99999,200,97796,100,100011,100,,,100016,100,,
2019-06-28 09:43:54.824845070,99614,214,99339,114,99932,214,99331,114,99942,214,99261,214,99958,214,99223,214,99959,100,99045,100,99960,200,98305,100,99997,100,98159,100,99999,200,98019,100,100011,100,97796,100,100016,100,,
2019-06-28 09:44:00.000000000,99614,192,99261,192,99932,192,99223,192,99942,192,99045,192,99958,192,98305,192,99959,192,98159,192,99960,200,98019,100,99997,100,97796,100,99999,200,,,100011,100,,,100016,100,,
2019-06-28 09:44:10.000000000,99614,192,99261,192,99932,192,99223,192,99942,192,99045,192,99958,192,98305,192,99959,192,98159,192,99960,200,98019,100,99997,100,97796,100,99999,200,,,100011,100,,,100016,100,,
2019-06-28 09:44:20.000000000,99614,192,99261,192,99932,192,99223,192,99942,192,99045,192,99958,192,98305,192,99959,192,98159,192,99960,200,98019,100,99997,100,97796,100,99999,200,,,100011,100,,,100016,100,,
2019-06-28 09:44:28.653830212,99614,192,99340,100,99932,192,99261,192,99942,192,99223,192,99958,192,99045,192,99959,192,98305,192,99960,200,98159,192,99997,100,98019,100,99999,200,97796,100,100011,100,,,100016,100,,
2019-06-28 09:44:30.000000000,99614,214,99340,214,99932,214,99261,214,99942,214,99223,214,99958,214,99045,214,99959,100,98305,100,99960,200,98159,100,99997,100,98019,100,99999,200,97796,100,100011,100,,,100016,100,,
2019-06-28 09:44:32.554920292,99437,100,99340,214,99614,214,99261,214,99932,214,99223,214,99942,214,99045,214,99958,214,98305,100,99959,100,98159,100,99960,200,98019,100,99997,100,97796,100,99999,200,,,100011,100,,
2019-06-28 09:44:40.000000000,99437,558,99340,558,99614,100,99261,100,99932,100,99223,100,99942,100,99045,100,99958,100,98305,100,99959,100,98159,100,99960,200,98019,100,99997,100,97796,100,99999,200,,,100011,100,,
2019-06-28 09:44:50.000000000,99437,256,99340,256,99614,251,99261,251,99932,251,99223,251,99942,100,99045,100,99958,100,98305,100,99959,100,98159,100,99960,200,98019,100,99997,100,97796,100,99999,200,,,100011,100,,
2019-06-28 09:45:00.000000000,99437,192,99340,192,99614,192,99261,192,99932,192,99223,192,99942,192,99045,192,99958,192,98305,192,99959,100,98159,100,99960,200,98019,100,99997,100,97796,100,99999,200,,,100011,100,,
2019-06-28 09:45:10.000000000,99437,256,99340,256,99614,251,99261,251,99932,251,99223,251,99942,100,99045,100,99958,100,98305,100,99959,100,98159,100,99960,200,98019,100,99997,100,97796,100,99999,200,,,100011,100,,
2019-06-28 09:45:15.122310357,99437,256,99340,256,99614,251,99261,251,99932,251,99223,251,99942,100,99045,100,99958,100,98305,100,99959,100,98159,100,99960,200,98019,100,99997,100,97796,100,99999,200,,,100011,100,,
2019-06-28 09:45:20.000000000,99437,214,99340,214,99614,214,99261,214,99932,214,99223,214,99942,214,99045,214,99958,100,98305,100,99959,100,98159,100,99960,200,98019,100,99997,100,97796,100,99999,200,,,100011,100,,
2019-06-28 09:45:29.584592048,99437,214,99340,214,99614,214,99261,214,99833,100,99223,214,99932,214,99045,214,99942,214,98305,100,99958,100,98159,100,99959,100,98019,100,99960,200,97796,100,99997,100,,,99999,200,,
2019-06-28 09:45:30.000000000,99437,558,99340,558,99614,100,99261,100,99833,100,99223,100,99932,100,99045,100,99942,100,98305,100,99958,100,98159,100,99959,100,98019,100,99960,200,97796,100,99997,100,,,99999,200,,
2019-06-28 09:45:38.308293080,99437,558,99340,558,99614,100,99261,100,99833,100,99223,100,99932,100,99045,100,99942,100,98305,100,99958,100,98159,100,99959,100,98019,100,99960,200,97796,100,99997,100,,,99999,200,,
2019-06-28 09:45:40.000000000,99437,214,99340,214,99614,214,99261,214,99833,214,99223,214,99932,214,99045,214,99942,100,98305,100,99958,100,98159,100,99959,100,98019,100,99960,200,97796,100,99997,100,,,99999,200,,
2019-06-28 09:45:50.000000000,99437,192,99340,192,99614,192,99261,192,99833,192,99223,192,99932,192,99045,192,99942,192,98305,192,99958,100,98159,100,99959,100,98019,100,99960,200,97796,100,99997,100,,,99999,200,,
2019-06-28 09:45:58.935766176,99437,192,99340,192,99614,192,99261,192,99833,192,99223,192,99932,192,99045,92,99942,192,98305,192,99958,100,98159,100,99959,100,98019,100,99960,200,97796,100,99997,100,,,99999,200,,
2019-06-28 09:46:00.000000000,99437,329,99340,329,99614,329,99261,329,99833,100,99223,100,99932,100,98305,100,99942,100,98159,100,99958,100,98019,100,99959,100,97796,100,99960,200,,,99997,100,,,99999,200,,
2019-06-28 09:46:06.398981486,99437,329,99340,329,99614,329,99261,329,99833,100,99223,100,99932,100,98305,100,99942,100,98159,100,99958,100,98019,100,99960,200,97796,100,99997,100,,,99999,200,,,100011,100,,
2019-06-28 09:46:10.000000000,99437,256,99340,256,99614,251,99261,251,99833,251,99223,251,99932,100,98305,100,99942,100,98159,100,99958,100,98019,100,99960,200,97796,100,99997,100,,,99999,200,,,100011,100,,
2019-06-28 09:46:20.000000000,99437,558,99340,558,99614,100,99261,100,99833,100,99223,100,99932,100,98305,100,99942,100,98159,100,99958,100,98019,100,99960,200,97796,100,99997,100,,,99999,200,,,100011,100,,
2019-06-28 09:46:30.000000000,99437,214,99340,214,99614,214,99261,214,99833,214,99223,214,99932,214,98305,214,99942,100,98159,100,99958,100,98019,100,99960,200,97796,100,99997,100,,,99999,200,,,100011,100,,
2019-06-28 09:46:39.929355761,99437,214,99340,214,99614,214,99261,214,99833,214,99223,214,99932,214,98305,214,99942,100,98159,100,99958,100,98019,100,99960,200,97796,100,99997,100,,,99999,200,,,100011,100,,
2019-06-28 09:46:40.000000000,99437,192,99340,192,99614,192,99261,192,99833,192,99223,192,99932,192,98305,192,99942,192,98159,192,99958,100,98019,100,99960,200,97796,100,99997,100,,,99999,200,,,100011,100,,
2019-06-28 09:46:45.152284309,99437,92,99340,192,99614,192,99261,192,99833,192,99223,192,99932,192,98305,192,99942,192,98159,192,99958,100,98019,100,99960,200,97796,100,99997,100,,,99999,200,,,100011,100,,
2019-06-28 09:46:50.000000000,99614,214,99340,214,99833,214,99261,214,99932,214,99223,214,99942,214,98305,214,99958,100,98159,100,99960,200,98019,100,99997,100,97796,100,99999,200,,,100011,100,,,100016,100,,
2019-06-28 09:46:53.926260361,99614,214,99340,214,99833,214,99261,214,99932,214,99223,214,99942,214,98305,214,99958,100,98159,100,99960,200,98019,100,99997,100,97796,100,99999,200,,,100011,100,,,100016,100,,
2019-06-28 09:47:00.000000000,99614,256,99340,256,99833,251,99261,251,99932,251,99223,251,99942,100,98305,100,99958,100,98159,100,99960,200,98019,100,99997,100,97796,100,99999,200,,,100011,100,,,100016,100,,
2019-06-28 09:47:08.001130935,99614,156,99340,256,99833,251,99261,251,99932,251,99223,251,99942,100,98305,100,99958,100,98159,100,99960,200,98019,100,99997,100,97796,100,99999,100,,,100011,100,,,100016,100,,
2019-06-28 09:47:10.000000000,99833,214,99340,214,99932,214,99261,214,99942,214,99223,214,99958,214,98305,214,99960,200,98159,100,99997,100,98019,100,99999,100,97796,100,100011,100,,,100016,100,,,100017,100,,
2019-06-28 09:47:13.503447476,99833,214,99340,214,99886,100,99261,214,99932,214,99223,214,99942,214,98305,214,99958,214,98159,100,99960,200,98019,100,99997,100,97796,100,99999,100,,,100011,100,,,100016,100,,
2019-06-28 09:47:20.000000000,99833,329,99340,329,99886,329,99261,329,99932,100,99223,100,99942,100,98305,100,99958,100,98159,100,99960,200,98019,100,99997,100,97796,100,99999,100,,,100011,100,,,100016,100,,
2019-06-28 09:47:30.000000000,99833,329,99340,329,99886,329,99261,329,99932,100,99223,100,99942,100,98305,100,99958,100,98159,100,99960,200,98019,100,99997,100,97796,100,99999,100,,,100011,100,,,100016,100,,
2019-06-28 09:47:36.324927130,99833,329,99437,100,99886,329,99340,329,99932,100,99261,329,99942,100,99223,100,99958,100,98305,100,99960,200,98159,100,99999,100,98019,100,100011,100,97796,100,100016,100,,,100017,100,,
2019-06-28 09:47:40.000000000,99833,329,99437,329,99886,329,99340,329,99932,100,99261,100,99942,100,99223,100,99958,100,98305,100,99960,200,98159,100,99999,100,98019,100,100011,100,97796,100,100016,100,,,100017,100,,
2019-06-28 09:47:50.000000000,99833,329,99437,329,99886,329,99340,329,99932,100,99261,100,99942,100,99223,100,99958,100,98305,100,99960,200,98159,100,99999,100,98019,100,100011,100,97796,100,100016,100,,,100017,100,,
2019-06-28 09:47:50.973211631,99833,329,99576,100,99886,329,99437,329,99932,100,99340,329,99942,100,99261,100,99958,100,99223,100,99960,200,98305,100,99999,100,98159,100,100011,100,98019,100,100016,100,97796,100,100017,100,,
2019-06-28 09:47:52.781798548,99617,100,99576,100,99833,329,99437,329,99886,329,99340,329,99932,100,99261,100,99942,100,99223,100,99958,100,98305,100,99960,200,98159,100,99999,100,98019,100,100011,100,97796,100,100016,100,,
2019-06-28 09:47:59.024167826,99833,329,99576,100,99886,329,99437,329,99932,100,99340,329,99942,100,99261,100,99958,100,99223,100,99960,200,98305,100,99999,100,98159,100,100011,100,98019,100,100017,100,97796,100,100044,100,,
2019-06-28 09:48:00.000000000,99833,214,99576,214,99886,214,99437,214,99932,214,99340,214,99942,214,99261,214,99958,100,99223,100,99960,200,98305,100,99999,100,98159,100,100011,100,98019,100,100017,100,97796,100,100044,100,,
2019-06-28 09:48:01.441623410,99710,100,99576,214,99833,214,99437,214,99886,214,99340,214,99932,214,99261,214,99942,214,99223,100,99958,100,98305,100,99960,200,98159,100,99999,100,98019,100,100011,100,97796,100,100017,100,,
2019-06-28 09:48:10.000000000,99710,329,99576,329,99833,329,99437,329,99886,100,99340,100,99932,100,99261,100,99942,100,99223,100,99958,100,98305,100,99960,200,98159,100,99999,100,98019,100,100011,100,97796,100,100017,100,,
2019-06-28 09:48:18.296965979,99710,329,99614,100,99833,329,99576,329,99886,100,99437,329,99932,100,99340,100,99942,100,99261,100,99958,100,99223,100,99960,200,98305,100,99999,100,98159,100,100011,100,98019,100,100017,100,97796,100
2019-06-28 09:48:20.000000000,99710,329,99614,329,99833,329,99576,329,99886,100,99437,100,99932,100,99340,100,99942,100,99261,100,99958,100,99223,100,99960,200,98305,100,99999,100,98159,100,100011,100,98019,100,100017,100,97796,100
2019-06-28 09:48:21.736057740,99710,329,99614,329,99833,329,99576,329,99886,100,99437,100,99932,100,99340,100,99942,100,99261,100,99958,100,99223,100,99960,200,98305,100,99999,100,98159,100,100011,100,98019,100,100017,100,97796,100
2019-06-28 09:48:26.633930696,99710,329,99614,329,99833,329,99576,329,99886,100,99437,100,99932,100,99340,100,99942,100,99261,100,99958,100,99223,100,99960,200,98305,100,99967,100,98159,100,99999,100,98019,100,100011,100,97796,100
2019-06-28 09:48:30.000000000,99710,558,99614,558,99833,100,99576,100,99886,100,99437,100,99932,100,99340,100,99942,100,99261,100,99958,100,99223,100,99960,200,98305,100,99967,100,98159,100,99999,100,98019,100,100011,100,97796,100
2019-06-28 09:48:40.000000000,99710,329,99614,329,99833,329,99576,329,99886,100,99437,100,99932,100,99340,100,99942,100,99261,100,99958,100,99223,100,99960,200,98305,100,99967,100,98159,100,99999,100,98019,100,100011,100,97796,100
2019-06-28 09:48:43.071865618,99710,229,99614,329,99833,329,99576,329,99886,100,99437,100,99932,100,99340,100,99942,100,99261,100,99958,100,99223,100,99960,200,98305,100,99967,100,98159,100,99999,100,98019,100,100011,100,97796,100
2019-06-28 09:48:50.000000000,99833,214,99614,214,99886,214,99576,214,99932,214,99437,214,99942,214,99340,214,99958,100,99261,100,99960,200,99223,100,99967,100,98305,100,99999,100,98159,100,100011,100,98019,100,100017,100,97796,100
2019-06-28 09:48:51.073568643,99833,214,99617,100,99886,214,99614,214,99932,214,99576,214,99942,214,99437,214,99958,100,99340,214,99960,200,99261,100,99967,100,99223,100,99999,100,98305,100,100011,100,98159,100,100017,100,98019,100
2019-06-28 09:49:00.000000000,99833,192,99617,192,99886,192,99614,192,99932,192,99576,192,99942,192,99437,192,99958,192,99340,192,99960,200,99261,100,99967,100,99223,100,99999,100,98305,100,100011,100,98159,100,100017,100,98019,100
2019-06-28 09:49:02.384410734,99833,192,99617,192,99886,192,99614,192,99932,192,99576,192,99942,192,99437,192,99958,192,99340,192,99960,200,99261,100,99967,100,99223,100,99999,100,98305,100,100011,100,98159,100,100017,100,98019,100
2019-06-28 09:49:09.254695030,99756,100,99617,192,99833,192,99614,192,99886,192,99576,192,99932,192,99437,192,99942,192,99340,192,99958,192,99261,100,99960,200,99223,100,99967,100,98305,100,99999,100,98159,100,100011,100,98019,100
2019-06-28 09:49:10.000000000,99756,558,99617,558,99833,100,99614,100,99886,100,99576,100,99932,100,99437,100,99942,100,99340,100,99958,100,99261,100,99960,200,99223,100,99967,100,98305,100,99999,100,98159,100,100011,100,98019,100
2019-06-28 09:49:20.000000000,99756,558,99617,558,99833,100,99614,100,99886,100,99576,100,99932,100,99437,100,99942,100,99340,100,99958,100,99261,100,99960,200,99223,100,99967,100,98305,100,99999,100,98159,100,100011,100,98019,100
2019-06-28 09:49:30.000000000,99756,329,99617,329,99833,329,99614,329,99886,100,99576,100,99932,100,99437,100,99942,100,99340,100,99958,100,99261,100,99960,200,99223,100,99967,100,98305,100,99999,100,98159,100,100011,100,98019,100
2019-06-28 09:49:40.000000000,99756,214,99617,214,99833,214,99614,214,99886,214,99576,214,99932,214,99437,214,99942,100,99340,100,99958,100,99261,100,99960,200,99223,100,99967,100,98305,100,99999,100,98159,100,100011,100,98019,100
2019-06-28 09:49:50.000000000,99756,256,99617,256,99833,251,99614,251,99886,251,99576,251,99932,100,99437,100,99942,100,99340,100,99958,100,99261,100,99960,200,99223,100,99967,100,98305,100,99999,100,98159,100,100011,100,98019,100
2019-06-28 09:49:54.585122734,99756,256,99617,256,99833,251,99614,251,99886,251,99576,251,99932,100,99437,100,99942,100,99340,100,99958,100,99261,100,99960,200,99223,100,99967,100,98305,100,100011,100,98159,100,100023,100,98019,100
2019-06-28 09:50:00.000000000,99756,329,99617,329,99833,329,99614,329,99886,100,99576,100,99932,100,99437,100,99942,100,99340,100,99958,100,99261,100,99960,200,99223,100,99967,100,98305,100,100011,100,98159,100,100023,100,98019,100
2019-06-28 09:50:10.000000000,99756,256,99617,256,99833,251,99614,251,99886,251,99576,251,99932,100,99437,100,99942,100,99340,100,99958,100,99261,100,99960,200,99223,100,99967,100,98305,100,100011,100,98159,100,100023,100,98019,100
2019-06-28 09:50:20.000000000,99756,256,99617,256,99833,251,99614,251,99886,251,99576,251,99932,100,99437,100,99942,100,99340,100,99958,100,99261,100,99960,200,99223,100,99967,100,98305,100,100011,100,98159,100,100023,100,98019,100
2019-06-28 09:50:30.000000000,99756,214,99617,214,99833,214,99614,214,99886,214,99576,214,99932,214,99437,214,99942,100,99340,100,99958,100,99261,100,99960,200,99223,100,99967,100,98305,100,100011,100,98159,100,100023,100,98019,100
2019-06-28 09:50:40.000000000,99756,214,99617,214,99833,214,99614,214,99886,214,99576,214,99932,214,99437,214,99942,100,99340,100,99958,100,99261,100,99960,200,99223,100,99967,100,98305,100,100011,100,98159,100,100023,100,98019,100
2019-06-28 09:50:49.601065016,99756,214,99617,314,99833,214,99614,214,99886,214,99576,214,99932,214,99437,214,99942,100,99340,100,99958,100,99261,100,99960,200,99223,100,99967,100,98305,100,100011,100,98159,100,100023,100,98019,100
2019-06-28 09:50:50.000000000,99756,214,99617,314,99833,214,99614,214,99886,214,99576,214,99932,214,99437,214,99942,100,99340,100,99958,100,99261,100,99960,200,99223,100,99967,100,98305,100,100011,100,98159,100,100023,100,98019,100
2019-06-28 09:51:00.000000000,99756,558,99617,658,99833,100,99614,100,99886,100,99576,100,99932,100,99437,100,99942,100,99340,100,99958,100,99261,100,99960,200,99223,100,99967,100,98305,100,100011,100,98159,100,100023,100,98019,100
2019-06-28 09:51:10.000000000,99756,192,99617,292,99833,192,99614,192,99886,192,99576,192,99932,192,99437,192,99942,192,99340,192,99958,100,99261,100,99960,200,99223,100,99967,100,98305,100,100011,100,98159,100,100023,100,98019,100
2019-06-28 09:51:19.649533125,99756,192,99617,392,99833,192,99614,192,99886,192,99576,192,99932,192,99437,192,99942,192,99340,192,99958,100,99261,100,99960,200,99223,100,99967,100,98305,100,100011,100,98159,100,100023,100,98019,100
2019-06-28 09:51:20.000000000,99756,256,99617,456,99833,251,99614,251,99886,251,99576,251,99932,100,99437,100,99942,100,99340,100,99958,100,99261,100,99960,200,99223,100,99967,100,98305,100,100011,100,98159,100,100023,100,98019,100
2019-06-28 09:51:20.402955630,99756,156,99617,456,99833,251,99614,251,99886,251,99576,251,99932,100,99437,100,99942,100,99340,100,99958,100,99261,100,99960,200,99223,100,99967,100,98305,100,100011,100,98159,100,100023,100,98019,100
2019-06-28 09:51:28.237529568,99756,156,99617,456,99833,251,99614,251,99886,251,99576,151,99932,100,99437,100,99942,100,99340,100,99958,100,99261,100,99960,200,99223,100,99967,100,98305,100,100011,100,98159,100,100023,100,98019,100
2019-06-28 09:51:30.000000000,99833,214,99617,414,99886,214,99614,214,99932,214,99437,214,99942,214,99340,214,99958,100,99261,100,99960,200,99223,100,99967,100,98305,100,100011,100,98159,100,100023,100,98019,100,100053,100,97796,100
2019-06-28 09:51:35.351269563,99833,214,99710,100,99886,214,99617,414,99932,214,99614,214,99942,214,99437,214,99958,100,99340,214,99960,200,99261,100,99967,100,99223,100,100011,100,98305,100,100023,100,98159,100,100053,100,98019,100
2019-06-28 09:51:40.000000000,99833,558,99710,558,99886,100,99617,300,99932,100,99614,100,99942,100,99437,100,99958,100,99340,100,99960,200,99261,100,99967,100,99223,100,100011,100,98305,100,100023,100,98159,100,100053,100,98019,100
2019-06-28 09:51:50.000000000,99833,214,99710,214,99886,214,99617,414,99932,214,99614,214,99942,214,99437,214,99958,100,99340,100,99960,200,99261,100,99967,100,99223,100,100011,100,98305,100,100023,100,98159,100,100053,100,98019,100
2019-06-28 09:52:00.000000000,99833,256,99710,256,99886,251,99617,451,99932,251,99614,251,99942,100,99437,100,99958,100,99340,100,99960,200,99261,100,99967,100,99223,100,100011,100,98305,100,100023,100,98159,100,100053,100,98019,100
2019-06-28 09:52:10.000000000,99833,256,99710,256,99886,251,99617,451,99932,251,99614,251,99942,100,99437,100,99958,100,99340,100,99960,200,99261,100,99967,100,99223,100,100011,100,98305,100,100023,100,98159,100,100053,100,98019,100
2019-06-28 09:52:12.404015328,99833,156,99710,256,99886,251,99617,451,99932,251,99614,251,99942,100,99437,100,99958,100,99340,100,99960,200,99261,100,99967,100,99223,100,100011,100,98305,100,100023,100,98159,100,100053,100,98019,100
2019-06-28 09:52:14.568746401,99833,156,99756,100,99886,251,99710,156,99932,251,99617,451,99942,100,99614,251,99958,100,99437,100,99960,200,99340,100,99967,100,99261,100,100011,100,99223,100,100023,100,98305,100,100053,100,98159,100
2019-06-28 09:52:20.000000000,99886,558,99756,558,99932,100,99617,300,99942,100,99614,100,99958,100,99437,100,99960,200,99340,100,99967,100,99261,100,100011,100,99223,100,100023,100,98305,100,100053,100,98159,100,100061,100,98019,100
2019-06-28 09:52:30.000000000,99886,329,99756,329,99932,329,99617,529,99942,100,99614,100,99958,100,99437,100,99960,200,99340,100,99967,100,99261,100,100011,100,99223,100,100023,100,98305,100,100053,100,98159,100,100061,100,98019,100
2019-06-28 09:52:40.000000000,99886,329,99756,329,99932,329,99617,529,99942,100,99614,100,99958,100,99437,100,99960,200,99340,100,99967,100,99261,100,100011,100,99223,100,100023,100,98305,100,100053,100,98159,100,100061,100,98019,100
2019-06-28 09:52:50.000000000,99886,214,99756,214,99932,214,99617,414,99942,214,99614,214,99958,214,99437,214,99960,200,99340,100,99967,100,99261,100,100011,100,99223,100,100023,100,98305,100,100053,100,98159,100,100061,100,98019,100
2019-06-28 09:52:53.012543698,99885,100,99756,214,99886,214,99617,414,99932,214,99614,214,99942,214,99437,214,99958,214,99340,100,99960,200,99261,100,99967,100,99223,100,100011,100,98305,100,100023,100,98159,100,100053,100,98019,100
2019-06-28 09:53:00.000000000,99885,256,99756,256,99886,251,99617,451,99932,251,99614,251,99942,100,99437,100,99958,100,99340,100,99960,200,99261,100,99967,100,99223,100,100011,100,98305,100,100023,100,98159,100,100053,100,98019,100
2019-06-28 09:53:10.000000000,99885,256,99756,256,99886,251,99617,451,99932,251,99614,251,99942,100,99437,100,99958,100,99340,100,99960,200,99261,100,99967,100,99223,100,100011,100,98305,100,100023,100,98159,100,100053,100,98019,100
2019-06-28 09:53:20.000000000,99885,192,99756,192,99886,192,99617,392,99932,192,99614,192,99942,192,99437,192,99958,192,99340,192,99960,200,99261,100,99967,100,99223,100,100011,100,98305,100,100023,100,98159,100,100053,100,98019,100
2019-06-28 09:53:30.000000000,99885,256,99756,256,99886,251,99617,451,99932,251,99614,251,99942,100,99437,100,99958,100,99340,100,99960,200,99261,100,99967,100,99223,100,100011,100,98305,100,100023,100,98159,100,100053,100,98019,100
2019-06-28 09:53:40.000000000,99885,256,99756,256,99886,251,99617,451,99932,251,99614,251,99942,100,99437,100,99958,100,99340,100,99960,200,99261,100,99967,100,99223,100,100011,100,98305,100,100023,100,98159,100,100053,100,98019,100
2019-06-28 09:53:50.000000000,99885,192,99756,192,99886,192,99617,392,99932,192,99614,192,99942,192,99437,192,99958,192,99340,192,99960,200,99261,100,99967,100,99223,100,100011,100,98305,100,100023,100,98159,100,100053,100,98019,100
2019-06-28 09:53:55.301933277,99885,192,99756,92,99886,192,99617,392,99932,192,99614,192,99942,192,99437,192,99958,192,99340,192,99960,200,99261,100,99967,100,99223,100,100011,100,98305,100,100023,100,98159,100,100053,100,98019,100
2019-06-28 09:54:00.000000000,99885,214,99617,414,99886,214,99614,214,99932,214,99437,214,99942,214,99340,214,99958,100,99261,100,99960,200,99223,100,99967,100,98305,100,100011,100,98159,100,100023,100,98019,100,100053,100,97796,100
2019-06-28 09:54:03.388815832,99885,214,99617,414,99886,214,99614,214,99932,214,99437,214,99942,214,99340,214,99958,100,99265,100,99960,200,99261,100,99967,100,99223,100,100011,100,98305,100,100023,100,98159,100,100053,100,98019,100
2019-06-28 09:54:03.500686173,99885,214,99617,414,99886,214,99614,214,99932,214,99437,214,99942,214,99366,100,99958,100,99340,214,99960,200,99265,100,99967,100,99261,100,100011,100,99223,100,100023,100,98305,100,100053,100,98159,100
2019-06-28 09:54:03.720492360,99885,214,99617,414,99886,114,99614,214,99932,214,99437,214,99942,214,99366,100,99958,100,99340,214,99960,200,99265,100,99967,100,99261,100,100011,100,99235,100,100023,100,99223,100,100053,100,98305,100
2019-06-28 09:54:10.000000000,99885,192,99617,392,99932,192,99614,192,99942,192,99437,192,99958,192,99366,192,99960,292,99340,192,99967,100,99265,100,100011,100,99261,100,100023,100,99235,100,100053,100,99223,100,100061,100,98305,100
2019-06-28 09:54:16.344776722,99885,192,99617,392,99932,192,99614,192,99942,192,99437,192,99958,192,99366,192,99960,292,99354,100,99967,100,99340,192,100011,100,99265,100,100023,100,99261,100,100053,100,99235,100,100061,100,99223,100
2019-06-28 09:54:16.419748578,99885,192,99617,292,99932,192,99614,192,99942,192,99437,192,99958,192,99366,192,99960,292,99354,100,99967,100,99340,192,100011,100,99265,100,100023,100,99235,100,100053,100,99223,100,100061,100,98305,100
2019-06-28 09:54:20.000000000,99885,329,99617,429,99932,329,99614,329,99942,100,99437,100,99958,100,99366,100,99960,200,99354,100,99967,100,99340,100,100011,100,99265,100,100023,100,99235,100,100053,100,99223,100,100061,100,98305,100
2019-06-28 09:54:30.000000000,99885,214,99617,314,99932,214,99614,214,99942,214,99437,214,99958,214,99366,214,99960,200,99354,100,99967,100,99340,100,100011,100,99265,100,100023,100,99235,100,100053,100,99223,100,100061,100,98305,100
2019-06-28 09:54:40.000000000,99885,192,99617,292,99932,192,99614,192,99942,192,99437,192,99958,192,99366,192,99960,292,99354,192,99967,100,99340,100,100011,100,99265,100,100023,100,99235,100,100053,100,99223,100,100061,100,98305,100
2019-06-28 09:54:43.647541376,99885,192,99617,292,99932,92,99614,192,99942,192,99437,192,99958,192,99366,192,99960,292,99354,192,99967,100,99340,100,100011,100,99265,100,100023,100,99235,100,100053,100,99223,100,100061,100,98305,100
2019-06-28 09:54:50.000000000,99885,256,99617,356,99942,251,99614,251,99958,251,99437,251,99960,200,99366,100,99967,100,99354,100,100011,100,99340,100,100023,100,99265,100,100053,100,99235,100,100061,100,99223,100,100065,100,98305,100
2019-06-28 09:55:00.000000000,99885,256,99617,356,99942,251,99614,251,99958,251,99437,251,99960,200,99366,100,99967,100,99354,100,100011,100,99340,100,100023,100,99265,100,100053,100,99235,100,100061,100,99223,100,100065,100,98305,100
2019-06-28 09:55:10.000000000,99885,256,99617,356,99942,251,99614,251,99958,251,99437,251,99960,200,99366,100,99967,100,99354,100,100011,100,99340,100,100023,100,99265,100,100053,100,99235,100,100061,100,99223,100,100065,100,98305,100
2019-06-28 09:55:20.000000000,99885,214,99617,314,99942,214,99614,214,99958,214,99437,214,99960,314,99366,214,99967,100,99354,100,100011,100,99340,100,100023,100,99265,100,100053,100,99235,100,100061,100,99223,100,100065,100,98305,100
2019-06-28 09:55:30.000000000,99885,558,99617,658,99942,100,99614,100,99958,100,99437,100,99960,200,99366,100,99967,100,99354,100,100011,100,99340,100,100023,100,99265,100,100053,100,99235,100,100061,100,99223,100,100065,100,98305,100
2019-06-28 09:55:40.000000000,99885,214,99617,314,99942,214,99614,214,99958,214,99437,214,99960,314,99366,214,99967,100,99354,100,100011,100,99340,100,100023,100,99265,100,100053,100,99235,100,100061,100,99223,100,100065,100,98305,100
2019-06-28 09:55:50.000000000,99885,192,99617,292,99942,192,99614,192,99958,192,99437,192,99960,292,99366,192,99967,192,99354,192,100011,100,99340,100,100023,100,99265,100,100053,100,99235,100,100061,100,99223,100,100065,100,98305,100
2019-06-28 09:56:00.000000000,99885,214,99617,314,99942,214,99614,214,99958,214,99437,214,99960,314,99366,214,99967,100,99354,100,100011,100,99340,100,100023,100,99265,100,100053,100,99235,100,100061,100,99223,100,100065,100,98305,100
2019-06-28 09:56:07.634270317,99756,100,99617,314,99885,214,99614,214,99942,214,99437,214,99958,214,99366,214,99960,314,99354,100,99967,100,99340,100,100011,100,99265,100,100023,100,99235,100,100053,100,99223,100,100061,100,98305,100
2019-06-28 09:56:10.000000000,99756,329,99617,429,99885,329,99614,329,99942,100,99437,100,99958,100,99366,100,99960,200,99354,100,99967,100,99340,100,100011,100,99265,100,100023,100,99235,100,100053,100,99223,100,100061,100,98305,100
2019-06-28 09:56:13.004372018,99756,329,99617,329,99885,329,99614,329,99942,100,99437,100,99958,100,99366,100,99960,200,99354,100,99967,100,99340,100,100023,100,99265,100,100053,100,99235,100,100061,100,99223,100,100065,100,98305,100
2019-06-28 09:56:15.219665889,99756,329,99617,229,99885,329,99614,329,99942,100,99366,100,99958,100,99354,100,99960,200,99340,100,99967,100,99265,100,100023,100,99235,100,100053,100,99223,100,100061,100,98305,100,100065,100,98159,100
2019-06-28 09:56:17.259855050,99756,329,99617,229,99885,329,99614,329,99942,100,99366,100,99958,100,99354,100,99960,200,99340,100,99967,100,99265,100,100023,100,99235,100,100053,100,99223,100,100061,100,98927,100,100065,100,98305,100
2019-06-28 09:56:19.367412091,99756,329,99617,129,99885,329,99614,329,99942,100,99366,100,99958,100,99354,100,99960,200,99340,100,99967,100,99265,100,100023,100,99235,100,100053,100,99223,100,100061,100,98927,100,100065,100,98305,100
2019-06-28 09:56:20.000000000,99756,329,99614,329,99885,329,99366,329,99942,100,99354,100,99958,100,99340,100,99960,200,99265,100,99967,100,99235,100,100023,100,99223,100,100053,100,98927,100,100061,100,98305,100,100065,100,98159,100
2019-06-28 09:56:21.207940460,99756,329,99614,329,99885,329,99366,229,99942,100,99354,100,99958,100,99340,100,99960,200,99265,100,99967,100,99235,100,100023,100,99223,100,100053,100,98939,100,100061,100,98927,100,100065,100,98305,100
2019-06-28 09:56:30.000000000,99756,329,99614,329,99885,329,99354,329,99942,100,99340,100,99958,100,99265,100,99960,200,99235,100,99967,100,99223,100,100023,100,98939,100,100053,100,98927,100,100061,100,98305,100,100065,100,98159,100
2019-06-28 09:56:40.000000000,99756,558,99614,558,99885,100,99354,100,99942,100,99340,100,99958,100,99265,100,99960,200,99235,100,99967,100,99223,100,100023,100,98939,100,100053,100,98927,100,100061,100,98305,100,100065,100,98159,100
2019-06-28 09:56:42.288365166,99756,558,99614,558,99885,100,99354,100,99942,100,99340,100,99958,100,99265,100,99960,200,99235,100,99967,100,99223,100,100023,100,99184,100,100053,100,98939,100,100061,100,98927,100,100065,100,98305,100
2019-06-28 09:56:44.625318370,99756,558,99614,558,99885,100,99340,100,99942,100,99265,100,99958,100,99235,100,99960,200,99223,100,99967,100,99184,100,100023,100,99159,100,100053,100,98939,100,100061,100,98927,100,100065,100,98305,100
2019-06-28 09:56:50.000000000,99756,256,99614,256,99885,251,99340,251,99942,251,99265,251,99958,100,99235,100,99960,200,99223,100,99967,100,99184,100,100023,100,99159,100,100053,100,98939,100,100061,100,98927,100,100065,100,98305,100
2019-06-28 09:56:55.262652507,99756,256,99614,156,99885,251,99340,251,99942,251,99265,251,99958,100,99235,100,99960,200,99223,100,99967,100,99184,100,100023,100,99159,100,100053,100,98939,100,100061,100,98927,100,100065,100,98305,100
2019-06-28 09:56:57.175179262,99756,256,99614,156,99885,251,99340,251,99942,251,99265,251,99958,100,99235,100,99960,200,99223,100,99967,100,99203,100,100023,100,99184,100,100053,100,99159,100,100061,100,98939,100,100065,100,98927,100
2019-06-28 09:57:00.000000000,99756,558,99340,558,99885,100,99265,100,99942,100,99235,100,99958,100,99223,100,99960,200,99203,100,99967,100,99184,100,100023,100,99159,100,100053,100,98939,100,100061,100,98927,100,100065,100,98305,100
2019-06-28 09:57:10.000000000,99756,329,99340,329,99885,329,99265,329,99942,100,99235,100,99958,100,99223,100,99960,200,99203,100,99967,100,99184,100,100023,100,99159,100,100053,100,98939,100,100061,100,98927,100,100065,100,98305,100
2019-06-28 09:57:20.000000000,99756,256,99340,256,99885,251,99265,251,99942,251,99235,251,99958,100,99223,100,99960,200,99203,100,99967,100,99184,100,100023,100,99159,100,100053,100,98939,100,100061,100,98927,100,100065,100,98305,100
2019-06-28 09:57:30.000000000,99756,558,99340,558,99885,100,99265,100,99942,100,99235,100,99958,100,99223,100,99960,200,99203,100,99967,100,99184,100,100023,100,99159,100,100053,100,98939,100,100061,100,98927,100,100065,100,98305,100
2019-06-28 09:57:40.000000000,99756,329,99340,329,99885,329,99265,329,99942,100,99235,100,99958,100,99223,100,99960,200,99203,100,99967,100,99184,100,100023,100,99159,100,100053,100,98939,100,100061,100,98927,100,100065,100,98305,100
2019-06-28 09:57:41.745263768,99756,329,99340,329,99885,329,99265,329,99942,100,99235,100,99958,100,99223,100,99960,200,99203,100,99967,100,99184,100,100023,100,99159,100,100053,100,98939,100,100061,100,98927,100,100065,100,98727,100
2019-06-28 09:57:41.992789542,99756,329,99340,229,99885,329,99265,329,99942,100,99235,100,99958,100,99223,100,99960,200,99203,100,99967,100,99184,100,100023,100,99159,100,100053,100,98939,100,100061,100,98927,100,100065,100,98727,100
2019-06-28 09:57:46.989112997,99614,100,99340,229,99756,329,99265,329,99885,329,99235,100,99942,100,99223,100,99960,200,99203,100,99967,100,99184,100,100023,100,99159,100,100053,100,98939,100,100061,100,98927,100,100065,100,98727,100
2019-06-28 09:57:50.000000000,99614,256,99265,256,99756,251,99235,251,99885,251,99223,251,99942,100,99203,100,99960,200,99184,100,99967,100,99159,100,100023,100,98939,100,100053,100,98927,100,100061,100,98727,100,100065,100,98305,100
2019-06-28 09:57:51.341576430,99614,256,99265,156,99756,251,99235,251,99885,251,99223,251,99942,100,99203,100,99960,200,99184,100,99967,100,99159,100,100023,100,98939,100,100053,100,98927,100,100061,100,98727,100,100065,100,98305,100
2019-06-28 09:58:00.000000000,99614,558,99235,558,99756,100,99223,100,99885,100,99203,100,99942,100,99184,100,99960,200,99159,100,99967,100,98939,100,100023,100,98927,100,100053,100,98727,100,100061,100,98305,100,100065,100,98159,100
2019-06-28 09:58:10.000000000,99614,558,99235,558,99756,100,99223,100,99885,100,99203,100,99942,100,99184,100,99960,200,99159,100,99967,100,98939,100,100023,100,98927,100,100053,100,98727,100,100061,100,98305,100,100065,100,98159,100
2019-06-28 09:58:20.000000000,99614,192,99235,192,99756,192,99223,192,99885,192,99203,192,99942,192,99184,192,99960,292,99159,192,99967,100,98939,100,100023,100,98927,100,100053,100,98727,100,100061,100,98305,100,100065,100,98159,100
2019-06-28 09:58:29.442642542,99614,192,99235,192,99756,192,99223,192,99885,192,99203,192,99942,192,99184,192,99960,292,99159,192,99967,100,98939,100,100023,100,98929,100,100053,100,98927,100,100061,100,98727,100,100077,100,98305,100
2019-06-28 09:58:30.000000000,99614,329,99235,329,99756,329,99223,329,99885,100,99203,100,99942,100,99184,100,99960,200,99159,100,99967,100,98939,100,100023,100,98929,100,100053,100,98927,100,100061,100,98727,100,100077,100,98305,100
2019-06-28 09:58:30.411375835,99614,229,99341,100,99756,329,99235,329,99885,100,99223,329,99942,100,99203,100,99960,200,99184,100,99967,100,99159,100,100023,100,98939,100,100053,100,98929,100,100061,100,98927,100,100077,100,98727,100
2019-06-28 09:58:34.823563813,99614,229,99341,100,99756,329,99235,329,99885,100,99223,329,99942,100,99203,100,99960,200,99184,100,99967,100,99159,100,100023,100,98969,100,100053,100,98939,100,100061,100,98929,100,100077,100,98927,100
2019-06-28 09:58:40.000000000,99756,329,99341,329,99885,329,99235,329,99942,100,99223,100,99960,200,99203,100,99967,100,99184,100,100023,100,99159,100,100053,100,98969,100,100061,100,98939,100,100077,100,98929,100,100083,100,98927,100
2019-06-28 09:58:50.000000000,99756,192,99341,192,99885,192,99235,192,99942,192,99223,192,99960,292,99203,192,99967,192,99184,192,100023,100,99159,100,100053,100,98969,100,100061,100,98939,100,100077,100,98929,100,100083,100,98927,100
2019-06-28 09:59:00.000000000,99756,256,99341,256,99885,251,99235,251,99942,251,99223,251,99960,200,99203,100,99967,100,99184,100,100023,100,99159,100,100053,100,98969,100,100061,100,98939,100,100077,100,98929,100,100083,100,98927,100
2019-06-28 09:59:07.038752019,99756,256,99341,256,99885,251,99235,251,99942,251,99223,251,99960,200,99203,100,99967,100,99184,100,100023,100,99159,100,100053,100,99096,100,100061,100,98969,100,100077,100,98939,100,100083,100,98929,100
2019-06-28 09:59:08.492229730,99756,256,99341,156,99885,251,99235,251,99942,251,99223,251,99960,100,99203,100,99967,100,99184,100,100023,100,99159,100,100053,100,99096,100,100061,100,98969,100,100077,100,98939,100,100083,100,98929,100
2019-06-28 09:59:10.000000000,99756,256,99235,256,99885,251,99223,251,99942,251,99203,251,99960,100,99184,100,99967,100,99159,100,100023,100,99096,100,100053,100,98969,100,100061,100,98939,100,100077,100,98929,100,100083,100,98927,100
2019-06-28 09:59:20.000000000,99756,558,99235,558,99885,100,99223,100,99942,100,99203,100,99960,100,99184,100,99967,100,99159,100,100023,100,99096,100,100053,100,98969,100,100061,100,98939,100,100077,100,98929,100,100083,100,98927,100
2019-06-28 09:59:20.850070630,99417,100,99235,558,99756,558,99223,100,99885,100,99203,100,99942,100,99184,100,99960,100,99096,100,99967,100,98969,100,100023,100,98939,100,100053,100,98929,100,100061,100,98927,100,100077,100,98727,100
2019-06-28 09:59:30.000000000,99417,329,99235,329,99756,329,99223,329,99885,100,99203,100,99942,100,99184,100,99960,100,99096,100,99967,100,98969,100,100023,100,98939,100,100053,100,98929,100,100061,100,98927,100,100077,100,98727,100
2019-06-28 09:59:31.334588787,99417,329,99323,100,99756,329,99235,329,99885,100,99223,329,99942,100,99203,100,99960,100,99184,100,99967,100,99096,100,100023,100,98969,100,100053,100,98939,100,100077,100,98929,100,100083,100,98927,100
2019-06-28 09:59:40.000000000,99417,192,99323,192,99756,192,99235,192,99885,192,99223,192,99942,192,99203,192,99960,192,99184,192,99967,100,99096,100,100023,100,98969,100,100053,100,98939,100,100077,100,98929,100,100083,100,98927,100
2019-06-28 09:59:50.000000000,99417,558,99323,558,99756,100,99235,100,99885,100,99223,100,99942,100,99203,100,99960,100,99184,100,99967,100,99096,100,100023,100,98969,100,100053,100,98939,100,100077,100,98929,100,100083,100,98927,100
2019-06-28 10:00:00.000000000,99417,192,99323,192,99756,192,99235,192,99885,192,99223,192,99942,192,99203,192,99960,192,99184,192,99967,100,99096,100,100023,100,98969,100,100053,100,98939,100,100077,100,98929,100,100083,100,98927,100
2019-06-28 10:00:06.883611455,99417,192,99323,92,99756,192,99235,192,99885,192,99223,192,99942,192,99203,192,99960,192,99184,192,99967,100,99096,100,100023,100,98969,100,100053,100,98939,100,100077,100,98929,100,100083,100,98927,100
2019-06-28 10:00:10.000000000,99417,214,99235,214,99756,214,99223,214,99885,214,99203,214,99942,214,99184,214,99960,100,99096,100,99967,100,98969,100,100023,100,98939,100,100053,100,98929,100,100077,100,98927,100,100083,100,98727,100
2019-06-28 10:00:20.000000000,99417,192,99235,192,99756,192,99223,192,99885,192,99203,192,99942,192,99184,192,99960,192,99096,192,99967,100,98969,100,100023,100,98939,100,100053,100,98929,100,100077,100,98927,100,100083,100,98727,100
2019-06-28 10:00:25.371221111,99417,192,99235,192,99756,192,99223,192,99885,192,99203,192,99942,192,99184,192,99960,192,99096,192,99967,100,99019,100,100023,100,98969,100,100053,100,98939,100,100077,100,98929,100,100083,100,98927,100
2019-06-28 10:00:30.000000000,99417,558,99235,558,99756,100,99223,100,99885,100,99203,100,99942,100,99184,100,99960,100,99096,100,99967,100,99019,100,100023,100,98969,100,100053,100,98939,100,100077,100,98929,100,100083,100,98927,100
2019-06-28 10:00:31.696990890,99417,558,99235,458,99756,100,99223,100,99885,100,99203,100,99942,100,99184,100,99960,100,99096,100,99967,100,99019,100,100023,100,98969,100,100053,100,98939,100,100077,100,98929,100,100087,100,98927,100
2019-06-28 10:00:34.916589371,99417,558,99343,100,99756,100,99235,458,99885,100,99223,100,99942,100,99203,100,99960,100,99184,100,99967,100,99096,100,100023,100,99019,100,100053,100,98969,100,100077,100,98939,100,100087,100,98929,100
2019-06-28 10:00:38.520020719,99417,558,99343,100,99756,100,99235,458,99885,100,99223,100,99942,100,99216,100,99960,100,99203,100,99967,100,99184,100,100023,100,99096,100,100053,100,99019,100,100077,100,98969,100,100087,100,98939,100
2019-06-28 10:00:40.000000000,99417,192,99343,192,99756,192,99223,192,99885,192,99216,192,99942,192,99203,192,99960,192,99184,192,99967,100,99096,100,100023,100,99019,100,100053,100,98969,100,100077,100,98939,100,100087,100,98929,100
2019-06-28 10:00:49.909262386,99417,192,99343,192,99756,192,99223,192,99885,192,99216,192,99942,192,99203,192,99960,192,99184,192,99967,100,99160,100,100023,100,99096,100,100053,100,99019,100,100077,100,98969,100,100087,100,98939,100
2019-06-28 10:00:50.000000000,99417,192,99343,192,99756,192,99223,192,99885,192,99216,192,99942,192,99203,192,99960,192,99184,192,99967,100,99160,100,100023,100,99096,100,100053,100,99019,100,100077,100,98969,100,100087,100,98939,100
2019-06-28 10:00:58.937768765,99417,192,99343,192,99756,192,99324,100,99885,192,99223,192,99942,192,99216,192,99960,92,99203,192,99967,100,99184,192,100023,100,99160,100,100053,100,99096,100,100077,100,99019,100,100087,100,98969,100
2019-06-28 10:01:00.000000000,99417,192,99343,192,99756,192,99324,192,99885,192,99223,192,99942,192,99216,192,99967,192,99203,192,100023,100,99184,100,100053,100,99160,100,100077,100,99096,100,100087,100,99019,100,100092,100,98969,100
2019-06-28 10:01:04.881174813,99417,192,99343,192,99756,192,99324,192,99885,192,99277,100,99942,192,99223,192,99967,192,99216,192,100023,100,99203,192,100053,100,99184,100,100077,100,99160,100,100087,100,99096,100,100092,100,99019,100
2019-06-28 10:01:10.000000000,99417,558,99343,558,99756,100,99324,100,99885,100,99277,100,99942,100,99223,100,99967,100,99216,100,100023,100,99203,100,100053,100,99184,100,100077,100,99160,100,100087,100,99096,100,100092,100,99019,100
2019-06-28 10:01:20.000000000,99417,558,99343,558,99756,100,99324,100,99885,100,99277,100,99942,100,99223,100,99967,100,99216,100,100023,100,99203,100,100053,100,99184,100,100077,100,99160,100,100087,100,99096,100,100092,100,99019,100
2019-06-28 10:01:30.000000000,99417,214,99343,214,99756,214,99324,214,99885,214,99277,214,99942,214,99223,214,99967,100,99216,100,100023,100,99203,100,100053,100,99184,100,100077,100,99160,100,100087,100,99096,100,100092,100,99019,100
2019-06-28 10:01:31.846469986,99417,214,99343,114,99756,214,99324,214,99885,214,99277,214,99942,214,99223,214,99967,100,99216,100,100023,100,99203,100,100053,100,99184,100,100077,100,99160,100,100087,100,99096,100,100092,100,99019,100
2019-06-28 10:01:33.932504441,99417,214,99343,114,99756,214,99324,214,99885,214,99277,214,99942,214,99253,100,99967,100,99223,214,100023,100,99216,100,100053,100,99203,100,100077,100,99184,100,100087,100,99160,100,100092,100,99096,100
2019-06-28 10:01:40.000000000,99417,256,99324,256,99756,251,99277,251,99885,251,99253,251,99942,100,99223,100,99967,100,99216,100,100023,100,99203,100,100053,100,99184,100,100077,100,99160,100,100087,100,99096,100,100092,100,99019,100
2019-06-28 10:01:50.000000000,99417,329,99324,329,99756,329,99277,329,99885,100,99253,100,99942,100,99223,100,99967,100,99216,100,100023,100,99203,100,100053,100,99184,100,100077,100,99160,100,100087,100,99096,100,100092,100,99019,100
2019-06-28 10:02:00.000000000,99417,329,99324,329,99756,329,99277,329,99885,100,99253,100,99942,100,99223,100,99967,100,99216,100,100023,100,99203,100,100053,100,99184,100,100077,100,99160,100,100087,100,99096,100,100092,100,99019,100
2019-06-28 10:02:10.000000000,99417,558,99324,558,99756,100,99277,100,99885,100,99253,100,99942,100,99223,100,99967,100,99216,100,100023,100,99203,100,100053,100,99184,100,100077,100,99160,100,100087,100,99096,100,100092,100,99019,100
2019-06-28 10:02:20.000000000,99417,192,99324,192,99756,192,99277,192,99885,192,99253,192,99942,192,99223,192,99967,192,99216,192,100023,100,99203,100,100053,100,99184,100,100077,100,99160,100,100087,100,99096,100,100092,100,99019,100
2019-06-28 10:02:23.548394647,99343,100,99324,192,99417,192,99277,192,99756,192,99253,192,99885,192,99223,192,99942,192,99216,192,99967,192,99203,100,100023,100,99184,100,100053,100,99160,100,100077,100,99096,100,100087,100,99019,100
2019-06-28 10:02:30.000000000,99343,192,99324,192,99417,192,99277,192,99756,192,99253,192,99885,192,99223,192,99942,192,99216,192,99967,100,99203,100,100023,100,99184,100,100053,100,99160,100,100077,100,99096,100,100087,100,99019,100
2019-06-28 10:02:40.000000000,99343,329,99324,329,99417,329,99277,329,99756,100,99253,100,99885,100,99223,100,99942,100,99216,100,99967,100,99203,100,100023,100,99184,100,100053,100,99160,100,100077,100,99096,100,100087,100,99019,100
2019-06-28 10:02:41.273525013,99343,429,99324,329,99417,329,99277,329,99756,100,99253,100,99885,100,99223,100,99942,100,99216,100,99967,100,99203,100,100023,100,99184,100,100053,100,99160,100,100077,100,99096,100,100087,100,99019,100
2019-06-28 10:02:43.201878862,99343,429,99324,229,99417,329,99277,329,99756,100,99253,100,99885,100,99223,100,99942,100,99216,100,99967,100,99203,100,100023,100,99184,100,100053,100,99160,100,100077,100,99096,100,100087,100,99019,100
2019-06-28 10:02:48.333505422,99343,429,99324,129,99417,329,99277,329,99756,100,99253,100,99885,100,99223,100,99942,100,99216,100,99967,100,99203,100,100023,100,99184,100,100053,100,99160,100,100077,100,99096,100,100087,100,99019,100
2019-06-28 10:02:50.000000000,99343,314,99277,214,99417,214,99253,214,99756,214,99223,214,99885,214,99216,214,99942,100,99203,100,99967,100,99184,100,100023,100,99160,100,100053,100,99096,100,100077,100,99019,100,100087,100,98969,100
2019-06-28 10:02:56.798533071,99343,314,99277,214,99417,214,99253,214,99756,214,99223,214,99885,214,99216,214,99942,100,99203,100,99967,100,99184,100,100023,100,99160,100,100053,100,99096,100,100077,100,98969,100,100087,100,98939,100
2019-06-28 10:03:00.000000000,99343,658,99277,558,99417,100,99253,100,99756,100,99223,100,99885,100,99216,100,99942,100,99203,100,99967,100,99184,100,100023,100,99160,100,100053,100,99096,100,100077,100,98969,100,100087,100,98939,100
2019-06-28 10:03:03.816322639,99343,658,99277,458,99417,100,99253,100,99756,100,99223,100,99885,100,99216,100,99942,100,99203,100,99967,100,99184,100,100023,100,99160,100,100053,100,99096,100,100077,100,98969,100,100087,100,98939,100
2019-06-28 10:03:07.125709922,99343,658,99277,458,99417,100,99253,100,99756,100,99223,100,99885,100,99216,100,99942,100,99203,100,99967,100,99184,100,100023,100,99160,100,100053,100,99096,100,100077,100,98969,100,100087,100,98939,100
2019-06-28 10:03:09.875904777,99324,100,99277,458,99343,658,99253,100,99417,100,99223,100,99756,100,99216,100,99885,100,99203,100,99942,100,99184,100,99967,100,99160,100,100023,100,99096,100,100053,100,98969,100,100077,100,98939,100
2019-06-28 10:03:10.000000000,99324,329,99253,329,99343,429,99223,329,99417,100,99216,100,99756,100,99203,100,99885,100,99184,100,99942,100,99160,100,99967,100,99096,100,100023,100,98969,100,100053,100,98939,100,100077,100,98929,100
2019-06-28 10:03:20.000000000,99324,558,99253,558,99343,200,99223,100,99417,100,99216,100,99756,100,99203,100,99885,100,99184,100,99942,100,99160,100,99967,100,99096,100,100023,100,98969,100,100053,100,98939,100,100077,100,98929,100
2019-06-28 10:03:30.000000000,99324,192,99253,192,99343,292,99223,192,99417,192,99216,192,99756,192,99203,192,99885,192,99184,192,99942,100,99160,100,99967,100,99096,100,100023,100,98969,100,100053,100,98939,100,100077,100,98929,100
2019-06-28 10:03:36.801334733,99324,292,99253,192,99343,192,99223,192,99417,192,99216,192,99756,192,99203,192,99885,192,99184,192,99942,100,99160,100,99967,100,99096,100,100023,100,98969,100,100053,100,98939,100,100077,100,98929,100
2019-06-28 10:03:40.000000000,99324,292,99253,192,99343,192,99223,192,99417,192,99216,192,99756,192,99203,192,99885,192,99184,192,99942,100,99160,100,99967,100,99096,100,100023,100,98969,100,100053,100,98939,100,100077,100,98929,100
2019-06-28 10:03:50.000000000,99324,314,99253,214,99343,214,99223,214,99417,214,99216,214,99756,214,99203,214,99885,100,99184,100,99942,100,99160,100,99967,100,99096,100,100023,100,98969,100,100053,100,98939,100,100077,100,98929,100
2019-06-28 10:04:00.000000000,99324,658,99253,558,99343,100,99223,100,99417,100,99216,100,99756,100,99203,100,99885,100,99184,100,99942,100,99160,100,99967,100,99096,100,100023,100,98969,100,100053,100,98939,100,100077,100,98929,100
2019-06-28 10:04:10.000000000,99324,292,99253,192,99343,192,99223,192,99417,192,99216,192,99756,192,99203,192,99885,192,99184,192,99942,100,99160,100,99967,100,99096,100,100023,100,98969,100,100053,100,98939,100,100077,100,98929,100
2019-06-28 10:04:20.000000000,99324,292,99253,192,99343,192,99223,192,99417,192,99216,192,99756,192,99203,192,99885,192,99184,192,99942,100,99160,100,99967,100,99096,100,100023,100,98969,100,100053,100,98939,100,100077,100,98929,100
2019-06-28 10:04:30.000000000,99324,356,99253,256,99343,251,99223,251,99417,251,99216,251,99756,100,99203,100,99885,100,99184,100,99942,100,99160,100,99967,100,99096,100,100023,100,98969,100,100053,100,98939,100,100077,100,98929,100
2019-06-28 10:04:38.121330692,99324,356,99253,256,99343,251,99223,251,99417,151,99216,251,99756,100,99203,100,99885,100,99184,100,99942,100,99160,100,99967,100,99096,100,100023,100,98969,100,100053,100,98939,100,100077,100,98929,100
2019-06-28 10:04:40.000000000,99324,292,99253,192,99343,192,99223,192,99756,192,99216,192,99885,192,99203,192,99942,192,99184,192,99967,100,99160,100,100023,100,99096,100,100053,100,98969,100,100077,100,98939,100,100087,100,98929,100
2019-06-28 10:04:50.000000000,99324,356,99253,256,99343,251,99223,251,99756,251,99216,251,99885,100,99203,100,99942,100,99184,100,99967,100,99160,100,100023,100,99096,100,100053,100,98969,100,100077,100,98939,100,100087,100,98929,100
2019-06-28 10:05:00.000000000,99324,356,99253,256,99343,251,99223,251,99756,251,99216,251,99885,100,99203,100,99942,100,99184,100,99967,100,99160,100,100023,100,99096,100,100053,100,98969,100,100077,100,98939,100,100087,100,98929,100
2019-06-28 10:05:10.000000000,99324,292,99253,192,99343,192,99223,192,99756,192,99216,192,99885,192,99203,192,99942,192,99184,192,99967,100,99160,100,100023,100,99096,100,100053,100,98969,100,100077,100,98939,100,100087,100,98929,100
2019-06-28 10:05:20.000000000,99324,292,99253,192,99343,192,99223,192,99756,192,99216,192,99885,192,99203,192,99942,192,99184,192,99967,100,99160,100,100023,100,99096,100,100053,100,98969,100,100077,100,98939,100,100087,100,98929,100
2019-06-28 10:05:30.000000000,99324,314,99253,214,99343,214,99223,214,99756,214,99216,214,99885,214,99203,214,99942,100,99184,100,99967,100,99160,100,100023,100,99096,100,100053,100,98969,100,100077,100,98939,100,100087,100,98929,100
2019-06-28 10:05:38.662665024,99324,314,99253,214,99343,214,99223,214,99756,214,99216,214,99885,214,99203,214,99942,100,99184,100,99967,100,99160,100,100053,100,99096,100,100077,100,98969,100,100087,100,98939,100,100423,100,98929,100
2019-06-28 10:05:40.000000000,99324,356,99253,256,99343,251,99223,251,99756,251,99216,251,99885,100,99203,100,99942,100,99184,100,99967,100,99160,100,100053,100,99096,100,100077,100,98969,100,100087,100,98939,100,100423,100,98929,100
2019-06-28 10:05:43.453294664,99324,356,99253,156,99343,251,99223,251,99756,251,99216,251,99885,100,99203,100,99942,100,99184,100,99967,100,99160,100,100053,100,99096,100,100077,100,98969,100,100087,100,98939,100,100423,100,98929,100
2019-06-28 10:05:50.000000000,99324,658,99223,558,99343,100,99216,100,99756,100,99203,100,99885,100,99184,100,99942,100,99160,100,99967,100,99096,100,100053,100,98969,100,100077,100,98939,100,100087,100,98929,100,100423,100,98927,100
2019-06-28 10:05:50.022830613,99324,658,99223,458,99343,100,99216,100,99756,100,99203,100,99885,100,99184,100,99942,100,99160,100,99967,100,99096,100,100053,100,98969,100,100077,100,98939,100,100087,100,98929,100,100423,100,98927,100
2019-06-28 10:05:54.936200878,99324,658,99223,358,99343,100,99216,100,99756,100,99203,100,99885,100,99184,100,99942,100,99160,100,99967,100,99096,100,100053,100,98969,100,100077,100,98939,100,100087,100,98929,100,100423,100,98927,100
2019-06-28 10:06:00.000000000,99324,356,99216,256,99343,251,99203,251,99756,251,99184,251,99885,100,99160,100,99942,100,99096,100,99967,100,98969,100,100053,100,98939,100,100077,100,98929,100,100087,100,98927,100,100423,100,98811,100
2019-06-28 10:06:10.000000000,99324,356,99216,256,99343,251,99203,251,99756,251,99184,251,99885,100,99160,100,99942,100,99096,100,99967,100,98969,100,100053,100,98939,100,100077,100,98929,100,100087,100,98927,100,100423,100,98811,100
2019-06-28 10:06:18.142051922,99223,100,99216,256,99324,356,99203,251,99343,251,99184,251,99756,251,99160,100,99885,100,99096,100,99942,100,98969,100,99967,100,98939,100,100053,100,98929,100,100077,100,98927,100,100087,100,98811,100
2019-06-28 10:06:20.000000000,99223,329,99216,329,99324,429,99203,329,99343,100,99184,100,99756,100,99160,100,99885,100,99096,100,99942,100,98969,100,99967,100,98939,100,100053,100,98929,100,100077,100,98927,100,100087,100,98811,100
2019-06-28 10:06:30.000000000,99223,329,99216,329,99324,429,99203,329,99343,100,99184,100,99756,100,99160,100,99885,100,99096,100,99942,100,98969,100,99967,100,98939,100,100053,100,98929,100,100077,100,98927,100,100087,100,98811,100
2019-06-28 10:06:40.000000000,99223,558,99216,558,99324,200,99203,100,99343,100,99184,100,99756,100,99160,100,99885,100,99096,100,99942,100,98969,100,99967,100,98939,100,100053,100,98929,100,100077,100,98927,100,100087,100,98811,100
2019-06-28 10:06:50.000000000,99223,214,99216,214,99324,314,99203,214,99343,214,99184,214,99756,214,99160,214,99885,100,99096,100,99942,100,98969,100,99967,100,98939,100,100053,100,98929,100,100077,100,98927,100,100087,100,98811,100
2019-06-28 10:06:55.432811717,99223,214,99216,114,99324,314,99203,214,99343,214,99184,214,99756,214,99160,214,99885,100,99096,100,99942,100,98939,100,99967,100,98929,100,100053,100,98927,100,100077,100,98811,100,100087,100,98791,100
2019-06-28 10:07:00.000000000,99223,192,99203,192,99324,292,99184,192,99343,192,99160,192,99756,192,99096,192,99885,192,98939,192,99942,100,98929,100,99967,100,98927,100,100053,100,98811,100,100077,100,98791,100,100087,100,98727,100
2019-06-28 10:07:00.939463655,99222,100,99203,192,99223,192,99184,192,99324,292,99160,192,99343,192,99096,192,99756,192,98939,192,99885,192,98929,100,99942,100,98927,100,99967,100,98811,100,100053,100,98791,100,100077,100,98727,100
2019-06-28 10:07:02.591887747,99222,200,99203,192,99223,192,99184,192,99324,292,99160,192,99343,192,99096,192,99756,192,98939,192,99885,192,98929,100,99942,100,98927,100,99967,100,98811,100,100053,100,98791,100,100077,100,98727,100
2019-06-28 10:07:03.006810779,99222,200,99203,192,99223,192,99184,192,99324,292,99160,192,99343,192,99096,192,99756,192,98939,192,99885,192,98929,100,99942,100,98927,100,99967,100,98863,100,100053,100,98811,100,100077,100,98791,100
2019-06-28 10:07:10.000000000,99222,314,99203,214,99223,214,99184,214,99324,314,99160,214,99343,214,99096,214,99756,100,98939,100,99885,100,98929,100,99942,100,98927,100,99967,100,98863,100,100053,100,98811,100,100077,100,98791,100
2019-06-28 10:07:20.000000000,99222,292,99203,192,99223,192,99184,192,99324,292,99160,192,99343,192,99096,192,99756,192,98939,192,99885,100,98929,100,99942,100,98927,100,99967,100,98863,100,100053,100,98811,100,100077,100,98791,100
2019-06-28 10:07:30.000000000,99222,356,99203,256,99223,251,99184,251,99324,351,99160,251,99343,100,99096,100,99756,100,98939,100,99885,100,98929,100,99942,100,98927,100,99967,100,98863,100,100053,100,98811,100,100077,100,98791,100
2019-06-28 10:07:33.580970170,99222,356,99203,256,99223,251,99184,251,99324,351,99160,251,99343,100,99096,100,99756,100,99018,100,99885,100,98939,100,99942,100,98929,100,99967,100,98927,100,100053,100,98863,100,100077,100,98811,100
2019-06-28 10:07:36.775814208,99222,456,99203,256,99223,251,99184,251,99324,351,99160,251,99343,100,99096,100,99756,100,99018,100,99885,100,98939,100,99942,100,98929,100,99967,100,98927,100,100053,100,98863,100,100077,100,98811,100
2019-06-28 10:07:40.000000000,99222,392,99203,192,99223,192,99184,192,99324,292,99160,192,99343,192,99096,192,99756,192,99018,192,99885,100,98939,100,99942,100,98929,100,99967,100,98927,100,100053,100,98863,100,100077,100,98811,100
2019-06-28 10:07:50.000000000,99222,392,99203,192,99223,192,99184,192,99324,292,99160,192,99343,192,99096,192,99756,192,99018,192,99885,100,98939,100,99942,100,98929,100,99967,100,98927,100,100053,100,98863,100,100077,100,98811,100
2019-06-28 10:07:51.995186150,99222,392,99203,192,99223,192,99184,192,99324,292,99160,192,99343,192,99096,192,99756,192,99076,100,99885,100,99018,192,99942,100,98939,100,99967,100,98929,100,100077,100,98927,100,100087,100,98863,100
2019-06-28 10:08:00.000000000,99222,414,99203,214,99223,214,99184,214,99324,314,99160,214,99343,214,99096,214,99756,100,99076,100,99885,100,99018,100,99942,100,98939,100,99967,100,98929,100,100077,100,98927,100,100087,100,98863,100
2019-06-28 10:08:05.024248100,99222,414,99203,114,99223,214,99184,214,99324,314,99160,214,99343,214,99096,214,99756,100,99076,100,99885,100,99018,100,99942,100,98939,100,100077,100,98929,100,100087,100,98927,100,100423,100,98863,100
2019-06-28 10:08:10.000000000,99222,758,99184,558,99223,100,99160,100,99324,200,99096,100,99343,100,99076,100,99756,100,99018,100,99885,100,98939,100,99942,100,98929,100,100077,100,98927,100,100087,100,98863,100,100423,100,98811,100
2019-06-28 10:08:20.000000000,99222,456,99184,256,99223,251,99160,251,99324,351,99096,251,99343,100,99076,100,99756,100,99018,100,99885,100,98939,100,99942,100,98929,100,100077,100,98927,100,100087,100,98863,100,100423,100,98811,100
2019-06-28 10:08:30.000000000,99222,758,99184,558,99223,100,99160,100,99324,200,99096,100,99343,100,99076,100,99756,100,99018,100,99885,100,98939,100,99942,100,98929,100,100077,100,98927,100,100087,100,98863,100,100423,100,98811,100
2019-06-28 10:08:40.000000000,99222,529,99184,329,99223,329,99160,329,99324,200,99096,100,99343,100,99076,100,99756,100,99018,100,99885,100,98939,100,99942,100,98929,100,100077,100,98927,100,100087,100,98863,100,100423,100,98811,100
2019-06-28 10:08:50.000000000,99222,456,99184,256,99223,251,99160,251,99324,351,99096,251,99343,100,99076,100,99756,100,99018,100,99885,100,98939,100,99942,100,98929,100,100077,100,98927,100,100087,100,98863,100,100423,100,98811,100
2019-06-28 10:09:00.000000000,99222,456,99184,256,99223,251,99160,251,99324,351,99096,251,99343,100,99076,100,99756,100,99018,100,99885,100,98939,100,99942,100,98929,100,100077,100,98927,100,100087,100,98863,100,100423,100,98811,100
2019-06-28 10:09:00.237969032,99222,456,99184,256,99223,251,99160,251,99324,351,99096,251,99343,100,99076,100,99501,100,99018,100,99756,100,98939,100,99885,100,98929,100,99942,100,98927,100,100077,100,98863,100,100087,100,98811,100
2019-06-28 10:09:10.000000000,99222,414,99184,214,99223,214,99160,214,99324,314,99096,214,99343,214,99076,214,99501,100,99018,100,99756,100,98939,100,99885,100,98929,100,99942,100,98927,100,100077,100,98863,100,100087,100,98811,100
2019-06-28 10:09:20.000000000,99222,529,99184,329,99223,329,99160,329,99324,200,99096,100,99343,100,99076,100,99501,100,99018,100,99756,100,98939,100,99885,100,98929,100,99942,100,98927,100,100077,100,98863,100,100087,100,98811,100
2019-06-28 10:09:30.000000000,99222,529,99184,329,99223,329,99160,329,99324,200,99096,100,99343,100,99076,100,99501,100,99018,100,99756,100,98939,100,99885,100,98929,100,99942,100,98927,100,100077,100,98863,100,100087,100,98811,100
2019-06-28 10:09:40.000000000,99222,529,99184,329,99223,329,99160,329,99324,200,99096,100,99343,100,99076,100,99501,100,99018,100,99756,100,98939,100,99885,100,98929,100,99942,100,98927,100,100077,100,98863,100,100087,100,98811,100
2019-06-28 10:09:50.000000000,99222,392,99184,192,99223,192,99160,192,99324,292,99096,192,99343,192,99076,192,99501,192,99018,192,99756,100,98939,100,99885,100,98929,100,99942,100,98927,100,100077,100,98863,100,100087,100,98811,100
2019-06-28 10:10:00.000000000,99222,456,99184,256,99223,251,99160,251,99324,351,99096,251,99343,100,99076,100,99501,100,99018,100,99756,100,98939,100,99885,100,98929,100,99942,100,98927,100,100077,100,98863,100,100087,100,98811,100
2019-06-28 10:10:10.000000000,99222,414,99184,214,99223,214,99160,214,99324,314,99096,214,99343,214,99076,214,99501,100,99018,100,99756,100,98939,100,99885,100,98929,100,99942,100,98927,100,100077,100,98863,100,100087,100,98811,100
2019-06-28 10:10:16.817958783,99222,414,99184,214,99223,214,99160,214,99324,314,99096,214,99343,214,99076,214,99501,100,99018,100,99756,100,98939,100,99868,100,98929,100,99885,100,98927,100,99942,100,98863,100,100077,100,98811,100
2019-06-28 10:10:20.000000000,99222,758,99184,558,99223,100,99160,100,99324,200,99096,100,99343,100,99076,100,99501,100,99018,100,99756,100,98939,100,99868,100,98929,100,99885,100,98927,100,99942,100,98863,100,100077,100,98811,100
2019-06-28 10:10:30.000000000,99222,392,99184,192,99223,192,99160,192,99324,292,99096,192,99343,192,99076,192,99501,192,99018,192,99756,100,98939,100,99868,100,98929,100,99885,100,98927,100,99942,100,98863,100,100077,100,98811,100
2019-06-28 10:10:40.000000000,99222,529,99184,329,99223,329,99160,329,99324,200,99096,100,99343,100,99076,100,99501,100,99018,100,99756,100,98939,100,99868,100,98929,100,99885,100,98927,100,99942,100,98863,100,100077,100,98811,100
2019-06-28 10:10:50.000000000,99222,529,99184,329,99223,329,99160,329,99324,200,99096,100,99343,100,99076,100,99501,100,99018,100,99756,100,98939,100,99868,100,98929,100,99885,100,98927,100,99942,100,98863,100,100077,100,98811,100
2019-06-28 10:11:00.000000000,99222,392,99184,192,99223,192,99160,192,99324,292,99096,192,99343,192,99076,192,99501,192,99018,192,99756,100,98939,100,99868,100,98929,100,99885,100,98927,100,99942,100,98863,100,100077,100,98811,100
2019-06-28 10:11:05.000294188,99222,392,99217,100,99223,192,99184,192,99324,292,99160,192,99343,192,99096,192,99501,192,99076,192,99756,100,99018,192,99868,100,98939,100,99885,100,98929,100,99942,100,98927,100,100077,100,98863,100
2019-06-28 10:11:10.000000000,99222,392,99217,192,99223,192,99184,192,99324,292,99160,192,99343,192,99096,192,99501,192,99076,192,99756,100,99018,100,99868,100,98939,100,99885,100,98929,100,99942,100,98927,100,100077,100,98863,100
2019-06-28 10:11:12.640322891,99222,292,99217,192,99223,192,99184,192,99324,292,99160,192,99343,192,99096,192,99501,192,99076,192,99756,100,99018,100,99868,100,98939,100,99885,100,98929,100,99942,100,98927,100,100077,100,98863,100
2019-06-28 10:11:20.000000000,99222,356,99217,256,99223,251,99184,251,99324,351,99160,251,99343,100,99096,100,99501,100,99076,100,99756,100,99018,100,99868,100,98939,100,99885,100,98929,100,99942,100,98927,100,100077,100,98863,100
