,ask_price_1,ask_size_1,bid_price_1,bid_size_1,ask_price_2,ask_size_2,bid_price_2,bid_size_2,ask_price_3,ask_size_3,bid_price_3,bid_size_3,ask_price_4,ask_size_4,bid_price_4,bid_size_4,ask_price_5,ask_size_5,bid_price_5,bid_size_5,ask_price_6,ask_size_6,bid_price_6,bid_size_6,ask_price_7,ask_size_7,bid_price_7,bid_size_7,ask_price_8,ask_size_8,bid_price_8,bid_size_8,ask_price_9,ask_size_9,bid_price_9,bid_size_9,ask_price_10,ask_size_10,bid_price_10,bid_size_10
2019-06-28 09:30:00.000000002,100027,100,,,100038,100,,,,,,,,,,,,,,,,,,,,,,,,,,,,,,,,,,
2019-06-28 09:30:00.000000004,100027,100,99978,100,100038,100,,,,,,,,,,,,,,,,,,,,,,,,,,,,,,,,,,
2019-06-28 09:30:00.000000006,100027,100,100014,100,100038,100,99988,100,,,99978,100,,,,,,,,,,,,,,,,,,,,,,,,,,,,
2019-06-28 09:30:00.000000007,100027,100,100014,100,100038,100,99988,100,100042,100,99978,100,,,,,,,,,,,,,,,,,,,,,,,,,,,,
2019-06-28 09:30:00.000000008,100038,100,100014,100,100042,100,99988,100,,,99978,100,,,,,,,,,,,,,,,,,,,,,,,,,,,,
2019-06-28 09:30:00.000000011,100038,100,100014,100,100042,100,99988,100,,,99978,100,,,,,,,,,,,,,,,,,,,,,,,,,,,,
2019-06-28 09:30:00.000000013,100038,100,100014,100,100042,100,99988,100,,,99978,200,,,,,,,,,,,,,,,,,,,,,,,,,,,,
2019-06-28 09:30:00.000000014,100038,100,100023,100,100042,100,100014,100,,,99988,100,,,99978,200,,,99918,100,,,,,,,,,,,,,,,,,,,,
2019-06-28 09:30:00.000000015,100038,100,100023,100,100042,100,100014,100,,,99988,100,,,99978,200,,,99977,100,,,99918,100,,,99904,100,,,,,,,,,,,,
2019-06-28 09:30:00.000000016,100038,100,100014,100,100042,100,99988,100,,,99978,200,,,99977,100,,,99918,100,,,99904,100,,,,,,,,,,,,,,,,
2019-06-28 09:30:00.000000018,100022,100,100014,100,100038,100,99988,100,100042,100,99978,200,,,99977,100,,,99918,100,,,99904,100,,,,,,,,,,,,,,,,
2019-06-28 09:30:00.000000019,100022,100,100014,100,100038,100,99988,100,100042,100,99978,200,100098,100,99977,100,,,99918,100,,,99904,100,,,,,,,,,,,,,,,,
2019-06-28 09:30:00.000000020,100022,100,100014,100,100023,100,99988,100,100038,100,99978,200,100042,100,99977,100,100098,100,99918,100,,,99915,100,,,99904,100,,,,,,,,,,,,
2019-06-28 09:30:00.000000024,100023,100,100014,100,100038,100,99988,100,100042,100,99978,200,100098,100,99977,100,,,99918,100,,,99915,100,,,99904,100,,,,,,,,,,,,
2019-06-28 09:30:00.000000032,100023,100,99988,100,100038,100,99978,200,100042,100,99977,100,100098,100,99958,100,,,99918,100,,,99915,100,,,99904,100,,,,,,,,,,,,
2019-06-28 09:30:00.000000033,100023,100,99978,200,100038,100,99977,100,100042,100,99958,100,100098,100,99943,100,,,99918,100,,,99915,100,,,99904,100,,,,,,,,,,,,
2019-06-28 09:30:00.000000038,100023,100,99988,100,100038,100,99978,200,100042,100,99977,100,100098,100,99958,100,,,99943,100,,,99918,100,,,99915,100,,,99904,100,,,,,,,,
2019-06-28 09:30:00.000000039,100023,100,99978,200,100038,100,99977,100,100042,100,99958,100,100098,100,99943,100,,,99918,100,,,99915,100,,,99904,100,,,,,,,,,,,,
2019-06-28 09:30:00.000000040,100023,100,99978,200,100038,100,99977,100,100042,100,99958,100,100098,100,99943,100,,,99931,100,,,99918,100,,,99915,100,,,99904,100,,,,,,,,
2019-06-28 09:30:00.000000041,100023,100,99978,200,100038,100,99977,100,100042,100,99958,100,100098,100,99943,100,100106,100,99931,100,,,99918,100,,,99915,100,,,99904,100,,,,,,,,
2019-06-28 09:30:00.000000045,100023,100,99988,100,100038,100,99978,200,100042,100,99977,100,100098,100,99958,100,100106,100,99943,100,,,99931,100,,,99918,100,,,99915,100,,,99904,100,,,,
2019-06-28 09:30:00.000000047,100023,100,99988,100,100038,100,99978,200,100042,100,99977,100,100068,100,99958,100,100098,100,99943,100,100106,100,99931,100,,,99918,100,,,99915,100,,,99904,100,,,,
2019-06-28 09:30:00.000000048,100038,100,99988,100,100042,100,99978,200,100068,100,99977,100,100098,100,99958,100,100106,100,99943,100,,,99931,100,,,99918,100,,,99915,100,,,99904,100,,,,
2019-06-28 09:30:00.000000050,100042,100,99988,100,100068,100,99978,200,100098,100,99977,100,100106,100,99958,100,,,99943,100,,,99931,100,,,99918,100,,,99915,100,,,99904,100,,,,
2019-06-28 09:30:00.000000052,100042,100,99988,100,100068,100,99978,200,100098,100,99977,100,100106,100,99958,100,100146,100,99943,100,,,99931,100,,,99918,100,,,99915,100,,,99904,100,,,,
2019-06-28 09:30:00.000000053,100020,100,99988,100,100042,100,99978,200,100068,100,99977,100,100098,100,99958,100,100106,100,99943,100,100146,100,99931,100,,,99918,100,,,99915,100,,,99904,100,,,,
2019-06-28 09:30:00.000000056,100020,100,99988,100,100038,100,99978,200,100042,100,99977,100,100068,100,99958,100,100098,100,99943,100,100106,100,99931,100,100146,100,99918,100,,,99915,100,,,99904,100,,,,
2019-06-28 09:30:00.000000059,100020,100,99988,100,100038,100,99978,200,100042,100,99977,100,100068,100,99958,100,100098,100,99943,100,100106,100,99931,100,100107,100,99918,100,100146,100,99915,100,,,99904,100,,,,
2019-06-28 09:30:00.000000061,100020,100,99988,100,100038,100,99978,200,100042,100,99977,100,100068,100,99958,100,100074,100,99943,100,100098,100,99931,100,100106,100,99918,100,100107,100,99915,100,100146,100,99904,100,,,,
2019-06-28 09:30:00.000000062,100020,100,99988,100,100038,100,99978,200,100042,100,99977,100,100068,100,99958,100,100074,100,99943,100,100098,100,99931,100,100106,100,99921,100,100107,100,99918,100,100136,100,99915,100,100146,100,99904,100
2019-06-28 09:30:00.000000063,100020,100,99988,100,100038,100,99978,200,100042,100,99977,100,100050,100,99958,100,100068,100,99943,100,100074,100,99931,100,100098,100,99921,100,100106,100,99918,100,100107,100,99915,100,100136,100,99904,100
2019-06-28 09:30:00.000000064,100020,100,99988,100,100038,100,99978,200,100042,100,99977,100,100050,100,99958,100,100068,100,99943,100,100074,100,99931,100,100098,100,99921,100,100106,100,99918,100,100107,100,99915,100,100136,100,99904,100
2019-06-28 09:30:00.000000068,100020,100,99988,100,100038,100,99978,200,100042,100,99977,100,100050,100,99958,100,100068,100,99943,100,100074,100,99931,100,100098,100,99921,100,100105,100,99919,100,100106,100,99918,100,100107,100,99915,100
2019-06-28 09:30:00.000000070,100020,100,99978,200,100038,100,99977,100,100042,100,99958,100,100050,100,99943,100,100068,100,99931,100,100074,100,99921,100,100098,100,99919,100,100105,100,99918,100,100106,100,99915,100,100107,100,99904,100
2019-06-28 09:30:00.000000071,100020,100,99978,200,100038,100,99977,100,100042,100,99958,100,100050,100,99943,100,100068,100,99931,100,100074,100,99929,100,100098,100,99921,100,100105,100,99919,100,100106,100,99918,100,100107,100,99915,100
2019-06-28 09:30:00.000000073,100020,100,99978,100,100038,100,99977,100,100042,100,99958,100,100050,100,99943,100,100068,100,99931,100,100074,100,99929,100,100098,100,99921,100,100105,100,99919,100,100106,100,99918,100,100107,100,99915,100
2019-06-28 09:30:00.000000074,100020,100,99978,200,100038,100,99977,100,100042,100,99958,100,100050,100,99943,100,100068,100,99931,100,100074,100,99929,100,100098,100,99921,100,100105,100,99919,100,100106,100,99918,100,100107,100,99915,100
2019-06-28 09:30:00.000000077,100020,100,99978,300,100038,100,99977,100,100042,100,99958,100,100050,100,99943,100,100068,100,99931,100,100074,100,99929,100,100098,100,99921,100,100105,100,99919,100,100106,100,99918,100,100107,100,99915,100
2019-06-28 09:30:00.000000079,100038,100,99978,300,100042,100,99977,100,100050,100,99958,100,100068,100,99943,100,100074,100,99931,100,100098,100,99929,100,100105,100,99921,100,100106,100,99919,100,100107,100,99918,100,100136,100,99915,100
2019-06-28 09:30:00.000000082,100029,100,99978,300,100038,100,99977,100,100042,100,99958,100,100050,100,99943,100,100068,100,99931,100,100074,100,99929,100,100098,100,99921,100,100105,100,99919,100,100106,100,99918,100,100107,100,99915,100
2019-06-28 09:30:00.000000083,100029,100,99978,300,100038,100,99977,100,100042,100,99964,100,100050,100,99958,100,100068,100,99943,100,100074,100,99931,100,100098,100,99929,100,100105,100,99921,100,100106,100,99919,100,100107,100,99918,100
2019-06-28 09:30:00.000000085,100029,100,99978,300,100038,100,99977,100,100042,100,99964,100,100050,100,99958,100,100068,100,99943,100,100074,100,99931,100,100098,100,99929,100,100105,100,99921,100,100106,100,99919,100,100107,100,99918,100
2019-06-28 09:30:00.000000086,100029,100,99978,300,100038,100,99977,100,100042,100,99964,100,100050,100,99959,100,100068,100,99958,100,100074,100,99943,100,100087,100,99931,100,100098,100,99929,100,100105,100,99921,100,100106,100,99919,100
2019-06-28 09:30:00.000000087,100029,100,99978,300,100035,100,99977,100,100038,100,99964,100,100042,100,99959,100,100050,100,99958,100,100068,100,99943,100,100074,100,99931,100,100087,100,99929,100,100098,100,99921,100,100105,100,99919,100
2019-06-28 09:30:00.000000088,100029,100,99979,100,100035,100,99978,300,100038,100,99977,100,100042,100,99964,100,100050,100,99959,100,100068,100,99958,100,100074,100,99943,100,100087,100,99931,100,100098,100,99929,100,100105,100,99921,100
2019-06-28 09:30:00.000000089,100029,100,99978,300,100035,100,99977,100,100038,100,99964,100,100042,100,99959,100,100050,100,99958,100,100068,100,99943,100,100074,100,99931,100,100087,100,99929,100,100098,100,99921,100,100105,100,99919,100
2019-06-28 09:30:00.000000090,100029,100,99978,300,100035,100,99977,100,100038,100,99964,100,100042,100,99959,100,100050,100,99958,100,100068,100,99943,100,100074,100,99931,100,100087,100,99929,100,100098,100,99921,100,100105,100,99919,100
2019-06-28 09:30:00.000000092,100029,100,99979,100,100035,100,99978,300,100038,100,99977,100,100042,100,99964,100,100050,100,99959,100,100068,100,99958,100,100074,100,99943,100,100087,100,99931,100,100098,100,99929,100,100105,100,99921,100
2019-06-28 09:30:00.000000096,100029,100,99979,200,100035,100,99978,300,100038,100,99977,100,100042,100,99964,100,100050,100,99959,100,100068,100,99958,100,100074,100,99943,100,100087,100,99931,100,100098,100,99929,100,100105,100,99921,100
2019-06-28 09:30:00.000000099,100024,100,99979,200,100029,100,99978,300,100035,100,99977,100,100038,100,99964,100,100042,100,99959,100,100050,100,99958,100,100068,100,99947,100,100074,100,99943,100,100087,100,99931,100,100098,100,99929,100
2019-06-28 09:30:10.000000000,100024,523,99979,623,100029,100,99978,300,100035,100,99977,100,100038,100,99964,100,100042,100,99959,100,100050,100,99958,100,100068,100,99947,100,100074,100,99943,100,100087,100,99931,100,100098,100,99929,100
2019-06-28 09:30:20.000000000,100024,523,99979,623,100029,100,99978,300,100035,100,99977,100,100038,100,99964,100,100042,100,99959,100,100050,100,99958,100,100068,100,99947,100,100074,100,99943,100,100087,100,99931,100,100098,100,99929,100
2019-06-28 09:30:30.000000000,100024,185,99979,285,100029,185,99978,385,100035,185,99977,185,100038,185,99964,185,100042,185,99959,185,100050,100,99958,100,100068,100,99947,100,100074,100,99943,100,100087,100,99931,100,100098,100,99929,100
2019-06-28 09:30:33.407324398,100020,100,99979,285,100024,185,99978,385,100029,185,99977,185,100035,185,99964,185,100038,185,99959,185,100042,185,99958,100,100050,100,99947,100,100068,100,99943,100,100074,100,99931,100,100087,100,99929,100
2019-06-28 09:30:36.155215234,100020,100,99979,185,100024,185,99978,385,100029,185,99977,185,100035,185,99964,185,100038,185,99959,185,100042,185,99958,100,100050,100,99947,100,100068,100,99943,100,100074,100,99931,100,100087,100,99929,100
2019-06-28 09:30:40.000000000,100020,523,99979,523,100024,100,99978,300,100029,100,99977,100,100035,100,99964,100,100038,100,99959,100,100042,100,99958,100,100050,100,99947,100,100068,100,99943,100,100074,100,99931,100,100087,100,99929,100
2019-06-28 09:30:50.000000000,100020,206,99979,206,100024,206,99978,406,100029,206,99977,206,100035,206,99964,206,100038,100,99959,100,100042,100,99958,100,100050,100,99947,100,100068,100,99943,100,100074,100,99931,100,100087,100,99929,100
2019-06-28 09:31:00.000000000,100020,206,99979,206,100024,206,99978,406,100029,206,99977,206,100035,206,99964,206,100038,100,99959,100,100042,100,99958,100,100050,100,99947,100,100068,100,99943,100,100074,100,99931,100,100087,100,99929,100
2019-06-28 09:31:10.000000000,100020,523,99979,523,100024,100,99978,300,100029,100,99977,100,100035,100,99964,100,100038,100,99959,100,100042,100,99958,100,100050,100,99947,100,100068,100,99943,100,100074,100,99931,100,100087,100,99929,100
2019-06-28 09:31:15.683187364,100020,523,99979,423,100024,100,99978,300,100029,100,99977,100,100035,100,99964,100,100038,100,99959,100,100042,100,99958,100,100050,100,99947,100,100068,100,99943,100,100074,100,99931,100,100087,100,99929,100
2019-06-28 09:31:16.947228060,100020,523,99979,323,100024,100,99978,300,100029,100,99977,100,100038,100,99964,100,100042,100,99959,100,100050,100,99958,100,100068,100,99947,100,100074,100,99943,100,100087,100,99931,100,100098,100,99929,100
2019-06-28 09:31:20.000000000,100020,523,99978,723,100024,100,99977,100,100029,100,99964,100,100038,100,99959,100,100042,100,99958,100,100050,100,99947,100,100068,100,99943,100,100074,100,99931,100,100087,100,99929,100,100098,100,99921,100
2019-06-28 09:31:30.000000000,100020,523,99978,723,100024,100,99977,100,100029,100,99964,100,100038,100,99959,100,100042,100,99958,100,100050,100,99947,100,100068,100,99943,100,100074,100,99931,100,100087,100,99929,100,100098,100,99921,100
2019-06-28 09:31:35.431039755,100020,523,99978,623,100024,100,99977,100,100029,100,99964,100,100038,100,99959,100,100042,100,99958,100,100050,100,99947,100,100068,100,99943,100,100074,100,99931,100,100087,100,99929,100,100098,100,99921,100
2019-06-28 09:31:40.000000000,100020,244,99978,344,100024,240,99977,240,100029,240,99964,240,100038,100,99959,100,100042,100,99958,100,100050,100,99947,100,100068,100,99943,100,100074,100,99931,100,100087,100,99929,100,100098,100,99921,100
2019-06-28 09:31:48.564116441,99979,100,99978,344,100020,244,99977,240,100024,240,99964,240,100029,240,99959,100,100038,100,99958,100,100042,100,99947,100,100050,100,99943,100,100068,100,99931,100,100074,100,99929,100,100087,100,99921,100
2019-06-28 09:31:50.000000000,99979,206,99978,306,100020,206,99977,206,100024,206,99964,206,100029,206,99959,206,100038,100,99958,100,100042,100,99947,100,100050,100,99943,100,100068,100,99931,100,100074,100,99929,100,100087,100,99921,100
2019-06-28 09:31:51.049749549,99979,206,99978,306,100020,206,99977,206,100024,206,99964,206,100029,206,99959,206,100038,100,99947,100,100042,100,99943,100,100050,100,99931,100,100068,100,99929,100,100074,100,99921,100,100087,100,99919,100
2019-06-28 09:32:00.000000000,99979,185,99978,285,100020,185,99977,185,100024,185,99964,185,100029,185,99959,185,100038,185,99947,185,100042,100,99943,100,100050,100,99931,100,100068,100,99929,100,100074,100,99921,100,100087,100,99919,100
2019-06-28 09:32:02.339258443,99979,285,99978,285,100020,185,99977,185,100024,185,99964,185,100029,185,99959,185,100038,185,99947,185,100042,100,99943,100,100050,100,99931,100,100068,100,99929,100,100074,100,99921,100,100087,100,99919,100
2019-06-28 09:32:10.000000000,99979,344,99978,344,100020,240,99977,240,100024,240,99964,240,100029,100,99959,100,100038,100,99947,100,100042,100,99943,100,100050,100,99931,100,100068,100,99929,100,100074,100,99921,100,100087,100,99919,100
2019-06-28 09:32:20.000000000,99979,306,99978,306,100020,206,99977,206,100024,206,99964,206,100029,206,99959,206,100038,100,99947,100,100042,100,99943,100,100050,100,99931,100,100068,100,99929,100,100074,100,99921,100,100087,100,99919,100
2019-06-28 09:32:20.378856330,99979,306,99978,206,100020,206,99977,206,100024,206,99964,206,100029,206,99959,206,100038,100,99947,100,100042,100,99943,100,100050,100,99931,100,100068,100,99929,100,100074,100,99921,100,100087,100,99919,100
2019-06-28 09:32:30.000000000,99979,306,99978,206,100020,206,99977,206,100024,206,99964,206,100029,206,99959,206,100038,100,99947,100,100042,100,99943,100,100050,100,99931,100,100068,100,99929,100,100074,100,99921,100,100087,100,99919,100
2019-06-28 09:32:31.704035021,99979,306,99978,106,100020,206,99977,206,100024,206,99964,206,100029,206,99959,206,100038,100,99947,100,100042,100,99943,100,100050,100,99931,100,100068,100,99929,100,100074,100,99921,100,100087,100,99919,100
2019-06-28 09:32:40.000000000,99979,344,99977,244,100020,240,99964,240,100024,240,99959,240,100029,100,99947,100,100038,100,99943,100,100042,100,99931,100,100050,100,99929,100,100068,100,99921,100,100074,100,99919,100,100087,100,99918,100
2019-06-28 09:32:50.000000000,99979,344,99977,244,100020,240,99964,240,100024,240,99959,240,100029,100,99947,100,100038,100,99943,100,100042,100,99931,100,100050,100,99929,100,100068,100,99921,100,100074,100,99919,100,100087,100,99918,100
2019-06-28 09:32:59.376286654,99979,344,99977,144,100020,240,99964,240,100024,240,99959,240,100029,100,99947,100,100038,100,99943,100,100042,100,99931,100,100050,100,99929,100,100068,100,99921,100,100074,100,99919,100,100087,100,99918,100
2019-06-28 09:33:00.000000000,99979,306,99964,206,100020,206,99959,206,100024,206,99947,206,100029,206,99943,206,100038,100,99931,100,100042,100,99929,100,100050,100,99921,100,100068,100,99919,100,100074,100,99918,100,100087,100,99915,100
2019-06-28 09:33:04.896799859,99979,306,99964,106,100020,206,99959,206,100024,206,99947,206,100029,206,99943,206,100038,100,99931,100,100042,100,99929,100,100050,100,99921,100,100068,100,99919,100,100074,100,99918,100,100087,100,99915,100
2019-06-28 09:33:10.000000000,99979,344,99959,244,100020,240,99947,240,100024,240,99943,240,100029,100,99931,100,100038,100,99929,100,100042,100,99921,100,100050,100,99919,100,100068,100,99918,100,100074,100,99915,100,100087,100,99904,100
2019-06-28 09:33:14.806714827,99979,344,99959,144,100020,240,99947,240,100024,240,99943,240,100029,100,99931,100,100038,100,99929,100,100042,100,99921,100,100050,100,99919,100,100068,100,99918,100,100074,100,99915,100,100087,100,99904,100
2019-06-28 09:33:20.000000000,99979,306,99947,206,100020,206,99943,206,100024,206,99931,206,100029,206,99929,206,100038,100,99921,100,100042,100,99919,100,100050,100,99918,100,100068,100,99915,100,100074,100,99904,100,100087,100,99903,100
2019-06-28 09:33:30.000000000,99979,306,99947,206,100020,206,99943,206,100024,206,99931,206,100029,206,99929,206,100038,100,99921,100,100042,100,99919,100,100050,100,99918,100,100068,100,99915,100,100074,100,99904,100,100087,100,99903,100
2019-06-28 09:33:36.796542600,99979,306,99947,206,100020,206,99943,206,100024,206,99931,206,100029,206,99929,206,100038,100,99921,100,100042,100,99919,100,100050,100,99918,100,100068,100,99915,100,100074,100,99904,200,100087,100,99903,100
2019-06-28 09:33:40.000000000,99979,623,99947,523,100020,100,99943,100,100024,100,99931,100,100029,100,99929,100,100038,100,99921,100,100042,100,99919,100,100050,100,99918,100,100068,100,99915,100,100074,100,99904,200,100087,100,99903,100
2019-06-28 09:33:50.000000000,99979,623,99947,523,100020,100,99943,100,100024,100,99931,100,100029,100,99929,100,100038,100,99921,100,100042,100,99919,100,100050,100,99918,100,100068,100,99915,100,100074,100,99904,200,100087,100,99903,100
2019-06-28 09:33:56.821900199,99979,623,99947,523,100020,100,99943,100,100024,100,99931,100,100029,100,99929,100,100038,100,99921,100,100042,100,99919,100,100050,100,99918,100,100068,100,99915,100,100074,100,99904,200,100087,100,99903,100
2019-06-28 09:34:00.000000000,99979,623,99947,523,100020,100,99943,100,100024,100,99931,100,100029,100,99929,100,100038,100,99921,100,100042,100,99919,100,100050,100,99918,100,100068,100,99915,100,100074,100,99904,200,100087,100,99903,100
2019-06-28 09:34:00.060705925,99964,100,99947,523,99979,623,99943,100,100020,100,99931,100,100024,100,99929,100,100029,100,99921,100,100038,100,99919,100,100050,100,99918,100,100068,100,99915,100,100074,100,99904,200,100087,100,99903,100
2019-06-28 09:34:05.401119318,99964,100,99947,523,99979,623,99943,100,100020,100,99931,100,100024,100,99929,100,100029,100,99921,100,100038,100,99919,100,100050,100,99918,100,100068,100,99915,100,100074,100,99904,200,100087,100,99903,100
2019-06-28 09:34:07.145258089,99964,100,99947,523,99979,623,99943,100,100020,100,99931,100,100024,100,99929,100,100029,100,99921,100,100038,100,99919,100,100050,100,99915,100,100068,100,99904,200,100074,100,99903,100,100087,100,99878,100
2019-06-28 09:34:07.840144573,99964,100,99947,523,99979,623,99931,100,99999,100,99929,100,100020,100,99921,100,100024,100,99919,100,100029,100,99915,100,100038,100,99904,200,100050,100,99903,100,100068,100,99878,100,100074,100,99781,100
2019-06-28 09:34:10.000000000,99964,185,99947,185,99979,285,99931,185,99999,185,99929,185,100020,185,99921,185,100024,185,99919,185,100029,100,99915,100,100038,100,99904,200,100050,100,99903,100,100068,100,99878,100,100074,100,99781,100
2019-06-28 09:34:10.665321612,99964,185,99947,185,99979,285,99931,185,99999,185,99929,185,100020,185,99921,185,100024,185,99919,185,100029,100,99915,100,100038,100,99904,200,100050,100,99903,100,100068,100,99878,100,100074,100,99781,100
2019-06-28 09:34:11.021869421,99964,185,99947,185,99979,285,99931,185,99999,185,99929,185,100020,185,99921,185,100024,185,99919,185,100029,100,99915,100,100038,100,99904,200,100050,100,99903,100,100068,100,99878,100,100074,100,99850,100
2019-06-28 09:34:11.133844082,99964,185,99947,185,99979,185,99931,185,99999,185,99929,185,100020,185,99921,185,100024,185,99919,185,100029,100,99915,100,100038,100,99904,200,100050,100,99903,100,100068,100,99878,100,100074,100,99850,100
2019-06-28 09:34:20.000000000,99964,244,99947,244,99979,240,99931,240,99999,240,99929,240,100020,100,99921,100,100024,100,99919,100,100029,100,99915,100,100038,100,99904,200,100050,100,99903,100,100068,100,99878,100,100074,100,99850,100
2019-06-28 09:34:30.000000000,99964,185,99947,185,99979,185,99931,185,99999,185,99929,185,100020,185,99921,185,100024,185,99919,185,100029,100,99915,100,100038,100,99904,200,100050,100,99903,100,100068,100,99878,100,100074,100,99850,100
2019-06-28 09:34:40.000000000,99964,206,99947,206,99979,206,99931,206,99999,206,99929,206,100020,206,99921,206,100024,100,99919,100,100029,100,99915,100,100038,100,99904,200,100050,100,99903,100,100068,100,99878,100,100074,100,99850,100
2019-06-28 09:34:50.000000000,99964,523,99947,523,99979,100,99931,100,99999,100,99929,100,100020,100,99921,100,100024,100,99919,100,100029,100,99915,100,100038,100,99904,200,100050,100,99903,100,100068,100,99878,100,100074,100,99850,100
2019-06-28 09:35:00.000000000,99964,206,99947,206,99979,206,99931,206,99999,206,99929,206,100020,206,99921,206,100024,100,99919,100,100029,100,99915,100,100038,100,99904,200,100050,100,99903,100,100068,100,99878,100,100074,100,99850,100
2019-06-28 09:35:01.952800604,99964,206,99947,206,99979,206,99931,206,99999,206,99929,206,100020,206,99921,206,100024,100,99919,100,100029,100,99915,100,100038,100,99904,200,100050,100,99903,100,100068,100,99878,100,100074,100,99850,100
2019-06-28 09:35:10.000000000,99964,185,99947,185,99979,185,99931,185,99999,185,99929,185,100020,185,99921,185,100024,185,99919,185,100029,100,99915,100,100038,100,99904,200,100050,100,99903,100,100068,100,99878,100,100074,100,99850,100
2019-06-28 09:35:15.904954946,99964,185,99947,185,99979,185,99931,185,99999,185,99929,185,100020,185,99921,185,100024,185,99919,185,100029,100,99915,100,100038,100,99904,200,100050,100,99903,100,100068,100,99878,100,100074,100,99850,100
2019-06-28 09:35:20.000000000,99964,523,99947,523,99979,100,99931,100,99999,100,99929,100,100020,100,99921,100,100024,100,99919,100,100029,100,99915,100,100038,100,99904,200,100050,100,99903,100,100068,100,99878,100,100074,100,99850,100
2019-06-28 09:35:30.000000000,99964,206,99947,206,99979,206,99931,206,99999,206,99929,206,100020,206,99921,206,100024,100,99919,100,100029,100,99915,100,100038,100,99904,200,100050,100,99903,100,100068,100,99878,100,100074,100,99850,100
2019-06-28 09:35:36.403694874,99964,206,99947,206,99979,206,99931,206,99999,206,99929,206,100020,206,99921,206,100024,100,99919,100,100029,100,99915,100,100038,100,99904,200,100050,100,99903,100,100068,100,99878,100,100074,100,99850,100
2019-06-28 09:35:40.000000000,99964,185,99947,185,99979,185,99931,185,99999,185,99929,185,100020,185,99921,185,100024,185,99919,185,100029,100,99915,100,100038,100,99904,200,100050,100,99903,100,100068,100,99878,100,100074,100,99850,100
2019-06-28 09:35:50.000000000,99964,206,99947,206,99979,206,99931,206,99999,206,99929,206,100020,206,99921,206,100024,100,99919,100,100029,100,99915,100,100038,100,99904,200,100050,100,99903,100,100068,100,99878,100,100074,100,99850,100
2019-06-28 09:36:00.000000000,99964,185,99947,185,99979,185,99931,185,99999,185,99929,185,100020,185,99921,185,100024,185,99919,185,100029,100,99915,100,100038,100,99904,200,100050,100,99903,100,100068,100,99878,100,100074,100,99850,100
2019-06-28 09:36:10.000000000,99964,312,99947,312,99979,312,99931,312,99999,100,99929,100,100020,100,99921,100,100024,100,99919,100,100029,100,99915,100,100038,100,99904,200,100050,100,99903,100,100068,100,99878,100,100074,100,99850,100
2019-06-28 09:36:13.756611664,99964,312,99947,312,99979,312,99931,312,99999,100,99929,100,100020,100,99921,100,100029,100,99919,100,100038,100,99915,100,100050,100,99904,200,100068,100,99903,100,100074,100,99878,100,100087,100,99850,100
2019-06-28 09:36:20.000000000,99964,312,99947,312,99979,312,99931,312,99999,100,99929,100,100020,100,99921,100,100029,100,99919,100,100038,100,99915,100,100050,100,99904,200,100068,100,99903,100,100074,100,99878,100,100087,100,99850,100
2019-06-28 09:36:30.000000000,99964,244,99947,244,99979,240,99931,240,99999,240,99929,240,100020,100,99921,100,100029,100,99919,100,100038,100,99915,100,100050,100,99904,200,100068,100,99903,100,100074,100,99878,100,100087,100,99850,100
2019-06-28 09:36:37.205166828,99964,244,99947,244,99979,140,99931,240,99999,240,99929,240,100020,100,99921,100,100029,100,99919,100,100038,100,99915,100,100050,100,99904,200,100068,100,99903,100,100074,100,99878,100,100087,100,99850,100
2019-06-28 09:36:40.000000000,99964,523,99947,523,99999,100,99931,100,100020,100,99929,100,100029,100,99921,100,100038,100,99919,100,100050,100,99915,100,100068,100,99904,200,100074,100,99903,100,100087,100,99878,100,100098,100,99850,100
2019-06-28 09:36:50.000000000,99964,312,99947,312,99999,312,99931,312,100020,100,99929,100,100029,100,99921,100,100038,100,99919,100,100050,100,99915,100,100068,100,99904,200,100074,100,99903,100,100087,100,99878,100,100098,100,99850,100
2019-06-28 09:36:52.198066879,99964,312,99947,312,99999,312,99931,312,100020,100,99929,100,100029,100,99921,100,100038,100,99919,100,100050,100,99915,100,100068,100,99904,200,100074,100,99903,100,100087,100,99878,100,100098,100,99850,100
2019-06-28 09:36:56.363698154,99964,312,99947,212,99999,312,99931,312,100020,100,99929,100,100029,100,99921,100,100038,100,99919,100,100050,100,99915,100,100068,100,99904,200,100074,100,99903,100,100087,100,99878,100,100098,100,99850,100
2019-06-28 09:37:00.000000000,99964,312,99931,312,99999,312,99929,312,100020,100,99921,100,100029,100,99919,100,100038,100,99915,100,100050,100,99904,200,100068,100,99903,100,100074,100,99878,100,100087,100,99850,100,100098,100,99808,100
2019-06-28 09:37:10.000000000,99964,206,99931,206,99999,206,99929,206,100020,206,99921,206,100029,206,99919,206,100038,100,99915,100,100050,100,99904,200,100068,100,99903,100,100074,100,99878,100,100087,100,99850,100,100098,100,99808,100
2019-06-28 09:37:20.000000000,99964,206,99931,206,99999,206,99929,206,100020,206,99921,206,100029,206,99919,206,100038,100,99915,100,100050,100,99904,200,100068,100,99903,100,100074,100,99878,100,100087,100,99850,100,100098,100,99808,100
2019-06-28 09:37:30.000000000,99964,206,99931,206,99999,206,99929,206,100020,206,99921,206,100029,206,99919,206,100038,100,99915,100,100050,100,99904,200,100068,100,99903,100,100074,100,99878,100,100087,100,99850,100,100098,100,99808,100
2019-06-28 09:37:33.340515245,99964,206,99931,206,99999,206,99929,206,100020,206,99921,206,100029,206,99919,206,100038,100,99915,100,100050,100,99904,200,100068,100,99903,100,100074,100,99878,100,100087,100,99850,100,100098,100,99808,100
2019-06-28 09:37:40.000000000,99964,523,99931,523,99999,100,99929,100,100020,100,99921,100,100029,100,99919,100,100038,100,99915,100,100050,100,99904,200,100068,100,99903,100,100074,100,99878,100,100087,100,99850,100,100098,100,99808,100
2019-06-28 09:37:50.000000000,99964,312,99931,312,99999,312,99929,312,100020,100,99921,100,100029,100,99919,100,100038,100,99915,100,100050,100,99904,200,100068,100,99903,100,100074,100,99878,100,100087,100,99850,100,100098,100,99808,100
2019-06-28 09:38:00.000000000,99964,244,99931,244,99999,240,99929,240,100020,240,99921,240,100029,100,99919,100,100038,100,99915,100,100050,100,99904,200,100068,100,99903,100,100074,100,99878,100,100087,100,99850,100,100098,100,99808,100
2019-06-28 09:38:03.726767949,99964,244,99931,144,99999,240,99929,240,100020,240,99921,240,100029,100,99919,100,100038,100,99915,100,100050,100,99904,200,100068,100,99903,100,100074,100,99878,100,100087,100,99850,100,100098,100,99808,100
2019-06-28 09:38:10.000000000,99964,244,99929,244,99999,240,99921,240,100020,240,99919,240,100029,100,99915,100,100038,100,99904,200,100050,100,99903,100,100068,100,99878,100,100074,100,99850,100,100087,100,99808,100,100098,100,99733,100
2019-06-28 09:38:20.000000000,99964,312,99929,312,99999,312,99921,312,100020,100,99919,100,100029,100,99915,100,100038,100,99904,200,100050,100,99903,100,100068,100,99878,100,100074,100,99850,100,100087,100,99808,100,100098,100,99733,100
2019-06-28 09:38:30.000000000,99964,523,99929,523,99999,100,99921,100,100020,100,99919,100,100029,100,99915,100,100038,100,99904,200,100050,100,99903,100,100068,100,99878,100,100074,100,99850,100,100087,100,99808,100,100098,100,99733,100
2019-06-28 09:38:31.109450004,99947,100,99929,523,99964,523,99921,100,99999,100,99919,100,100020,100,99915,100,100029,100,99904,200,100038,100,99903,100,100050,100,99878,100,100068,100,99850,100,100074,100,99808,100,100087,100,99733,100
2019-06-28 09:38:35.695126300,99947,100,99929,423,99964,523,99921,100,99999,100,99919,100,100020,100,99915,100,100029,100,99904,200,100038,100,99903,100,100050,100,99878,100,100068,100,99850,100,100074,100,99808,100,100087,100,99733,100
2019-06-28 09:38:40.000000000,99947,206,99921,206,99964,206,99919,206,99999,206,99915,206,100020,206,99904,306,100029,100,99903,100,100038,100,99878,100,100050,100,99850,100,100068,100,99808,100,100074,100,99733,100,100087,100,99707,100
2019-06-28 09:38:47.882585695,99947,106,99921,206,99964,206,99919,206,99999,206,99915,206,100020,206,99904,306,100029,100,99903,100,100038,100,99878,100,100050,100,99850,100,100068,100,99808,100,100074,100,99733,100,100087,100,99707,100
2019-06-28 09:38:50.000000000,99964,523,99921,523,99999,100,99919,100,100020,100,99915,100,100029,100,99904,200,100038,100,99903,100,100050,100,99878,100,100068,100,99850,100,100074,100,99808,100,100087,100,99733,100,100098,100,99707,100
2019-06-28 09:39:00.000000000,99964,185,99921,185,99999,185,99919,185,100020,185,99915,185,100029,185,99904,285,100038,185,99903,185,100050,100,99878,100,100068,100,99850,100,100074,100,99808,100,100087,100,99733,100,100098,100,99707,100
2019-06-28 09:39:10.000000000,99964,312,99921,312,99999,312,99919,312,100020,100,99915,100,100029,100,99904,200,100038,100,99903,100,100050,100,99878,100,100068,100,99850,100,100074,100,99808,100,100087,100,99733,100,100098,100,99707,100
2019-06-28 09:39:13.042660331,99931,100,99921,312,99964,312,99919,312,99999,312,99915,100,100020,100,99904,200,100029,100,99903,100,100038,100,99878,100,100050,100,99850,100,100068,100,99808,100,100074,100,99733,100,100087,100,99707,100
2019-06-28 09:39:15.338381271,99931,200,99921,312,99964,312,99919,312,99999,312,99915,100,100020,100,99904,200,100029,100,99903,100,100038,100,99878,100,100050,100,99850,100,100068,100,99808,100,100074,100,99733,100,100087,100,99707,100
2019-06-28 09:39:20.000000000,99931,306,99921,206,99964,206,99919,206,99999,206,99915,206,100020,206,99904,306,100029,100,99903,100,100038,100,99878,100,100050,100,99850,100,100068,100,99808,100,100074,100,99733,100,100087,100,99707,100
2019-06-28 09:39:21.354556644,99931,306,99921,106,99964,206,99919,206,99999,206,99915,206,100020,206,99904,306,100029,100,99903,100,100038,100,99878,100,100050,100,99850,100,100068,100,99808,100,100074,100,99733,100,100087,100,99707,100
2019-06-28 09:39:30.000000000,99931,623,99919,523,99964,100,99915,100,99999,100,99904,200,100020,100,99903,100,100029,100,99878,100,100038,100,99850,100,100050,100,99808,100,100068,100,99733,100,100074,100,99707,100,100087,100,99653,100
2019-06-28 09:39:40.000000000,99931,285,99919,185,99964,185,99915,185,99999,185,99904,285,100020,185,99903,185,100029,185,99878,185,100038,100,99850,100,100050,100,99808,100,100068,100,99733,100,100074,100,99707,100,100087,100,99653,100
2019-06-28 09:39:50.000000000,99931,285,99919,185,99964,185,99915,185,99999,185,99904,285,100020,185,99903,185,100029,185,99878,185,100038,100,99850,100,100050,100,99808,100,100068,100,99733,100,100074,100,99707,100,100087,100,99653,100
2019-06-28 09:40:00.000000000,99931,412,99919,312,99964,312,99915,312,99999,100,99904,200,100020,100,99903,100,100029,100,99878,100,100038,100,99850,100,100050,100,99808,100,100068,100,99733,100,100074,100,99707,100,100087,100,99653,100
2019-06-28 09:40:04.695965745,99931,412,99919,312,99964,312,99915,312,99999,100,99904,200,100020,100,99903,100,100029,100,99878,100,100038,100,99850,100,100050,100,99808,100,100068,100,99733,100,100074,100,99707,100,100087,100,99653,100
2019-06-28 09:40:10.000000000,99931,412,99919,312,99964,312,99915,312,99999,100,99904,200,100020,100,99903,100,100029,100,99878,100,100038,100,99850,100,100050,100,99808,100,100068,100,99733,100,100074,100,99707,100,100087,100,99653,100
2019-06-28 09:40:12.116300094,99931,412,99919,312,99964,312,99915,312,99999,100,99904,200,100020,100,99903,100,100029,100,99878,100,100038,100,99850,100,100050,100,99808,100,100068,100,99733,100,100074,100,99707,100,100087,100,99653,100
2019-06-28 09:40:18.571570021,99929,100,99919,312,99931,412,99915,312,99964,212,99904,200,99999,100,99903,100,100020,100,99878,100,100029,100,99850,100,100038,100,99808,100,100050,100,99733,100,100068,100,99707,100,100074,100,99653,100
2019-06-28 09:40:20.000000000,99929,244,99919,244,99931,340,99915,240,99999,240,99904,340,100020,100,99903,100,100029,100,99878,100,100038,100,99850,100,100050,100,99808,100,100068,100,99733,100,100074,100,99707,100,100087,100,99653,100
2019-06-28 09:40:30.000000000,99929,523,99919,523,99931,200,99915,100,99999,100,99904,200,100020,100,99903,100,100029,100,99878,100,100038,100,99850,100,100050,100,99808,100,100068,100,99733,100,100074,100,99707,100,100087,100,99653,100
2019-06-28 09:40:40.000000000,99929,206,99919,206,99931,306,99915,206,99999,206,99904,306,100020,206,99903,206,100029,100,99878,100,100038,100,99850,100,100050,100,99808,100,100068,100,99733,100,100074,100,99707,100,100087,100,99653,100
2019-06-28 09:40:42.585112972,99929,206,99919,206,99931,306,99915,206,99999,206,99904,306,100020,206,99903,206,100029,100,99878,100,100038,100,99850,100,100050,100,99808,100,100068,100,99733,100,100074,100,99707,200,100087,100,99653,100
2019-06-28 09:40:46.882762039,99929,306,99919,206,99931,306,99915,206,99999,206,99904,306,100020,206,99903,206,100029,100,99878,100,100038,100,99850,100,100050,100,99808,100,100068,100,99733,100,100074,100,99707,200,100087,100,99653,100
2019-06-28 09:40:50.000000000,99929,412,99919,312,99931,412,99915,312,99999,100,99904,200,100020,100,99903,100,100029,100,99878,100,100038,100,99850,100,100050,100,99808,100,100068,100,99733,100,100074,100,99707,200,100087,100,99653,100
2019-06-28 09:40:54.491270342,99929,412,99919,212,99931,412,99915,312,99999,100,99904,200,100020,100,99903,100,100029,100,99878,100,100038,100,99850,100,100050,100,99808,100,100068,100,99733,100,100074,100,99707,200,100087,100,99653,100
2019-06-28 09:41:00.000000000,99929,344,99915,244,99931,340,99904,340,99999,240,99903,240,100020,100,99878,100,100029,100,99850,100,100038,100,99808,100,100050,100,99733,100,100068,100,99707,200,100074,100,99653,100,100087,100,99627,100
2019-06-28 09:41:10.000000000,99929,344,99915,244,99931,340,99904,340,99999,240,99903,240,100020,100,99878,100,100029,100,99850,100,100038,100,99808,100,100050,100,99733,100,100068,100,99707,200,100074,100,99653,100,100087,100,99627,100
2019-06-28 09:41:18.232118688,99929,344,99915,244,99931,340,99904,340,99999,240,99903,240,100020,100,99878,100,100029,100,99850,100,100038,100,99808,100,100050,100,99733,100,100068,100,99707,200,100074,100,99653,100,100087,100,99627,100
2019-06-28 09:41:20.000000000,99929,306,99915,206,99931,306,99904,306,99999,206,99903,206,100020,206,99878,206,100029,100,99850,100,100038,100,99808,100,100050,100,99733,100,100068,100,99707,200,100074,100,99653,100,100087,100,99627,100
2019-06-28 09:41:23.821735076,99929,306,99915,106,99931,306,99904,306,99999,206,99903,206,100020,206,99878,206,100029,100,99850,100,100038,100,99808,100,100050,100,99733,100,100068,100,99707,200,100074,100,99653,100,100087,100,99627,100
2019-06-28 09:41:26.285803484,99929,306,99915,6,99931,306,99904,306,99999,206,99903,206,100020,206,99878,206,100029,100,99850,100,100038,100,99808,100,100050,100,99733,100,100068,100,99707,200,100074,100,99653,100,100087,100,99627,100
2019-06-28 09:41:30.000000000,99929,623,99904,623,99931,200,99903,100,99999,100,99878,100,100020,100,99850,100,100029,100,99808,100,100038,100,99733,100,100050,100,99707,200,100068,100,99653,100,100074,100,99627,100,100087,100,99621,100
2019-06-28 09:41:32.465499674,99915,100,99904,623,99929,623,99903,100,99931,200,99878,100,99999,100,99850,100,100020,100,99808,100,100029,100,99733,100,100038,100,99707,200,100050,100,99653,100,100068,100,99627,100,100074,100,99621,100
2019-06-28 09:41:34.450174061,99915,100,99904,523,99929,623,99903,100,99931,200,99878,100,99999,100,99850,100,100020,100,99808,100,100029,100,99707,200,100038,100,99653,100,100050,100,99627,100,100068,100,99621,100,100074,100,99492,100
2019-06-28 09:41:36.151890451,99915,100,99904,423,99929,623,99903,100,99931,200,99878,100,99999,100,99850,100,100020,100,99808,100,100029,100,99707,200,100038,100,99653,100,100050,100,99627,100,100068,100,99621,100,100074,100,99492,100
2019-06-28 09:41:40.000000000,99915,312,99903,312,99929,412,99878,312,99931,200,99850,100,99999,100,99808,100,100020,100,99707,200,100029,100,99653,100,100038,100,99627,100,100050,100,99621,100,100068,100,99492,100,100074,100,99460,100
2019-06-28 09:41:45.555886793,99915,312,99903,312,99929,412,99878,312,99931,200,99850,100,99999,100,99808,100,100020,100,99707,200,100029,100,99653,100,100038,100,99627,100,100050,100,99621,100,100068,100,99492,100,100074,100,99460,100
2019-06-28 09:41:50.000000000,99915,185,99903,185,99929,285,99878,185,99931,285,99850,185,99999,185,99808,185,100020,185,99707,285,100029,100,99653,100,100038,100,99627,100,100050,100,99621,100,100068,100,99492,100,100074,100,99460,100
2019-06-28 09:42:00.000000000,99915,312,99903,312,99929,412,99878,312,99931,200,99850,100,99999,100,99808,100,100020,100,99707,200,100029,100,99653,100,100038,100,99627,100,100050,100,99621,100,100068,100,99492,100,100074,100,99460,100
2019-06-28 09:42:10.000000000,99915,312,99903,312,99929,412,99878,312,99931,200,99850,100,99999,100,99808,100,100020,100,99707,200,100029,100,99653,100,100038,100,99627,100,100050,100,99621,100,100068,100,99492,100,100074,100,99460,100
2019-06-28 09:42:10.111556312,99915,312,99903,312,99929,412,99878,312,99931,200,99850,100,99999,100,99808,100,100020,100,99707,200,100029,100,99653,100,100038,100,99621,100,100050,100,99492,100,100068,100,99460,100,100074,100,99414,100
2019-06-28 09:42:11.766017858,99904,100,99903,312,99915,312,99878,312,99929,412,99850,100,99931,200,99808,100,99999,100,99707,200,100020,100,99653,100,100029,100,99621,100,100038,100,99492,100,100050,100,99460,100,100068,100,99414,100
2019-06-28 09:42:20.000000000,99904,523,99903,523,99915,100,99878,100,99929,200,99850,100,99931,200,99808,100,99999,100,99707,200,100020,100,99653,100,100029,100,99621,100,100038,100,99492,100,100050,100,99460,100,100068,100,99414,100
2019-06-28 09:42:20.620617809,99904,623,99903,523,99915,100,99878,100,99929,200,99850,100,99931,200,99808,100,99999,100,99707,200,100020,100,99653,100,100029,100,99621,100,100038,100,99492,100,100050,100,99460,100,100068,100,99414,100
2019-06-28 09:42:30.000000000,99904,412,99903,312,99915,312,99878,312,99929,200,99850,100,99931,200,99808,100,99999,100,99707,200,100020,100,99653,100,100029,100,99621,100,100038,100,99492,100,100050,100,99460,100,100068,100,99414,100
2019-06-28 09:42:40.000000000,99904,306,99903,206,99915,206,99878,206,99929,306,99850,206,99931,306,99808,206,99999,100,99707,200,100020,100,99653,100,100029,100,99621,100,100038,100,99492,100,100050,100,99460,100,100068,100,99414,100
2019-06-28 09:42:41.959539871,99904,306,99903,6,99915,206,99878,206,99929,306,99850,206,99931,306,99808,206,99999,100,99707,200,100020,100,99653,100,100029,100,99621,100,100038,100,99492,100,100050,100,99460,100,100068,100,99414,100
2019-06-28 09:42:42.889248720,99903,94,99878,206,99904,306,99850,206,99915,206,99808,206,99929,306,99707,200,99931,306,99653,100,99999,100,99621,100,100020,100,99492,100,100029,100,99460,100,100038,100,99414,100,100050,100,99290,100
2019-06-28 09:42:50.000000000,99903,238,99878,244,99904,340,99850,240,99915,240,99808,240,99929,200,99707,200,99931,200,99653,100,99999,100,99621,100,100020,100,99492,100,100029,100,99460,100,100038,100,99414,100,100050,100,99290,100
2019-06-28 09:42:52.822049985,99903,238,99878,144,99904,340,99850,240,99915,240,99808,140,99929,200,99707,200,99931,200,99653,100,99999,100,99621,100,100020,100,99492,100,100029,100,99460,100,100038,100,99414,100,100050,100,99290,100
2019-06-28 09:43:00.000000000,99903,238,99850,244,99904,340,99707,340,99915,240,99653,240,99929,200,99621,100,99931,200,99492,100,99999,100,99460,100,100020,100,99414,100,100029,100,99290,100,100038,100,99110,100,100050,100,99004,100
2019-06-28 09:43:10.000000000,99903,179,99850,185,99904,285,99707,285,99915,185,99653,185,99929,285,99621,185,99931,285,99492,185,99999,100,99460,100,100020,100,99414,100,100029,100,99290,100,100038,100,99110,100,100050,100,99004,100
2019-06-28 09:43:14.933633785,99902,100,99850,185,99903,179,99707,285,99904,285,99653,185,99915,185,99621,185,99929,285,99492,185,99931,285,99460,100,99999,100,99414,100,100020,100,99290,100,100029,100,99110,100,100038,100,99004,100
2019-06-28 09:43:20.000000000,99902,185,99850,185,99903,179,99707,285,99904,285,99653,185,99915,185,99621,185,99929,285,99492,185,99931,200,99460,100,99999,100,99414,100,100020,100,99290,100,100029,100,99110,100,100038,100,99004,100
2019-06-28 09:43:30.000000000,99902,312,99850,312,99903,306,99707,412,99904,200,99653,100,99915,100,99621,100,99929,200,99492,100,99931,200,99460,100,99999,100,99414,100,100020,100,99290,100,100029,100,99110,100,100038,100,99004,100
2019-06-28 09:43:40.000000000,99902,523,99850,523,99903,94,99707,200,99904,200,99653,100,99915,100,99621,100,99929,200,99492,100,99931,200,99460,100,99999,100,99414,100,100020,100,99290,100,100029,100,99110,100,100038,100,99004,100
2019-06-28 09:43:45.831605457,99902,523,99850,423,99903,94,99707,200,99904,200,99653,100,99915,100,99621,100,99929,200,99492,100,99931,200,99460,100,99999,100,99414,100,100020,100,99290,100,100029,100,99110,100,100038,100,99004,100
2019-06-28 09:43:50.000000000,99902,244,99707,344,99903,234,99653,240,99904,340,99621,240,99915,100,99492,100,99929,200,99460,100,99931,200,99414,100,99999,100,99290,100,100020,100,99110,100,100029,100,99004,100,100038,100,,
2019-06-28 09:43:53.899014294,99902,244,99707,344,99903,234,99653,240,99904,340,99621,240,99915,100,99492,100,99929,200,99460,100,99931,200,99414,100,99999,100,99290,100,100020,100,99218,100,100029,100,99110,100,100038,100,99004,100
2019-06-28 09:44:00.000000000,99902,312,99707,412,99903,306,99653,312,99904,200,99621,100,99915,100,99492,100,99929,200,99460,100,99931,200,99414,100,99999,100,99290,100,100020,100,99218,100,100029,100,99110,100,100038,100,99004,100
2019-06-28 09:44:05.867204099,99902,312,99707,412,99903,306,99653,312,99904,200,99621,100,99915,100,99492,100,99929,200,99460,100,99931,200,99414,100,99999,100,99290,100,100020,100,99218,100,100029,100,99167,100,100038,100,99110,100
2019-06-28 09:44:06.053238768,99902,312,99707,412,99903,306,99653,312,99904,200,99621,100,99915,100,99492,100,99929,100,99460,100,99931,200,99414,100,99999,100,99290,100,100020,100,99218,100,100029,100,99167,100,100038,100,99110,100
2019-06-28 09:44:10.000000000,99902,244,99707,344,99903,234,99653,240,99904,340,99621,240,99915,100,99492,100,99929,100,99460,100,99931,200,99414,100,99999,100,99290,100,100020,100,99218,100,100029,100,99167,100,100038,100,99110,100
2019-06-28 09:44:20.000000000,99902,185,99707,285,99903,179,99653,185,99904,285,99621,185,99915,185,99492,185,99929,185,99460,185,99931,200,99414,100,99999,100,99290,100,100020,100,99218,100,100029,100,99167,100,100038,100,99110,100
2019-06-28 09:44:26.790813330,99902,185,99707,285,99903,179,99653,185,99904,285,99621,185,99915,185,99492,185,99929,185,99460,185,99931,200,99414,100,99999,100,99290,100,100020,100,99218,100,100029,100,99167,100,100068,100,99110,100
2019-06-28 09:44:30.000000000,99902,523,99707,623,99903,94,99653,100,99904,200,99621,100,99915,100,99492,100,99929,100,99460,100,99931,200,99414,100,99999,100,99290,100,100020,100,99218,100,100029,100,99167,100,100068,100,99110,100
2019-06-28 09:44:40.000000000,99902,206,99707,306,99903,200,99653,206,99904,306,99621,206,99915,206,99492,206,99929,100,99460,100,99931,200,99414,100,99999,100,99290,100,100020,100,99218,100,100029,100,99167,100,100068,100,99110,100
2019-06-28 09:44:41.477776771,99902,206,99707,306,99903,200,99653,206,99904,306,99621,206,99915,206,99492,206,99929,100,99460,100,99931,200,99414,100,99999,100,99290,100,100020,100,99218,100,100029,100,99167,100,100068,100,99136,100
2019-06-28 09:44:48.431269496,99902,206,99707,206,99903,200,99653,206,99904,306,99621,206,99915,206,99492,206,99929,100,99460,100,99931,200,99414,100,99999,100,99290,100,100020,100,99218,100,100029,100,99167,100,100068,100,99136,100
2019-06-28 09:44:50.000000000,99902,312,99707,312,99903,306,99653,312,99904,200,99621,100,99915,100,99492,100,99929,100,99460,100,99931,200,99414,100,99999,100,99290,100,100020,100,99218,100,100029,100,99167,100,100068,100,99136,100
2019-06-28 09:44:56.416342338,99902,312,99707,212,99903,306,99653,312,99904,200,99621,100,99915,100,99492,100,99929,100,99460,100,99931,200,99414,100,99999,100,99290,100,100020,100,99218,100,100029,100,99167,100,100087,100,99136,100
2019-06-28 09:45:00.000000000,99902,206,99653,206,99903,200,99621,206,99904,306,99492,206,99915,206,99460,206,99929,100,99414,100,99931,200,99290,100,99999,100,99218,100,100020,100,99167,100,100029,100,99136,100,100087,100,99110,100
2019-06-28 09:45:01.578654929,99707,100,99653,206,99902,206,99621,206,99903,200,99492,206,99904,206,99460,206,99915,206,99414,100,99929,100,99290,100,99931,200,99218,100,99999,100,99167,100,100020,100,99136,100,100029,100,99110,100
2019-06-28 09:45:09.597568645,99707,100,99653,206,99902,206,99621,206,99903,200,99492,206,99904,206,99460,206,99915,206,99414,100,99929,100,99290,100,99931,200,99218,100,99999,100,99167,100,100020,100,99136,100,100029,100,99110,100
2019-06-28 09:45:10.000000000,99707,523,99653,523,99902,100,99621,100,99903,94,99492,100,99904,100,99460,100,99915,100,99414,100,99929,100,99290,100,99931,200,99218,100,99999,100,99167,100,100020,100,99136,100,100029,100,99110,100
2019-06-28 09:45:12.667449793,99707,523,99653,523,99902,100,99621,100,99903,94,99492,100,99904,100,99460,100,99915,100,99414,100,99929,100,99290,100,99931,200,99218,100,99999,100,99167,100,100020,100,99136,100,100029,100,99110,100
2019-06-28 09:45:13.482296851,99707,523,99653,523,99902,100,99621,100,99903,94,99492,100,99904,100,99460,100,99915,100,99414,100,99929,100,99290,100,99931,200,99218,100,99999,100,99167,100,100020,100,99136,100,100029,100,99110,100
2019-06-28 09:45:20.000000000,99707,185,99653,185,99902,185,99621,185,99903,179,99492,185,99904,185,99460,185,99915,185,99414,185,99929,100,99290,100,99931,200,99218,100,99999,100,99167,100,100020,100,99136,100,100029,100,99110,100
2019-06-28 09:45:30.000000000,99707,185,99653,185,99902,185,99621,185,99903,179,99492,185,99904,185,99460,185,99915,185,99414,185,99929,100,99290,100,99931,200,99218,100,99999,100,99167,100,100020,100,99136,100,100029,100,99110,100
2019-06-28 09:45:35.474749825,99707,185,99653,185,99902,185,99621,185,99903,179,99492,185,99904,185,99460,185,99915,185,99414,185,99929,100,99290,100,99931,200,99167,100,99999,100,99136,100,100020,100,99115,100,100029,100,99110,100
2019-06-28 09:45:40.000000000,99707,244,99653,244,99902,240,99621,240,99903,234,99492,240,99904,100,99460,100,99915,100,99414,100,99929,100,99290,100,99931,200,99167,100,99999,100,99136,100,100020,100,99115,100,100029,100,99110,100
2019-06-28 09:45:40.621889587,99707,244,99653,244,99902,240,99621,240,99903,234,99492,240,99904,100,99460,100,99915,100,99414,100,99929,100,99290,100,99931,200,99167,100,99999,100,99136,100,100020,100,99115,100,100029,100,99110,100
2019-06-28 09:45:46.038058764,99707,244,99653,144,99902,240,99621,140,99903,234,99492,240,99904,100,99460,100,99915,100,99414,100,99929,100,99290,100,99931,200,99167,100,99999,100,99136,100,100020,100,99115,100,100029,100,99110,100
2019-06-28 09:45:50.000000000,99707,523,99492,523,99902,100,99460,100,99903,94,99414,100,99904,100,99290,100,99915,100,99167,100,99929,100,99136,100,99931,200,99115,100,99999,100,99110,100,100020,100,99081,100,100029,100,99017,100
2019-06-28 09:45:50.290710744,99707,523,99492,523,99902,100,99460,100,99903,94,99414,100,99904,100,99290,100,99915,100,99167,100,99929,100,99136,100,99931,100,99115,100,99999,100,99110,100,100020,100,99081,100,100029,100,99017,100
2019-06-28 09:45:57.221141102,99707,523,99492,423,99902,100,99460,100,99903,94,99414,100,99904,100,99290,100,99915,100,99167,100,99929,100,99136,100,99931,100,99115,100,99999,100,99110,100,100020,100,99017,100,100029,100,99004,100
2019-06-28 09:45:58.649999927,99707,523,99492,323,99902,100,99460,100,99903,94,99414,100,99904,100,99290,100,99915,100,99167,100,99929,100,99136,100,99931,100,99115,100,99999,100,99110,100,100020,100,99017,100,100029,100,99004,100
2019-06-28 09:46:00.000000000,99707,523,99460,523,99902,100,99414,100,99903,94,99290,100,99904,100,99167,100,99915,100,99136,100,99929,100,99115,100,99931,100,99110,100,99999,100,99017,100,100020,100,99004,100,100029,100,98936,100
2019-06-28 09:46:09.985339422,99707,523,99460,523,99902,100,99414,100,99903,94,99290,100,99904,100,99167,100,99915,100,99136,100,99929,100,99115,100,99931,100,99110,100,99999,100,99031,100,100020,100,99017,100,100029,100,99004,100
2019-06-28 09:46:10.000000000,99707,206,99460,206,99902,206,99414,206,99903,200,99290,206,99904,206,99167,206,99915,100,99136,100,99929,100,99115,100,99931,100,99110,100,99999,100,99031,100,100020,100,99017,100,100029,100,99004,100
2019-06-28 09:46:20.000000000,99707,185,99460,185,99902,185,99414,185,99903,179,99290,185,99904,185,99167,185,99915,185,99136,185,99929,100,99115,100,99931,100,99110,100,99999,100,99031,100,100020,100,99017,100,100029,100,99004,100
2019-06-28 09:46:23.448425165,99492,100,99460,185,99707,185,99414,185,99902,185,99290,185,99903,179,99167,185,99904,185,99136,185,99915,185,99115,100,99929,100,99110,100,99931,100,99031,100,99999,100,99017,100,100020,100,99004,100
2019-06-28 09:46:30.000000000,99492,312,99460,312,99707,312,99414,312,99902,100,99290,100,99903,94,99167,100,99904,100,99136,100,99915,100,99115,100,99929,100,99110,100,99931,100,99031,100,99999,100,99017,100,100020,100,99004,100
2019-06-28 09:46:40.000000000,99492,523,99460,523,99707,100,99414,100,99902,100,99290,100,99903,94,99167,100,99904,100,99136,100,99915,100,99115,100,99929,100,99110,100,99931,100,99031,100,99999,100,99017,100,100020,100,99004,100
2019-06-28 09:46:50.000000000,99492,185,99460,185,99707,185,99414,185,99902,185,99290,185,99903,179,99167,185,99904,185,99136,185,99915,100,99115,100,99929,100,99110,100,99931,100,99031,100,99999,100,99017,100,100020,100,99004,100
2019-06-28 09:46:50.355166215,99492,185,99460,185,99632,100,99414,185,99707,185,99290,185,99902,185,99167,185,99903,179,99136,185,99904,185,99115,100,99915,100,99110,100,99929,100,99031,100,99931,100,99017,100,99999,100,99004,100
2019-06-28 09:47:00.000000000,99492,206,99460,206,99632,206,99414,206,99707,206,99290,206,99902,206,99167,206,99903,94,99136,100,99904,100,99115,100,99915,100,99110,100,99929,100,99031,100,99931,100,99017,100,99999,100,99004,100
2019-06-28 09:47:10.000000000,99492,523,99460,523,99632,100,99414,100,99707,100,99290,100,99902,100,99167,100,99903,94,99136,100,99904,100,99115,100,99915,100,99110,100,99929,100,99031,100,99931,100,99017,100,99999,100,99004,100
2019-06-28 09:47:20.000000000,99492,523,99460,523,99632,100,99414,100,99707,100,99290,100,99902,100,99167,100,99903,94,99136,100,99904,100,99115,100,99915,100,99110,100,99929,100,99031,100,99931,100,99017,100,99999,100,99004,100
2019-06-28 09:47:29.504343628,99492,523,99460,523,99632,100,99414,100,99707,100,99372,100,99902,100,99167,100,99903,94,99136,100,99904,100,99115,100,99915,100,99110,100,99929,100,99031,100,99931,100,99017,100,99999,100,99004,100
2019-06-28 09:47:30.000000000,99492,244,99460,244,99632,240,99414,240,99707,240,99372,240,99902,100,99167,100,99903,94,99136,100,99904,100,99115,100,99915,100,99110,100,99929,100,99031,100,99931,100,99017,100,99999,100,99004,100
2019-06-28 09:47:37.889791019,99492,244,99460,244,99632,240,99414,240,99658,100,99372,240,99707,240,99167,100,99902,100,99136,100,99903,94,99115,100,99904,100,99110,100,99915,100,99031,100,99929,100,99017,100,99931,100,99004,100
2019-06-28 09:47:40.000000000,99492,523,99460,523,99632,100,99414,100,99658,100,99372,100,99707,100,99167,100,99902,100,99136,100,99903,94,99115,100,99904,100,99110,100,99915,100,99031,100,99929,100,99017,100,99931,100,99004,100
2019-06-28 09:47:45.176826715,99492,423,99460,523,99632,100,99414,100,99658,100,99372,100,99707,100,99167,100,99902,100,99136,100,99903,94,99115,100,99904,100,99110,100,99915,100,99031,100,99929,100,99017,100,99931,100,99004,100
2019-06-28 09:47:50.000000000,99632,523,99460,523,99658,100,99414,100,99707,100,99372,100,99902,100,99167,100,99903,94,99136,100,99904,100,99115,100,99915,100,99110,100,99929,100,99031,100,99931,100,99017,100,99999,100,99004,100
2019-06-28 09:47:54.740998819,99632,523,99460,523,99658,100,99414,100,99707,100,99372,100,99902,100,99167,100,99903,94,99136,100,99904,100,99115,100,99915,100,99110,100,99929,100,99031,100,99931,100,99017,100,99949,100,99004,100
2019-06-28 09:48:00.000000000,99632,312,99460,312,99658,312,99414,312,99707,100,99372,100,99902,100,99167,100,99903,94,99136,100,99904,100,99115,100,99915,100,99110,100,99929,100,99031,100,99931,100,99017,100,99949,100,99004,100
2019-06-28 09:48:02.280248251,99632,312,99537,100,99658,312,99460,312,99707,100,99414,312,99902,100,99372,100,99903,94,99167,100,99904,100,99136,100,99915,100,99115,100,99929,100,99110,100,99931,100,99031,100,99949,100,99017,100
2019-06-28 09:48:03.378011115,99632,312,99537,100,99658,312,99492,100,99707,100,99460,312,99902,100,99414,312,99904,100,99372,100,99915,100,99167,100,99929,100,99136,100,99931,100,99115,100,99949,100,99110,100,99999,100,99031,100
2019-06-28 09:48:04.968661062,99632,312,99537,100,99658,312,99492,100,99707,100,99460,312,99902,100,99414,312,99904,100,99372,100,99915,100,99167,100,99931,100,99136,100,99949,100,99115,100,99999,100,99110,100,100020,100,99031,100
2019-06-28 09:48:10.000000000,99632,206,99537,206,99658,206,99492,206,99707,206,99460,206,99902,206,99414,206,99904,100,99372,100,99915,100,99167,100,99931,100,99136,100,99949,100,99115,100,99999,100,99110,100,100020,100,99031,100
2019-06-28 09:48:20.000000000,99632,312,99537,312,99658,312,99492,312,99707,100,99460,100,99902,100,99414,100,99904,100,99372,100,99915,100,99167,100,99931,100,99136,100,99949,100,99115,100,99999,100,99110,100,100020,100,99031,100
2019-06-28 09:48:30.000000000,99632,244,99537,244,99658,240,99492,240,99707,240,99460,240,99902,100,99414,100,99904,100,99372,100,99915,100,99167,100,99931,100,99136,100,99949,100,99115,100,99999,100,99110,100,100020,100,99031,100
2019-06-28 09:48:36.157309491,99632,244,99537,244,99658,240,99492,240,99707,240,99460,240,99902,100,99414,100,99904,100,99372,100,99906,100,99167,100,99915,100,99136,100,99931,100,99115,100,99949,100,99110,100,99999,100,99031,100
2019-06-28 09:48:38.306541553,99632,244,99608,100,99658,240,99537,244,99707,240,99492,240,99902,100,99460,240,99904,100,99414,100,99906,100,99372,100,99915,100,99167,100,99931,100,99136,100,99949,100,99115,100,99999,100,99110,100
2019-06-28 09:48:40.000000000,99632,206,99608,206,99658,206,99537,206,99707,206,99492,206,99902,206,99460,206,99904,100,99414,100,99906,100,99372,100,99915,100,99167,100,99931,100,99136,100,99949,100,99115,100,99999,100,99110,100
2019-06-28 09:48:50.000000000,99632,312,99608,312,99658,312,99537,312,99707,100,99492,100,99902,100,99460,100,99904,100,99414,100,99906,100,99372,100,99915,100,99167,100,99931,100,99136,100,99949,100,99115,100,99999,100,99110,100
2019-06-28 09:49:00.000000000,99632,244,99608,244,99658,240,99537,240,99707,240,99492,240,99902,100,99460,100,99904,100,99414,100,99906,100,99372,100,99915,100,99167,100,99931,100,99136,100,99949,100,99115,100,99999,100,99110,100
2019-06-28 09:49:10.000000000,99632,523,99608,523,99658,100,99537,100,99707,100,99492,100,99902,100,99460,100,99904,100,99414,100,99906,100,99372,100,99915,100,99167,100,99931,100,99136,100,99949,100,99115,100,99999,100,99110,100
2019-06-28 09:49:20.000000000,99632,185,99608,185,99658,185,99537,185,99707,185,99492,185,99902,185,99460,185,99904,185,99414,185,99906,100,99372,100,99915,100,99167,100,99931,100,99136,100,99949,100,99115,100,99999,100,99110,100
2019-06-28 09:49:30.000000000,99632,244,99608,244,99658,240,99537,240,99707,240,99492,240,99902,100,99460,100,99904,100,99414,100,99906,100,99372,100,99915,100,99167,100,99931,100,99136,100,99949,100,99115,100,99999,100,99110,100
2019-06-28 09:49:40.000000000,99632,312,99608,312,99658,312,99537,312,99707,100,99492,100,99902,100,99460,100,99904,100,99414,100,99906,100,99372,100,99915,100,99167,100,99931,100,99136,100,99949,100,99115,100,99999,100,99110,100
2019-06-28 09:49:40.094184146,99632,212,99608,312,99658,312,99537,312,99707,100,99492,100,99902,100,99460,100,99904,100,99414,100,99906,100,99372,100,99915,100,99167,100,99931,100,99136,100,99949,100,99115,100,99999,100,99110,100
2019-06-28 09:49:49.603825066,99632,112,99608,312,99658,312,99537,312,99707,100,99492,100,99902,100,99460,100,99904,100,99414,100,99906,100,99372,100,99915,100,99167,100,99931,100,99136,100,99949,100,99115,100,99999,100,99110,100
2019-06-28 09:49:50.000000000,99658,206,99608,206,99707,206,99537,206,99902,206,99492,206,99904,206,99460,206,99906,100,99414,100,99915,100,99372,100,99931,100,99167,100,99949,100,99136,100,99999,100,99115,100,100020,100,99110,100
2019-06-28 09:49:57.726017941,99658,106,99608,206,99707,206,99537,206,99902,206,99492,206,99904,206,99460,206,99906,100,99414,100,99915,100,99372,100,99931,100,99167,100,99949,100,99136,100,99999,100,99115,100,100020,100,99110,100
2019-06-28 09:49:58.993363801,99658,106,99608,206,99707,206,99537,206,99902,206,99492,206,99904,206,99460,206,99906,100,99414,100,99915,100,99372,100,99931,100,99167,100,99949,100,99136,100,99999,100,99115,100,100020,100,99110,100
2019-06-28 09:50:00.000000000,99707,244,99608,244,99902,240,99537,240,99904,240,99492,240,99906,100,99460,100,99915,100,99414,100,99931,100,99372,100,99949,100,99167,100,99999,100,99136,100,100020,100,99115,100,100029,100,99110,100
2019-06-28 09:50:10.000000000,99707,244,99608,244,99902,240,99537,240,99904,240,99492,240,99906,100,99460,100,99915,100,99414,100,99931,100,99372,100,99949,100,99167,100,99999,100,99136,100,100020,100,99115,100,100029,100,99110,100
2019-06-28 09:50:20.000000000,99707,206,99608,206,99902,206,99537,206,99904,206,99492,206,99906,206,99460,206,99915,100,99414,100,99931,100,99372,100,99949,100,99167,100,99999,100,99136,100,100020,100,99115,100,100029,100,99110,100
2019-06-28 09:50:23.164979079,99707,206,99632,100,99902,206,99608,206,99904,206,99537,206,99906,206,99492,206,99915,100,99460,206,99931,100,99414,100,99949,100,99372,100,99999,100,99167,100,100029,100,99136,100,100087,100,99115,100
2019-06-28 09:50:30.000000000,99707,523,99632,523,99902,100,99608,100,99904,100,99537,100,99906,100,99492,100,99915,100,99460,100,99931,100,99414,100,99949,100,99372,100,99999,100,99167,100,100029,100,99136,100,100087,100,99115,100
2019-06-28 09:50:34.550493335,99707,523,99632,523,99902,100,99608,100,99904,100,99537,100,99906,100,99492,100,99915,100,99460,100,99931,100,99414,100,99949,100,99372,100,99999,100,99167,100,100029,100,99136,100,100087,100,99115,100
2019-06-28 09:50:34.611881760,99707,423,99632,523,99902,100,99608,100,99904,100,99537,100,99906,100,99492,100,99915,100,99460,100,99931,100,99414,100,99949,100,99372,100,99999,100,99167,100,100029,100,99136,100,100087,100,99115,100
2019-06-28 09:50:37.279900108,99707,423,99658,100,99902,100,99632,523,99904,100,99608,100,99906,100,99537,100,99915,100,99492,100,99931,100,99460,100,99949,100,99414,100,99999,100,99372,100,100029,100,99167,100,100087,100,99136,100
2019-06-28 09:50:40.000000000,99902,185,99658,185,99904,185,99632,185,99906,185,99608,185,99915,185,99537,185,99931,185,99492,185,99949,100,99460,100,99999,100,99414,100,100029,100,99372,100,100087,100,99167,100,100107,100,99136,100
2019-06-28 09:50:47.388515452,99902,185,99658,285,99904,185,99632,185,99906,185,99608,185,99915,185,99537,185,99931,185,99492,185,99949,100,99460,100,99999,100,99414,100,100029,100,99372,100,100087,100,99167,100,100107,100,99136,100
2019-06-28 09:50:50.000000000,99902,244,99658,344,99904,240,99632,240,99906,240,99608,240,99915,100,99537,100,99931,100,99492,100,99949,100,99460,100,99999,100,99414,100,100029,100,99372,100,100087,100,99167,100,100107,100,99136,100
2019-06-28 09:50:52.062911378,99902,244,99658,344,99904,240,99632,240,99906,240,99608,240,99915,100,99537,100,99931,100,99492,100,99949,100,99460,100,99999,100,99414,100,100029,100,99372,100,100087,100,99167,100,100107,100,99136,100
2019-06-28 09:50:54.034703802,99902,144,99658,344,99904,240,99632,240,99906,240,99608,240,99915,100,99537,100,99931,100,99492,100,99949,100,99460,100,99999,100,99414,100,100029,100,99372,100,100087,100,99167,100,100107,100,99136,100
2019-06-28 09:51:00.000000000,99904,312,99658,412,99906,312,99632,312,99915,100,99608,100,99931,100,99537,100,99949,100,99492,100,99999,100,99460,100,100029,100,99414,100,100087,100,99372,100,100107,100,99167,100,100120,100,99136,100
2019-06-28 09:51:10.000000000,99904,206,99658,306,99906,206,99632,206,99915,206,99608,206,99931,206,99537,206,99949,100,99492,100,99999,100,99460,100,100029,100,99414,100,100087,100,99372,100,100107,100,99167,100,100120,100,99136,100
2019-06-28 09:51:20.000000000,99904,244,99658,344,99906,240,99632,240,99915,240,99608,240,99931,100,99537,100,99949,100,99492,100,99999,100,99460,100,100029,100,99414,100,100087,100,99372,100,100107,100,99167,100,100120,100,99136,100
2019-06-28 09:51:26.770748879,99904,244,99658,344,99906,240,99632,240,99915,240,99608,240,99931,100,99537,100,99949,100,99492,100,99950,100,99460,100,99999,100,99414,100,100029,100,99372,100,100087,100,99167,100,100107,100,99136,100
2019-06-28 09:51:27.412970918,99904,244,99658,344,99906,240,99632,240,99915,240,99608,240,99931,100,99537,100,99949,100,99492,100,99950,100,99460,100,99999,100,99414,100,100029,100,99372,100,100087,100,99136,100,100107,100,99115,100
2019-06-28 09:51:30.000000000,99904,185,99658,285,99906,185,99632,185,99915,185,99608,185,99931,185,99537,185,99949,185,99492,185,99950,100,99460,100,99999,100,99414,100,100029,100,99372,100,100087,100,99136,100,100107,100,99115,100
2019-06-28 09:51:40.000000000,99904,312,99658,412,99906,312,99632,312,99915,100,99608,100,99931,100,99537,100,99949,100,99492,100,99950,100,99460,100,99999,100,99414,100,100029,100,99372,100,100087,100,99136,100,100107,100,99115,100
2019-06-28 09:51:44.587023105,99904,212,99658,412,99906,312,99632,312,99915,100,99608,100,99931,100,99537,100,99949,100,99492,100,99950,100,99460,100,99999,100,99414,100,100029,100,99372,100,100087,100,99136,100,100107,100,99115,100
2019-06-28 09:51:50.000000000,99906,185,99658,285,99915,185,99632,185,99931,185,99608,185,99949,185,99537,185,99950,185,99492,185,99999,100,99460,100,100029,100,99414,100,100087,100,99372,100,100107,100,99136,100,100120,100,99115,100
2019-06-28 09:51:57.241259092,99906,85,99658,285,99915,185,99632,185,99931,185,99608,185,99949,185,99537,185,99950,185,99492,185,100029,100,99460,100,100087,100,99414,100,100107,100,99372,100,100120,100,99136,100,100155,100,99115,100
2019-06-28 09:52:00.000000000,99915,244,99658,344,99931,240,99632,240,99949,240,99608,240,99950,100,99537,100,100029,100,99492,100,100087,100,99460,100,100107,100,99414,100,100120,100,99372,100,100155,100,99136,100,100224,100,99115,100
2019-06-28 09:52:07.429440826,99915,144,99658,344,99931,240,99632,240,99949,240,99608,240,99950,100,99537,100,100029,100,99492,100,100087,100,99460,100,100107,100,99414,100,100120,100,99372,100,100155,100,99136,100,100224,100,99115,100
2019-06-28 09:52:10.000000000,99931,523,99658,623,99949,100,99632,100,99950,100,99608,100,100029,100,99537,100,100087,100,99492,100,100107,100,99460,100,100120,100,99414,100,100155,100,99372,100,100224,100,99136,100,100416,100,99115,100
2019-06-28 09:52:15.681537210,99931,523,99658,623,99949,100,99632,100,99950,100,99608,100,100087,100,99537,100,100107,100,99492,100,100109,100,99460,100,100120,100,99414,100,100155,100,99372,100,100224,100,99136,100,100416,100,99115,100
2019-06-28 09:52:20.000000000,99931,312,99658,412,99949,312,99632,312,99950,100,99608,100,100087,100,99537,100,100107,100,99492,100,100109,100,99460,100,100120,100,99414,100,100155,100,99372,100,100224,100,99136,100,100416,100,99115,100
2019-06-28 09:52:30.000000000,99931,244,99658,344,99949,240,99632,240,99950,240,99608,240,100087,100,99537,100,100107,100,99492,100,100109,100,99460,100,100120,100,99414,100,100155,100,99372,100,100224,100,99136,100,100416,100,99115,100
2019-06-28 09:52:31.259664698,99931,244,99906,100,99949,240,99658,344,99950,240,99632,240,100087,100,99608,240,100107,100,99537,100,100109,100,99492,100,100120,100,99460,100,100155,100,99414,100,100224,100,99372,100,100416,100,99136,100
2019-06-28 09:52:40.000000000,99931,244,99906,244,99949,240,99658,340,99950,240,99632,240,100087,100,99608,100,100107,100,99537,100,100109,100,99492,100,100120,100,99460,100,100155,100,99414,100,100224,100,99372,100,100416,100,99136,100
2019-06-28 09:52:40.777992239,99931,144,99906,244,99949,240,99658,340,99950,240,99632,240,100087,100,99537,100,100107,100,99492,100,100109,100,99460,100,100120,100,99414,100,100155,100,99372,100,100224,100,99136,100,100416,100,99115,100
2019-06-28 09:52:47.263688221,99931,144,99915,100,99949,240,99906,244,99950,240,99658,340,100087,100,99632,240,100107,100,99537,100,100109,100,99492,100,100120,100,99460,100,100155,100,99414,100,100224,100,99372,100,100416,100,99136,100
2019-06-28 09:52:49.903053184,99931,144,99915,100,99949,240,99906,244,99950,240,99658,340,100087,100,99632,240,100107,100,99537,100,100109,100,99492,100,100120,100,99460,100,100155,100,99414,100,100224,100,99372,100,100416,100,99136,100
2019-06-28 09:52:50.000000000,99949,244,99915,244,99950,240,99906,240,100087,240,99658,340,100107,100,99632,100,100109,100,99537,100,100120,100,99492,100,100155,100,99460,100,100224,100,99414,100,100416,100,99372,100,,,99136,100
2019-06-28 09:52:53.121713548,99949,144,99915,244,99950,240,99906,240,100087,240,99658,340,100107,100,99632,100,100109,100,99537,100,100120,100,99492,100,100155,100,99460,100,100224,100,99414,100,100416,100,99136,100,,,99115,100
2019-06-28 09:52:59.119984285,99949,44,99915,244,99950,240,99906,240,100087,240,99658,340,100107,100,99632,100,100109,100,99537,100,100120,100,99492,100,100155,100,99460,100,100224,100,99414,100,100416,100,99136,100,,,99115,100
2019-06-28 09:53:00.000000000,99950,523,99915,523,100087,100,99906,100,100107,100,99658,200,100109,100,99632,100,100120,100,99537,100,100155,100,99492,100,100224,100,99460,100,100416,100,99414,100,,,99136,100,,,99115,100
2019-06-28 09:53:10.000000000,99950,523,99915,523,100087,100,99906,100,100107,100,99658,200,100109,100,99632,100,100120,100,99537,100,100155,100,99492,100,100224,100,99460,100,100416,100,99414,100,,,99136,100,,,99115,100
2019-06-28 09:53:19.881102318,99950,523,99949,100,100087,100,99915,523,100107,100,99906,100,100109,100,99658,200,100120,100,99537,100,100155,100,99492,100,100224,100,99460,100,100416,100,99414,100,,,99136,100,,,99115,100
2019-06-28 09:53:20.000000000,99950,185,99949,185,100087,185,99915,185,100107,185,99906,185,100109,185,99658,285,100120,185,99537,185,100155,100,99492,100,100224,100,99460,100,100416,100,99414,100,,,99136,100,,,99115,100
2019-06-28 09:53:20.617410698,99950,185,99949,185,100087,185,99915,85,100107,185,99906,185,100109,185,99658,285,100120,185,99537,185,100155,100,99492,100,100224,100,99460,100,100416,100,99414,100,,,99136,100,,,99115,100
2019-06-28 09:53:30.000000000,99950,244,99949,244,100087,240,99906,240,100107,240,99658,340,100109,100,99537,100,100120,100,99492,100,100155,100,99460,100,100224,100,99414,100,100416,100,99136,100,,,99115,100,,,99110,100
2019-06-28 09:53:33.333700207,99950,144,99949,244,100087,240,99906,240,100107,240,99658,340,100109,100,99537,100,100120,100,99492,100,100155,100,99460,100,100224,100,99414,100,100416,100,99136,100,,,99110,100,,,99031,100
2019-06-28 09:53:40.000000000,100087,244,99949,244,100107,240,99906,240,100109,240,99658,340,100120,100,99537,100,100155,100,99492,100,100224,100,99460,100,100416,100,99414,100,,,99136,100,,,99110,100,,,99031,100
2019-06-28 09:53:50.000000000,100087,206,99949,206,100107,206,99906,206,100109,206,99658,306,100120,206,99537,206,100155,100,99492,100,100224,100,99460,100,100416,100,99414,100,,,99136,100,,,99110,100,,,99031,100
2019-06-28 09:54:00.000000000,100087,312,99949,312,100107,312,99906,312,100109,100,99658,200,100120,100,99537,100,100155,100,99492,100,100224,100,99460,100,100416,100,99414,100,,,99136,100,,,99110,100,,,99031,100
2019-06-28 09:54:01.314175904,100049,100,99949,312,100087,312,99906,312,100107,312,99658,200,100109,100,99537,100,100120,100,99492,100,100155,100,99460,100,100224,100,99414,100,100416,100,99136,100,,,99031,100,,,,
2019-06-28 09:54:08.831134674,100049,100,99949,312,100087,312,99906,312,100107,312,99658,200,100109,100,99537,100,100120,100,99492,100,100155,100,99460,100,100175,100,99414,100,100224,100,99136,100,100416,100,99031,100,,,,
2019-06-28 09:54:10.000000000,100049,244,99949,244,100087,240,99906,240,100107,240,99658,340,100109,100,99537,100,100120,100,99492,100,100155,100,99460,100,100175,100,99414,100,100224,100,99136,100,100416,100,99031,100,,,,
2019-06-28 09:54:11.281002364,100049,244,99949,244,100087,240,99937,100,100107,240,99906,240,100109,100,99658,340,100120,100,99537,100,100155,100,99492,100,100175,100,99460,100,100224,100,99414,100,100416,100,99136,100,,,99031,100
2019-06-28 09:54:20.000000000,100049,185,99949,185,100087,185,99937,185,100107,185,99906,185,100109,185,99658,285,100120,185,99537,185,100155,100,99492,100,100175,100,99460,100,100224,100,99414,100,100416,100,99136,100,,,99031,100
2019-06-28 09:54:23.039516193,100049,185,99950,100,100087,185,99949,185,100107,185,99937,185,100109,185,99906,185,100120,185,99658,285,100155,100,99537,185,100175,100,99492,100,100224,100,99460,100,100416,100,99414,100,,,99136,100
2019-06-28 09:54:27.835311930,100049,185,99950,100,100087,185,99949,185,100107,185,99937,185,100109,185,99906,185,100120,185,99658,285,100155,100,99537,185,100175,100,99492,100,100224,100,99460,100,100416,100,99414,100,100423,100,99136,100
2019-06-28 09:54:30.000000000,100049,312,99950,312,100087,312,99949,312,100107,100,99937,100,100109,100,99906,100,100120,100,99658,200,100155,100,99537,100,100175,100,99492,100,100224,100,99460,100,100416,100,99414,100,100423,100,99136,100
2019-06-28 09:54:35.067755351,100049,212,99950,312,100087,312,99949,312,100107,100,99937,100,100109,100,99906,100,100120,100,99658,200,100155,100,99537,100,100175,100,99492,100,100224,100,99460,100,100416,100,99414,100,100423,100,99136,100
2019-06-28 09:54:40.000000000,100087,206,99950,206,100107,206,99949,206,100109,206,99937,206,100120,206,99906,206,100155,100,99658,200,100175,100,99537,100,100224,100,99492,100,100416,100,99460,100,100423,100,99414,100,,,99136,100
2019-06-28 09:54:50.000000000,100087,206,99950,206,100107,206,99949,206,100109,206,99937,206,100120,206,99906,206,100155,100,99658,200,100175,100,99537,100,100224,100,99492,100,100416,100,99460,100,100423,100,99414,100,,,99136,100
2019-06-28 09:54:53.965595177,100087,206,99950,206,100107,206,99949,206,100109,206,99937,206,100120,206,99906,206,100155,100,99658,200,100175,100,99537,100,100224,100,99492,100,100309,100,99460,100,100416,100,99414,100,100423,100,99031,100
2019-06-28 09:54:56.581817335,100087,206,99950,206,100107,106,99949,206,100109,206,99937,206,100120,206,99906,206,100129,100,99658,200,100155,100,99537,100,100175,100,99492,100,100224,100,99460,100,100309,100,99414,100,100416,100,99031,100
2019-06-28 09:55:00.000000000,100087,244,99950,244,100109,240,99949,240,100120,240,99937,240,100129,100,99906,100,100155,100,99658,200,100175,100,99537,100,100224,100,99492,100,100309,100,99460,100,100416,100,99414,100,100423,100,99031,100
2019-06-28 09:55:10.000000000,100087,244,99950,244,100109,240,99949,240,100120,240,99937,240,100129,100,99906,100,100155,100,99658,200,100175,100,99537,100,100224,100,99492,100,100309,100,99460,100,100416,100,99414,100,100423,100,99031,100
2019-06-28 09:55:20.000000000,100087,185,99950,185,100109,185,99949,185,100120,185,99937,185,100129,185,99906,185,100155,185,99658,285,100175,100,99537,100,100224,100,99492,100,100309,100,99460,100,100416,100,99414,100,100423,100,99031,100
2019-06-28 09:55:21.366544052,100087,185,99985,100,100109,185,99950,185,100120,185,99949,185,100129,185,99937,185,100155,185,99906,185,100175,100,99658,285,100224,100,99537,100,100309,100,99492,100,100416,100,99460,100,100423,100,99414,100
2019-06-28 09:55:23.248271751,100087,185,99985,100,100109,185,99950,185,100120,185,99949,185,100129,185,99937,185,100155,185,99936,100,100175,100,99906,185,100224,100,99658,285,100309,100,99537,100,100416,100,99492,100,100423,100,99460,100
2019-06-28 09:55:30.000000000,100087,185,99985,185,100109,185,99950,185,100120,185,99949,185,100129,185,99937,185,100155,185,99936,185,100175,100,99906,100,100224,100,99658,200,100309,100,99537,100,100416,100,99492,100,100423,100,99460,100
2019-06-28 09:55:31.776799554,100087,85,99985,185,100109,185,99950,185,100120,185,99949,185,100129,185,99937,185,100155,185,99936,185,100175,100,99906,100,100224,100,99658,200,100309,100,99537,100,100416,100,99492,100,100423,100,99460,100
2019-06-28 09:55:33.238871257,100087,85,99985,85,100109,185,99950,185,100120,185,99949,185,100129,185,99937,185,100155,185,99936,185,100175,100,99906,100,100224,100,99658,200,100309,100,99537,100,100416,100,99492,100,,,99460,100
2019-06-28 09:55:35.716070937,100087,85,99986,100,100109,185,99985,85,100120,185,99950,185,100129,185,99949,185,100155,185,99937,185,100175,100,99936,185,100224,100,99906,100,100309,100,99658,100,100416,100,99537,100,,,99492,100
2019-06-28 09:55:40.000000000,100109,523,99986,523,100120,100,99950,100,100129,100,99949,100,100155,100,99937,100,100175,100,99936,100,100224,100,99906,100,100309,100,99658,100,100416,100,99537,100,,,99492,100,,,99460,100
2019-06-28 09:55:50.000000000,100109,312,99986,312,100120,312,99950,312,100129,100,99949,100,100155,100,99937,100,100175,100,99936,100,100224,100,99906,100,100309,100,99658,100,100416,100,99537,100,,,99492,100,,,99460,100
2019-06-28 09:55:50.035407875,100109,312,100063,100,100120,312,99986,312,100129,100,99950,312,100155,100,99949,100,100175,100,99937,100,100224,100,99936,100,100309,100,99906,100,100416,100,99658,100,,,99537,100,,,99492,100
2019-06-28 09:56:00.000000000,100109,523,100063,523,100120,100,99986,100,100129,100,99950,100,100155,100,99949,100,100175,100,99937,100,100224,100,99936,100,100309,100,99906,100,100416,100,99658,100,,,99537,100,,,99492,100
2019-06-28 09:56:10.000000000,100109,523,100063,523,100120,100,99986,100,100129,100,99950,100,100155,100,99949,100,100175,100,99937,100,100224,100,99936,100,100309,100,99906,100,100416,100,99658,100,,,99537,100,,,99492,100
2019-06-28 09:56:13.865090490,100109,523,100063,523,100120,100,99986,100,100129,100,99950,100,100155,100,99949,100,100175,100,99937,100,100224,100,99936,100,100249,100,99906,100,100309,100,99658,100,100416,100,99537,100,,,99492,100
2019-06-28 09:56:16.513931672,100109,523,100063,523,100120,100,99986,100,100129,100,99950,100,100155,100,99949,100,100175,100,99937,100,100224,100,99936,100,100237,100,99906,100,100249,100,99658,100,100309,100,99537,100,100416,100,99492,100
2019-06-28 09:56:20.000000000,100109,206,100063,206,100120,206,99986,206,100129,206,99950,206,100155,206,99949,206,100175,100,99937,100,100224,100,99936,100,100237,100,99906,100,100249,100,99658,100,100309,100,99537,100,100416,100,99492,100
2019-06-28 09:56:30.000000000,100109,523,100063,523,100120,100,99986,100,100129,100,99950,100,100155,100,99949,100,100175,100,99937,100,100224,100,99936,100,100237,100,99906,100,100249,100,99658,100,100309,100,99537,100,100416,100,99492,100
2019-06-28 09:56:36.595730318,100109,523,100063,523,100120,100,99986,100,100129,100,99966,100,100155,100,99950,100,100175,100,99949,100,100224,100,99937,100,100237,100,99936,100,100249,100,99906,100,100309,100,99658,100,100416,100,99537,100
2019-06-28 09:56:40.000000000,100109,185,100063,185,100120,185,99986,185,100129,185,99966,185,100155,185,99950,185,100175,185,99949,185,100224,100,99937,100,100237,100,99936,100,100249,100,99906,100,100309,100,99658,100,100416,100,99537,100
2019-06-28 09:56:50.000000000,100109,206,100063,206,100120,206,99986,206,100129,206,99966,206,100155,206,99950,206,100175,100,99949,100,100224,100,99937,100,100237,100,99936,100,100249,100,99906,100,100309,100,99658,100,100416,100,99537,100
2019-06-28 09:57:00.000000000,100109,312,100063,312,100120,312,99986,312,100129,100,99966,100,100155,100,99950,100,100175,100,99949,100,100224,100,99937,100,100237,100,99936,100,100249,100,99906,100,100309,100,99658,100,100416,100,99537,100
2019-06-28 09:57:09.529881897,100109,312,100063,312,100120,312,99986,312,100129,100,99966,100,100155,100,99950,100,100175,100,99949,100,100224,100,99937,100,100237,100,99936,100,100249,100,99906,100,100309,100,99658,100,100416,100,99537,100
2019-06-28 09:57:10.000000000,100109,244,100063,244,100120,240,99986,240,100129,240,99966,240,100155,100,99950,100,100175,100,99949,100,100224,100,99937,100,100237,100,99936,100,100249,100,99906,100,100309,100,99658,100,100416,100,99537,100
2019-06-28 09:57:20.000000000,100109,523,100063,523,100120,100,99986,100,100129,100,99966,100,100155,100,99950,100,100175,100,99949,100,100224,100,99937,100,100237,100,99936,100,100249,100,99906,100,100309,100,99658,100,100416,100,99537,100
2019-06-28 09:57:23.545247992,100109,423,100063,523,100120,100,99986,100,100129,100,99966,100,100155,100,99950,100,100175,100,99949,100,100224,100,99937,100,100237,100,99936,100,100249,100,99906,100,100309,100,99658,100,100416,100,99537,100
2019-06-28 09:57:30.000000000,100120,523,100063,523,100129,100,99986,100,100155,100,99966,100,100175,100,99950,100,100224,100,99949,100,100237,100,99937,100,100249,100,99936,100,100309,100,99906,100,100416,100,99658,100,100545,100,99537,100
2019-06-28 09:57:40.000000000,100120,523,100063,523,100129,100,99986,100,100155,100,99966,100,100175,100,99950,100,100224,100,99949,100,100237,100,99937,100,100249,100,99936,100,100309,100,99906,100,100416,100,99658,100,100545,100,99537,100
2019-06-28 09:57:50.000000000,100120,185,100063,185,100129,185,99986,185,100155,185,99966,185,100175,185,99950,185,100224,185,99949,185,100237,100,99937,100,100249,100,99936,100,100309,100,99906,100,100416,100,99658,100,100545,100,99537,100
2019-06-28 09:57:55.590874963,100120,185,100064,100,100129,185,100063,185,100155,185,99986,185,100175,185,99966,185,100224,185,99950,185,100237,100,99949,185,100249,100,99937,100,100309,100,99936,100,100416,100,99906,100,100545,100,99658,100
2019-06-28 09:58:00.000000000,100120,206,100064,206,100129,206,100063,206,100155,206,99986,206,100175,206,99966,206,100224,100,99950,100,100237,100,99949,100,100249,100,99937,100,100309,100,99936,100,100416,100,99906,100,100545,100,99658,100
2019-06-28 09:58:10.000000000,100120,312,100064,312,100129,312,100063,312,100155,100,99986,100,100175,100,99966,100,100224,100,99950,100,100237,100,99949,100,100249,100,99937,100,100309,100,99936,100,100416,100,99906,100,100545,100,99658,100
2019-06-28 09:58:13.743152802,100120,312,100064,412,100129,312,100063,312,100155,100,99986,100,100175,100,99966,100,100224,100,99950,100,100237,100,99949,100,100249,100,99937,100,100309,100,99936,100,100416,100,99906,100,100545,100,99658,100
2019-06-28 09:58:15.369018908,100120,312,100064,412,100129,312,100063,312,100155,100,99986,100,100175,100,99966,100,100224,100,99950,100,100237,100,99949,100,100249,100,99937,100,100309,100,99936,100,100361,100,99906,100,100416,100,99658,100
2019-06-28 09:58:20.000000000,100120,312,100064,412,100129,312,100063,312,100155,100,99986,100,100175,100,99966,100,100224,100,99950,100,100237,100,99949,100,100249,100,99937,100,100309,100,99936,100,100361,100,99906,100,100416,100,99658,100
2019-06-28 09:58:26.231651808,100120,312,100064,412,100129,312,100063,312,100155,100,99986,100,100175,100,99966,100,100224,100,99950,100,100237,100,99949,100,100249,100,99937,100,100309,100,99936,100,100361,100,99906,100,100416,100,99658,100
2019-06-28 09:58:30.000000000,100120,185,100064,285,100129,185,100063,185,100155,185,99986,185,100175,185,99966,185,100224,185,99950,185,100237,100,99949,100,100249,100,99937,100,100309,100,99936,100,100361,100,99906,100,100416,100,99658,100
2019-06-28 09:58:40.000000000,100120,523,100064,623,100129,100,100063,100,100155,100,99986,100,100175,100,99966,100,100224,100,99950,100,100237,100,99949,100,100249,100,99937,100,100309,100,99936,100,100361,100,99906,100,100416,100,99658,100
2019-06-28 09:58:50.000000000,100120,244,100064,344,100129,240,100063,240,100155,240,99986,240,100175,100,99966,100,100224,100,99950,100,100237,100,99949,100,100249,100,99937,100,100309,100,99936,100,100361,100,99906,100,100416,100,99658,100
2019-06-28 09:59:00.000000000,100120,244,100064,344,100129,240,100063,240,100155,240,99986,240,100175,100,99966,100,100224,100,99950,100,100237,100,99949,100,100249,100,99937,100,100309,100,99936,100,100361,100,99906,100,100416,100,99658,100
2019-06-28 09:59:04.033151056,100120,244,100064,444,100129,240,100063,240,100155,240,99986,240,100175,100,99966,100,100224,100,99950,100,100237,100,99949,100,100249,100,99937,100,100309,100,99936,100,100361,100,99906,100,100416,100,99658,100
2019-06-28 09:59:10.000000000,100120,206,100064,406,100129,206,100063,206,100155,206,99986,206,100175,206,99966,206,100224,100,99950,100,100237,100,99949,100,100249,100,99937,100,100309,100,99936,100,100361,100,99906,100,100416,100,99658,100
2019-06-28 09:59:20.000000000,100120,185,100064,385,100129,185,100063,185,100155,185,99986,185,100175,185,99966,185,100224,185,99950,185,100237,100,99949,100,100249,100,99937,100,100309,100,99936,100,100361,100,99906,100,100416,100,99658,100
2019-06-28 09:59:30.000000000,100120,206,100064,406,100129,206,100063,206,100155,206,99986,206,100175,206,99966,206,100224,100,99950,100,100237,100,99949,100,100249,100,99937,100,100309,100,99936,100,100361,100,99906,100,100416,100,99658,100
2019-06-28 09:59:31.816070332,100120,106,100064,406,100129,206,100063,206,100155,206,99986,206,100175,206,99966,206,100224,100,99950,100,100237,100,99949,100,100249,100,99937,100,100309,100,99936,100,100361,100,99906,100,100416,100,99658,100
2019-06-28 09:59:40.000000000,100129,206,100064,406,100155,206,100063,206,100175,206,99986,206,100224,206,99966,206,100237,100,99950,100,100249,100,99949,100,100309,100,99937,100,100361,100,99936,100,100416,100,99906,100,100417,100,99658,100
2019-06-28 09:59:50.000000000,100129,244,100064,444,100155,240,100063,240,100175,240,99986,240,100224,100,99966,100,100237,100,99950,100,100249,100,99949,100,100309,100,99937,100,100361,100,99936,100,100416,100,99906,100,100417,100,99658,100
2019-06-28 09:59:56.383416623,100129,244,100064,444,100155,240,100063,240,100175,240,99986,240,100224,100,99966,100,100237,100,99950,100,100249,100,99949,100,100309,100,99937,100,100361,100,99936,100,100374,100,99906,100,100416,100,99658,100
2019-06-28 09:59:58.316704770,100129,244,100064,444,100155,240,100063,240,100175,240,100038,100,100224,100,99986,240,100237,100,99966,100,100249,100,99950,100,100309,100,99949,100,100361,100,99937,100,100374,100,99936,100,100416,100,99906,100
2019-06-28 10:00:00.000000000,100129,206,100064,406,100155,206,100063,206,100175,206,100038,206,100224,206,99986,206,100237,100,99966,100,100249,100,99950,100,100309,100,99949,100,100361,100,99937,100,100374,100,99936,100,100416,100,99906,100
2019-06-28 10:00:09.509285825,100129,106,100064,406,100155,206,100063,206,100175,206,100038,206,100224,206,100024,100,100237,100,99986,206,100249,100,99966,100,100309,100,99950,100,100361,100,99949,100,100374,100,99937,100,100416,100,99936,100
2019-06-28 10:00:10.000000000,100155,185,100064,385,100175,185,100063,185,100224,185,100038,185,100237,185,100024,185,100249,185,99986,185,100309,100,99966,100,100361,100,99950,100,100374,100,99949,100,100416,100,99937,100,100417,100,99936,100
2019-06-28 10:00:10.518149241,100155,185,100089,100,100175,185,100064,385,100224,185,100063,185,100237,185,100038,185,100249,185,100024,185,100309,100,99986,185,100361,100,99966,100,100374,100,99950,100,100416,100,99949,100,100417,100,99937,100
2019-06-28 10:00:20.000000000,100155,185,100089,185,100175,185,100064,385,100224,185,100063,185,100237,185,100038,185,100249,185,100024,185,100309,100,99986,100,100361,100,99966,100,100374,100,99950,100,100416,100,99949,100,100417,100,99937,100
2019-06-28 10:00:20.384703038,100108,100,100089,185,100155,185,100064,385,100175,185,100063,185,100224,185,100038,185,100237,185,100024,185,100249,185,99986,100,100309,100,99966,100,100361,100,99950,100,100374,100,99949,100,100416,100,99937,100
2019-06-28 10:00:27.489452719,100108,100,100089,185,100155,185,100064,385,100161,100,100063,185,100175,185,100038,185,100224,185,100024,185,100237,185,99986,100,100249,185,99966,100,100309,100,99950,100,100361,100,99949,100,100374,100,99937,100
2019-06-28 10:00:30.000000000,100108,523,100089,523,100155,100,100064,300,100161,100,100063,100,100175,100,100038,100,100224,100,100024,100,100237,100,99986,100,100249,100,99966,100,100309,100,99950,100,100361,100,99949,100,100374,100,99937,100
2019-06-28 10:00:40.000000000,100108,206,100089,206,100155,206,100064,406,100161,206,100063,206,100175,206,100038,206,100224,100,100024,100,100237,100,99986,100,100249,100,99966,100,100309,100,99950,100,100361,100,99949,100,100374,100,99937,100
2019-06-28 10:00:50.000000000,100108,244,100089,244,100155,240,100064,440,100161,240,100063,240,100175,100,100038,100,100224,100,100024,100,100237,100,99986,100,100249,100,99966,100,100309,100,99950,100,100361,100,99949,100,100374,100,99937,100
2019-06-28 10:00:50.197940014,100108,144,100089,244,100155,240,100064,440,100161,240,100063,240,100175,100,100038,100,100237,100,100024,100,100249,100,99986,100,100309,100,99966,100,100361,100,99950,100,100374,100,99949,100,100416,100,99937,100
2019-06-28 10:01:00.000000000,100155,185,100089,185,100161,185,100064,385,100175,185,100063,185,100237,185,100038,185,100249,185,100024,185,100309,100,99986,100,100361,100,99966,100,100374,100,99950,100,100416,100,99949,100,100417,100,99937,100
2019-06-28 10:01:10.000000000,100155,206,100089,206,100161,206,100064,406,100175,206,100063,206,100237,206,100038,206,100249,100,100024,100,100309,100,99986,100,100361,100,99966,100,100374,100,99950,100,100416,100,99949,100,100417,100,99937,100
2019-06-28 10:01:20.000000000,100155,206,100089,206,100161,206,100064,406,100175,206,100063,206,100237,206,100038,206,100249,100,100024,100,100309,100,99986,100,100361,100,99966,100,100374,100,99950,100,100416,100,99949,100,100417,100,99937,100
2019-06-28 10:01:30.000000000,100155,312,100089,312,100161,312,100064,512,100175,100,100063,100,100237,100,100038,100,100249,100,100024,100,100309,100,99986,100,100361,100,99966,100,100374,100,99950,100,100416,100,99949,100,100417,100,99937,100
2019-06-28 10:01:30.103133200,100155,312,100089,312,100161,312,100064,512,100175,100,100063,100,100237,100,100038,100,100249,100,100024,100,100309,100,99986,100,100361,100,99966,100,100374,100,99950,100,100416,100,99949,100,100417,100,99937,100
2019-06-28 10:01:40.000000000,100155,185,100089,185,100161,185,100064,385,100175,185,100063,185,100237,185,100038,185,100249,185,100024,185,100309,100,99986,100,100361,100,99966,100,100374,100,99950,100,100416,100,99949,100,100417,100,99937,100
2019-06-28 10:01:45.763518432,100155,85,100089,185,100161,185,100064,385,100175,185,100063,185,100237,185,100038,185,100249,185,100024,185,100309,100,99986,100,100361,100,99966,100,100374,100,99950,100,100416,100,99949,100,100417,100,99937,100
2019-06-28 10:01:50.000000000,100161,312,100089,312,100175,312,100064,512,100237,100,100063,100,100249,100,100038,100,100309,100,100024,100,100361,100,99986,100,100374,100,99966,100,100416,100,99950,100,100417,100,99949,100,100545,100,99937,100
2019-06-28 10:02:00.000000000,100161,185,100089,185,100175,185,100064,385,100237,185,100063,185,100249,185,100038,185,100309,185,100024,185,100361,100,99986,100,100374,100,99966,100,100416,100,99950,100,100417,100,99949,100,100545,100,99937,100
2019-06-28 10:02:10.000000000,100161,206,100089,206,100175,206,100064,406,100237,206,100063,206,100249,206,100038,206,100309,100,100024,100,100361,100,99986,100,100374,100,99966,100,100416,100,99950,100,100417,100,99949,100,100545,100,99937,100
2019-06-28 10:02:18.478012135,100161,206,100089,206,100175,206,100064,406,100237,206,100063,206,100249,206,100038,206,100309,100,100024,100,100361,100,99986,100,100374,100,99966,100,100416,100,99950,100,100417,100,99937,100,100545,100,99936,100
2019-06-28 10:02:20.000000000,100161,206,100089,206,100175,206,100064,406,100237,206,100063,206,100249,206,100038,206,100309,100,100024,100,100361,100,99986,100,100374,100,99966,100,100416,100,99950,100,100417,100,99937,100,100545,100,99936,100
2019-06-28 10:02:25.799936472,100161,206,100089,206,100175,206,100064,306,100237,206,100063,206,100249,206,100038,206,100309,100,100024,100,100361,100,99986,100,100374,100,99966,100,100416,100,99950,100,100417,100,99937,100,100545,100,99936,100
2019-06-28 10:02:30.000000000,100161,312,100089,312,100175,312,100064,412,100237,100,100063,100,100249,100,100038,100,100309,100,100024,100,100361,100,99986,100,100374,100,99966,100,100416,100,99950,100,100417,100,99937,100,100545,100,99936,100
2019-06-28 10:02:35.597591682,100161,212,100089,312,100175,212,100064,412,100237,100,100063,100,100249,100,100038,100,100309,100,100024,100,100361,100,99986,100,100374,100,99966,100,100416,100,99950,100,100417,100,99937,100,100545,100,99936,100
2019-06-28 10:02:40.000000000,100237,206,100089,206,100249,206,100064,306,100309,206,100063,206,100361,206,100038,206,100374,100,100024,100,100416,100,99986,100,100417,100,99966,100,100545,100,99950,100,100753,100,99937,100,,,99936,100
2019-06-28 10:02:50.000000000,100237,185,100089,185,100249,185,100064,285,100309,185,100063,185,100361,185,100038,185,100374,185,100024,185,100416,100,99986,100,100417,100,99966,100,100545,100,99950,100,100753,100,99937,100,,,99936,100
2019-06-28 10:02:53.228316760,100237,85,100089,185,100249,185,100064,285,100309,185,100063,185,100361,185,100038,185,100374,185,100024,185,100416,100,99986,100,100417,100,99966,100,100545,100,99950,100,100753,100,99937,100,,,99936,100
2019-06-28 10:03:00.000000000,100249,312,100089,312,100309,312,100064,412,100361,100,100063,100,100374,100,100038,100,100416,100,100024,100,100417,100,99986,100,100545,100,99966,100,100753,100,99950,100,,,99937,100,,,99936,100
2019-06-28 10:03:04.199389260,100249,312,100089,312,100309,312,100064,412,100361,100,100063,100,100374,100,100038,100,100416,100,100024,100,100417,100,99986,100,100545,100,99966,100,100637,100,99950,100,100753,100,99937,100,,,99936,100
2019-06-28 10:03:08.160956388,100249,312,100089,312,100309,312,100064,412,100361,100,100063,100,100374,100,100038,100,100416,100,100024,100,100417,100,99986,100,100495,100,99966,100,100545,100,99950,100,100637,100,99937,100,100753,100,99936,100
2019-06-28 10:03:10.000000000,100249,244,100089,244,100309,240,100064,340,100361,240,100063,240,100374,100,100038,100,100416,100,100024,100,100417,100,99986,100,100495,100,99966,100,100545,100,99950,100,100637,100,99937,100,100753,100,99936,100
2019-06-28 10:03:18.694835217,100249,144,100089,244,100309,240,100064,340,100361,240,100063,240,100374,100,100038,100,100416,100,100024,100,100417,100,99986,100,100495,100,99966,100,100545,100,99950,100,100637,100,99937,100,100753,100,99936,100
2019-06-28 10:03:20.000000000,100309,244,100089,244,100361,240,100064,340,100374,240,100063,240,100416,100,100038,100,100417,100,100024,100,100495,100,99986,100,100545,100,99966,100,100637,100,99950,100,100753,100,99937,100,,,99936,100
2019-06-28 10:03:30.000000000,100309,312,100089,312,100361,312,100064,412,100374,100,100063,100,100416,100,100038,100,100417,100,100024,100,100495,100,99986,100,100545,100,99966,100,100637,100,99950,100,100753,100,99937,100,,,99936,100
2019-06-28 10:03:30.811945019,100309,212,100089,312,100361,212,100064,412,100374,100,100063,100,100416,100,100038,100,100417,100,100024,100,100495,100,99986,100,100545,100,99966,100,100637,100,99950,100,100753,100,99937,100,,,99936,100
2019-06-28 10:03:40.000000000,100374,206,100089,206,100416,206,100064,306,100417,206,100063,206,100495,206,100038,206,100545,100,100024,100,100637,100,99986,100,100753,100,99966,100,,,99950,100,,,99937,100,,,99936,100
2019-06-28 10:03:50.000000000,100374,523,100089,523,100416,100,100064,200,100417,100,100063,100,100495,100,100038,100,100545,100,100024,100,100637,100,99986,100,100753,100,99966,100,,,99950,100,,,99937,100,,,99936,100
2019-06-28 10:03:52.061648426,100374,523,100089,523,100416,100,100064,200,100417,100,100063,100,100495,100,100038,100,100545,100,100024,100,100555,100,99986,100,100637,100,99966,100,100753,100,99950,100,,,99937,100,,,99936,100
2019-06-28 10:03:56.053402480,100374,523,100089,523,100416,100,100064,200,100417,100,100063,100,100495,100,100038,100,100522,100,100024,100,100545,100,99986,100,100555,100,99966,100,100637,100,99950,100,100753,100,99937,100,,,99936,100
2019-06-28 10:03:58.032324870,100374,523,100373,100,100416,100,100089,523,100417,100,100064,200,100495,100,100063,100,100522,100,100038,100,100545,100,100024,100,100555,100,99986,100,100637,100,99966,100,100753,100,99950,100,,,99937,100
2019-06-28 10:03:59.996619735,100374,423,100373,100,100416,100,100089,523,100417,100,100064,200,100495,100,100063,100,100522,100,100038,100,100545,100,100024,100,100555,100,99986,100,100753,100,99966,100,,,99950,100,,,99937,100
2019-06-28 10:04:00.000000000,100416,244,100373,244,100417,240,100089,240,100495,240,100064,340,100522,100,100063,100,100545,100,100038,100,100555,100,100024,100,100753,100,99986,100,,,99966,100,,,99950,100,,,99937,100
2019-06-28 10:04:10.000000000,100416,523,100373,523,100417,100,100089,100,100495,100,100064,200,100522,100,100063,100,100545,100,100038,100,100555,100,100024,100,100753,100,99986,100,,,99966,100,,,99950,100,,,99937,100
2019-06-28 10:04:18.525128951,100416,523,100373,523,100417,100,100309,100,100495,100,100089,100,100522,100,100064,200,100545,100,100063,100,100555,100,100038,100,100753,100,100024,100,,,99986,100,,,99966,100,,,99950,100
2019-06-28 10:04:20.000000000,100416,244,100373,244,100417,240,100309,240,100495,240,100089,240,100522,100,100064,200,100545,100,100063,100,100555,100,100038,100,100753,100,100024,100,,,99986,100,,,99966,100,,,99950,100
2019-06-28 10:04:29.755987677,100416,244,100373,244,100417,240,100309,240,100495,240,100089,240,100522,100,100064,200,100545,100,100063,100,100555,100,100038,100,100662,100,100024,100,100753,100,99986,100,,,99966,100,,,99950,100
2019-06-28 10:04:30.000000000,100416,312,100373,312,100417,312,100309,312,100495,100,100089,100,100522,100,100064,200,100545,100,100063,100,100555,100,100038,100,100662,100,100024,100,100753,100,99986,100,,,99966,100,,,99950,100
2019-06-28 10:04:31.402825582,100416,312,100373,312,100417,312,100309,412,100495,100,100089,100,100522,100,100064,200,100545,100,100063,100,100555,100,100038,100,100662,100,100024,100,100753,100,99986,100,,,99966,100,,,99950,100
2019-06-28 10:04:39.260808543,100416,212,100373,312,100417,312,100309,412,100495,100,100089,100,100522,100,100064,200,100545,100,100063,100,100555,100,100038,100,100662,100,100024,100,100753,100,99986,100,,,99966,100,,,99950,100
2019-06-28 10:04:40.000000000,100417,523,100373,523,100495,100,100309,200,100522,100,100089,100,100545,100,100064,200,100555,100,100063,100,100662,100,100038,100,100753,100,100024,100,,,99986,100,,,99966,100,,,99950,100
2019-06-28 10:04:42.657032677,100409,100,100373,523,100417,523,100309,200,100495,100,100089,100,100522,100,100064,200,100545,100,100063,100,100555,100,100038,100,100662,100,100024,100,100753,100,99986,100,,,99966,100,,,99950,100
2019-06-28 10:04:49.729915855,100409,100,100373,523,100417,523,100309,200,100495,100,100089,100,100518,100,100064,200,100522,100,100063,100,100545,100,100038,100,100555,100,100024,100,100662,100,99986,100,100753,100,99966,100,,,99950,100
2019-06-28 10:04:50.000000000,100409,312,100373,312,100417,312,100309,412,100495,100,100089,100,100518,100,100064,200,100522,100,100063,100,100545,100,100038,100,100555,100,100024,100,100662,100,99986,100,100753,100,99966,100,,,99950,100
2019-06-28 10:05:00.000000000,100409,185,100373,185,100417,185,100309,285,100495,185,100089,185,100518,185,100064,285,100522,185,100063,185,100545,100,100038,100,100555,100,100024,100,100662,100,99986,100,100753,100,99966,100,,,99950,100
2019-06-28 10:05:02.359969412,100409,185,100373,185,100417,185,100309,285,100421,100,100089,185,100495,185,100064,285,100518,185,100063,185,100522,185,100038,100,100545,100,100024,100,100555,100,99986,100,100662,100,99966,100,100753,100,99950,100
2019-06-28 10:05:06.530808713,100409,185,100373,185,100417,185,100309,285,100421,100,100089,185,100495,185,100064,285,100496,100,100063,185,100518,185,100038,100,100522,185,100024,100,100545,100,99986,100,100555,100,99966,100,100662,100,99950,100
2019-06-28 10:05:10.000000000,100409,206,100373,206,100417,206,100309,306,100421,206,100089,206,100495,206,100064,306,100496,100,100063,100,100518,100,100038,100,100522,100,100024,100,100545,100,99986,100,100555,100,99966,100,100662,100,99950,100
2019-06-28 10:05:20.000000000,100409,312,100373,312,100417,312,100309,412,100421,100,100089,100,100495,100,100064,200,100496,100,100063,100,100518,100,100038,100,100522,100,100024,100,100545,100,99986,100,100555,100,99966,100,100662,100,99950,100
2019-06-28 10:05:30.000000000,100409,312,100373,312,100417,312,100309,412,100421,100,100089,100,100495,100,100064,200,100496,100,100063,100,100518,100,100038,100,100522,100,100024,100,100545,100,99986,100,100555,100,99966,100,100662,100,99950,100
2019-06-28 10:05:40.000000000,100409,523,100373,523,100417,100,100309,200,100421,100,100089,100,100495,100,100064,200,100496,100,100063,100,100518,100,100038,100,100522,100,100024,100,100545,100,99986,100,100555,100,99966,100,100662,100,99950,100
