,ask_price_1,ask_size_1,bid_price_1,bid_size_1,ask_price_2,ask_size_2,bid_price_2,bid_size_2,ask_price_3,ask_size_3,bid_price_3,bid_size_3,ask_price_4,ask_size_4,bid_price_4,bid_size_4,ask_price_5,ask_size_5,bid_price_5,bid_size_5,ask_price_6,ask_size_6,bid_price_6,bid_size_6,ask_price_7,ask_size_7,bid_price_7,bid_size_7,ask_price_8,ask_size_8,bid_price_8,bid_size_8,ask_price_9,ask_size_9,bid_price_9,bid_size_9,ask_price_10,ask_size_10,bid_price_10,bid_size_10
2019-06-28 09:30:00.000000000,100097,100,99975,100,,,,,,,,,,,,,,,,,,,,,,,,,,,,,,,,,,,,
2019-06-28 09:30:00.000000001,100097,100,99975,100,,,99823,100,,,,,,,,,,,,,,,,,,,,,,,,,,,,,,,,
2019-06-28 09:30:00.000000005,100029,100,99823,100,100036,100,,,100097,100,,,100193,100,,,,,,,,,,,,,,,,,,,,,,,,,,
2019-06-28 09:30:00.000000006,100029,100,99823,100,100036,100,99808,100,100076,100,,,100092,100,,,100097,100,,,100193,100,,,,,,,,,,,,,,,,,,
2019-06-28 09:30:00.000000009,100029,100,99870,100,100036,100,99823,100,100076,100,99808,100,100092,100,,,100097,100,,,100193,100,,,,,,,,,,,,,,,,,,
2019-06-28 09:30:00.000000010,100029,100,99948,100,100036,100,99870,100,100073,100,99823,100,100076,100,99808,100,100092,100,,,100097,100,,,100193,100,,,,,,,,,,,,,,
2019-06-28 09:30:00.000000011,100029,100,99948,100,100036,100,99913,100,100073,100,99870,100,100076,100,99823,100,100092,100,99808,100,100097,100,,,100193,100,,,,,,,,,,,,,,
2019-06-28 09:30:00.000000012,100011,100,99948,100,100029,100,99913,100,100036,100,99870,100,100073,100,99823,100,100076,100,99808,100,100092,100,,,100097,100,,,100193,100,,,,,,,,,,
2019-06-28 09:30:00.000000014,100011,100,99983,100,100029,100,99948,100,100036,100,99913,100,100073,100,99870,100,100076,100,99823,100,100092,100,99808,100,100097,100,,,100193,100,,,,,,,,,,
2019-06-28 09:30:00.000000015,100011,100,99983,100,100029,100,99948,100,100036,100,99913,100,100073,100,99908,100,100076,100,99870,100,100092,100,99823,100,100097,100,99808,100,100193,100,99742,100,,,,,,,,
2019-06-28 09:30:00.000000017,100011,100,99948,100,100029,100,99913,100,100036,100,99908,100,100073,100,99870,100,100076,100,99823,100,100092,100,99808,100,100097,100,99742,100,100193,100,,,,,,,,,,
2019-06-28 09:30:00.000000018,99983,100,99948,100,100011,100,99913,100,100029,100,99908,100,100036,100,99870,100,100073,100,99823,100,100076,100,99808,100,100092,100,99742,100,100097,100,,,100193,100,,,,,,
2019-06-28 09:30:00.000000019,99983,100,99975,100,100011,100,99968,100,100029,100,99948,100,100036,100,99942,100,100073,100,99913,100,100076,100,99908,100,100092,100,99870,100,100097,100,99823,100,100193,100,99808,100,,,99742,100
2019-06-28 09:30:00.000000022,99983,100,99975,100,100011,100,99968,100,100029,100,99948,100,100036,100,99942,100,100073,100,99913,100,100076,100,99908,100,100092,100,99870,100,100097,100,99858,100,100193,100,99823,100,,,99808,100
2019-06-28 09:30:00.000000023,99983,100,99975,200,100011,100,99968,100,100029,100,99948,100,100036,100,99942,100,100073,100,99913,100,100076,100,99908,100,100092,100,99870,100,100097,100,99858,100,100193,100,99823,100,,,99808,100
2019-06-28 09:30:00.000000025,99983,100,99975,200,100011,100,99968,100,100027,100,99948,100,100029,100,99942,100,100036,100,99913,100,100073,100,99908,100,100076,100,99870,100,100092,100,99858,100,100097,100,99823,100,100110,100,99808,100
2019-06-28 09:30:00.000000037,99983,100,99975,300,100011,100,99968,100,100027,100,99948,100,100029,100,99942,100,100036,100,99913,100,100073,100,99908,100,100076,100,99870,100,100092,100,99858,100,100097,100,99823,100,100110,100,99808,100
2019-06-28 09:30:00.000000038,100011,100,99975,200,100027,100,99968,100,100029,100,99948,100,100036,100,99942,100,100073,100,99913,100,100076,100,99908,100,100092,100,99870,100,100097,100,99858,100,100110,100,99823,100,100193,100,99808,100
2019-06-28 09:30:00.000000043,100011,100,99975,200,100027,100,99968,100,100029,100,99948,100,100036,100,99942,100,100073,100,99913,100,100076,100,99908,100,100092,100,99875,100,100097,100,99870,100,100110,100,99858,100,100193,100,99823,100
2019-06-28 09:30:00.000000047,100027,100,99975,200,100029,100,99968,100,100036,100,99948,100,100039,100,99942,100,100073,100,99913,100,100076,100,99908,100,100092,100,99875,100,100097,100,99870,100,100110,100,99858,100,100193,100,99823,100
2019-06-28 09:30:00.000000049,100027,100,99975,200,100029,100,99968,100,100036,100,99948,100,100039,100,99942,100,100073,100,99913,100,100076,100,99908,100,100092,100,99875,100,100097,100,99870,100,100110,100,99858,100,100193,100,99823,100
2019-06-28 09:30:00.000000050,100013,100,99975,200,100027,100,99968,100,100029,100,99948,100,100036,100,99942,100,100039,100,99913,100,100073,100,99908,100,100076,100,99875,100,100092,100,99870,100,100097,100,99858,100,100110,100,99823,100
2019-06-28 09:30:00.000000051,100013,100,99975,200,100027,100,99968,100,100029,100,99948,100,100036,100,99942,100,100039,100,99913,100,100049,100,99908,100,100058,100,99875,100,100073,100,99870,100,100076,100,99858,100,100092,100,99823,100
2019-06-28 09:30:00.000000052,100013,100,99983,100,100027,100,99975,200,100029,100,99968,100,100036,100,99949,100,100039,100,99948,100,100049,100,99942,100,100058,100,99913,100,100073,100,99908,100,100076,100,99875,100,100092,100,99870,100
2019-06-28 09:30:00.000000053,100013,100,99983,100,100027,100,99975,200,100029,100,99968,100,100036,100,99949,100,100039,100,99948,100,100049,100,99942,100,100058,100,99913,100,100073,100,99908,100,100076,100,99875,100,100092,100,99870,100
2019-06-28 09:30:00.000000054,100013,100,99983,100,100027,100,99975,200,100029,100,99968,100,100036,100,99949,100,100039,100,99948,100,100045,100,99942,100,100049,100,99913,100,100058,100,99908,100,100073,100,99875,100,100076,100,99870,100
2019-06-28 09:30:00.000000056,100013,100,99983,100,100027,100,99975,200,100029,100,99968,100,100036,100,99949,100,100039,100,99948,100,100045,100,99942,100,100046,100,99913,100,100049,100,99908,100,100058,100,99875,100,100073,100,99870,100
2019-06-28 09:30:00.000000057,100011,100,99983,100,100013,100,99975,200,100027,100,99968,100,100029,100,99949,100,100036,100,99948,100,100039,100,99942,100,100045,100,99913,100,100046,100,99908,100,100049,100,99875,100,100058,100,99870,100
2019-06-28 09:30:00.000000058,100011,100,99983,100,100013,100,99978,100,100027,100,99975,200,100029,100,99968,100,100036,100,99949,100,100039,100,99948,100,100045,100,99942,100,100046,100,99913,100,100049,100,99908,100,100058,100,99875,100
2019-06-28 09:30:00.000000059,100011,100,99983,100,100013,100,99978,100,100027,100,99975,200,100029,100,99968,100,100036,100,99949,100,100039,100,99948,100,100045,100,99942,100,100046,100,99913,100,100049,100,99908,100,100058,100,99875,100
2019-06-28 09:30:00.000000061,100013,100,99983,100,100027,100,99978,100,100029,100,99975,200,100036,100,99968,100,100039,100,99949,100,100045,100,99948,100,100046,100,99942,100,100049,100,99913,100,100058,100,99908,100,100073,100,99875,100
2019-06-28 09:30:00.000000063,100013,100,99983,100,100027,100,99978,100,100029,100,99975,200,100036,100,99968,100,100039,100,99949,100,100045,100,99948,100,100046,100,99942,100,100049,100,99913,100,100058,100,99908,100,100073,100,99875,100
2019-06-28 09:30:00.000000064,100013,100,99983,100,100027,200,99978,100,100029,100,99975,200,100036,100,99968,100,100039,100,99949,100,100045,100,99948,100,100046,100,99942,100,100049,100,99913,100,100058,100,99908,100,100073,100,99875,100
2019-06-28 09:30:00.000000068,100013,100,100011,100,100027,200,99983,100,100029,100,99978,100,100036,100,99975,200,100039,100,99968,100,100045,100,99949,100,100046,100,99948,100,100049,100,99942,100,100058,100,99913,100,100073,100,99908,100
2019-06-28 09:30:00.000000069,100013,100,100011,100,100027,200,99983,100,100029,100,99978,100,100036,100,99975,200,100039,100,99968,100,100045,100,99949,200,100046,100,99948,100,100049,100,99942,100,100058,100,99913,100,100073,100,99908,100
2019-06-28 09:30:00.000000070,100013,100,100011,100,100027,200,99983,100,100029,100,99978,100,100036,100,99975,200,100039,100,99968,100,100045,100,99950,100,100046,100,99949,200,100049,100,99948,100,100058,100,99942,100,100073,100,99913,100
2019-06-28 09:30:00.000000071,100013,100,100011,100,100027,200,99983,100,100029,100,99978,100,100036,100,99975,200,100039,100,99968,100,100045,100,99950,100,100046,100,99949,200,100049,100,99948,100,100058,100,99942,100,100073,100,99913,100
2019-06-28 09:30:00.000000072,100013,100,100011,200,100027,200,99983,100,100029,100,99978,100,100036,100,99975,200,100039,100,99968,100,100045,100,99950,100,100046,100,99949,200,100049,100,99948,100,100058,100,99942,100,100073,100,99913,100
2019-06-28 09:30:00.000000074,100013,100,100011,300,100027,200,99983,100,100029,100,99978,100,100036,100,99975,200,100039,100,99968,100,100045,100,99950,100,100046,100,99949,200,100049,100,99948,100,100058,100,99942,100,100073,100,99913,100
2019-06-28 09:30:00.000000076,100013,100,100011,300,100027,200,99983,100,100029,100,99978,100,100036,100,99975,200,100039,100,99968,100,100045,100,99950,100,100046,100,99949,200,100049,100,99948,100,100058,100,99942,100,100073,100,99924,100
2019-06-28 09:30:00.000000084,100013,100,100011,300,100027,200,99983,100,100029,100,99978,100,100036,100,99975,200,100039,100,99968,100,100045,100,99950,100,100046,100,99949,200,100049,100,99948,100,100058,100,99942,100,100073,100,99924,100
2019-06-28 09:30:00.000000089,100013,100,100011,300,100027,200,99983,100,100029,100,99978,100,100036,100,99975,200,100039,100,99968,100,100045,100,99950,100,100046,100,99949,200,100049,100,99948,100,100058,100,99942,100,100073,100,99924,100
2019-06-28 09:30:00.000000090,100013,100,100011,200,100027,200,99983,100,100029,100,99978,100,100036,100,99975,200,100039,100,99968,100,100045,100,99950,100,100046,100,99949,200,100049,100,99948,100,100058,100,99942,100,100073,100,99924,100
2019-06-28 09:30:00.000000092,100013,100,100011,200,100027,200,99983,100,100029,100,99978,100,100036,100,99975,200,100039,100,99968,100,100045,100,99950,100,100046,100,99949,200,100049,100,99948,100,100058,100,99942,100,100073,100,99924,100
2019-06-28 09:30:00.000000093,100013,100,100011,200,100027,200,99983,100,100029,100,99978,100,100036,100,99975,200,100039,100,99968,100,100045,100,99950,100,100046,100,99949,200,100049,100,99948,100,100058,100,99942,100,100073,100,99924,100
2019-06-28 09:30:00.000000095,100013,100,100011,200,100027,200,99983,100,100029,100,99978,100,100036,100,99975,200,100039,100,99968,100,100045,100,99950,100,100046,100,99949,200,100049,100,99948,100,100058,100,99942,100,100073,100,99924,100
2019-06-28 09:30:00.000000096,100013,100,100011,100,100027,200,99983,100,100029,100,99978,100,100036,100,99975,200,100039,100,99968,100,100045,100,99950,100,100046,100,99949,200,100049,100,99948,100,100058,100,99942,100,100073,100,99924,100
2019-06-28 09:30:00.000000098,100013,100,100011,100,100027,200,99983,100,100029,100,99978,100,100036,100,99975,200,100039,100,99968,100,100045,100,99950,100,100046,100,99949,200,100049,100,99948,100,100058,100,99942,100,100073,100,99924,100
2019-06-28 09:30:00.000000099,100013,100,100011,100,100027,200,99983,100,100029,100,99978,100,100036,100,99975,200,100039,100,99968,100,100045,100,99950,100,100046,100,99949,200,100049,100,99948,100,100058,100,99942,100,100073,100,99924,100
2019-06-28 09:30:10.000000000,100013,203,100011,203,100027,300,99983,200,100029,200,99978,200,100036,100,99975,200,100039,100,99968,100,100045,100,99950,100,100046,100,99949,200,100049,100,99948,100,100058,100,99942,100,100073,100,99924,100
2019-06-28 09:30:13.415092184,100013,203,100011,203,100027,300,99983,200,100029,200,99978,200,100036,100,99975,200,100039,100,99968,100,100045,100,99950,100,100046,100,99949,200,100049,100,99948,100,100058,100,99942,100,100073,100,99924,100
2019-06-28 09:30:20.000000000,100013,251,100011,251,100027,351,99983,251,100029,100,99978,100,100036,100,99975,200,100039,100,99968,100,100045,100,99950,100,100046,100,99949,200,100049,100,99948,100,100058,100,99942,100,100073,100,99924,100
2019-06-28 09:30:24.161326195,100013,251,100011,251,100027,351,99983,251,100029,100,99975,200,100036,100,99968,100,100039,100,99950,100,100045,100,99949,200,100046,100,99948,100,100049,100,99942,100,100058,100,99924,100,100073,100,99923,100
2019-06-28 09:30:30.000000000,100013,402,100011,402,100027,200,99983,100,100029,100,99975,200,100036,100,99968,100,100039,100,99950,100,100045,100,99949,200,100046,100,99948,100,100049,100,99942,100,100058,100,99924,100,100073,100,99923,100
2019-06-28 09:30:33.225698178,100013,402,100011,402,100027,200,99983,100,100029,100,99975,200,100036,100,99968,100,100039,100,99950,100,100045,100,99949,200,100046,100,99948,100,100049,100,99942,100,100058,100,99924,100,100073,100,99923,100
2019-06-28 09:30:40.000000000,100013,160,100011,160,100027,260,99983,160,100029,160,99975,260,100036,160,99968,160,100039,160,99950,160,100045,100,99949,200,100046,100,99948,100,100049,100,99942,100,100058,100,99924,100,100073,100,99923,100
2019-06-28 09:30:41.749496329,100013,160,100011,60,100027,260,99983,160,100029,160,99975,260,100036,160,99968,160,100039,160,99950,160,100045,100,99949,200,100046,100,99948,100,100049,100,99942,100,100058,100,99924,100,100073,100,99923,100
2019-06-28 09:30:42.355392864,100013,160,100011,60,100027,260,99983,160,100029,160,99975,260,100036,160,99968,160,100039,160,99950,160,100045,100,99949,200,100049,100,99948,100,100058,100,99942,100,100073,100,99931,100,100076,100,99924,100
2019-06-28 09:30:49.222153424,100013,60,100011,60,100027,260,99983,160,100029,160,99975,260,100036,160,99968,160,100039,160,99950,160,100045,100,99949,200,100049,100,99948,100,100058,100,99942,100,100073,100,99931,100,100076,100,99924,100
2019-06-28 09:30:50.000000000,100027,502,99983,402,100029,100,99975,200,100036,100,99968,100,100039,100,99950,100,100045,100,99949,200,100049,100,99948,100,100058,100,99942,100,100073,100,99931,100,100076,100,99924,100,100078,100,99923,100
2019-06-28 09:30:50.310200533,100027,502,99983,402,100029,100,99975,200,100036,100,99968,100,100039,100,99950,100,100045,100,99949,200,100049,100,99948,100,100058,100,99942,100,100073,100,99931,100,100076,100,99924,100,100092,100,99923,100
2019-06-28 09:30:51.969107603,100027,502,99983,402,100029,100,99975,200,100036,100,99968,100,100039,100,99950,100,100045,100,99949,200,100049,100,99948,100,100058,100,99942,100,100073,100,99931,100,100076,100,99924,100,100092,100,99923,100
2019-06-28 09:30:55.406833478,100027,502,99983,402,100029,100,99975,200,100036,100,99968,100,100039,100,99950,100,100045,100,99949,200,100049,100,99948,100,100058,100,99942,100,100073,100,99931,100,100076,100,99924,100,100092,100,99923,100
2019-06-28 09:31:00.000000000,100027,351,99983,251,100029,251,99975,351,100036,100,99968,100,100039,100,99950,100,100045,100,99949,200,100049,100,99948,100,100058,100,99942,100,100073,100,99931,100,100076,100,99924,100,100092,100,99923,100
2019-06-28 09:31:00.083882006,100027,351,100012,100,100029,251,99983,251,100036,100,99975,351,100039,100,99968,100,100045,100,99950,100,100049,100,99949,200,100058,100,99948,100,100073,100,99942,100,100076,100,99931,100,100092,100,99924,100
2019-06-28 09:31:10.000000000,100027,502,100012,402,100029,100,99983,100,100036,100,99975,200,100039,100,99968,100,100045,100,99950,100,100049,100,99949,200,100058,100,99948,100,100073,100,99942,100,100076,100,99931,100,100092,100,99924,100
2019-06-28 09:31:16.222034251,100027,502,100012,402,100029,100,99983,100,100036,100,99975,200,100039,100,99968,100,100045,100,99950,100,100049,100,99949,200,100058,100,99948,100,100073,100,99942,100,100076,100,99924,100,100092,100,99923,100
2019-06-28 09:31:20.000000000,100027,260,100012,160,100029,160,99983,160,100036,160,99975,260,100039,160,99968,160,100045,160,99950,160,100049,100,99949,200,100058,100,99948,100,100073,100,99942,100,100076,100,99924,100,100092,100,99923,100
2019-06-28 09:31:30.000000000,100027,276,100012,176,100029,176,99983,176,100036,176,99975,276,100039,176,99968,176,100045,100,99950,100,100049,100,99949,200,100058,100,99948,100,100073,100,99942,100,100076,100,99924,100,100092,100,99923,100
2019-06-28 09:31:40.000000000,100027,502,100012,402,100029,100,99983,100,100036,100,99975,200,100039,100,99968,100,100045,100,99950,100,100049,100,99949,200,100058,100,99948,100,100073,100,99942,100,100076,100,99924,100,100092,100,99923,100
2019-06-28 09:31:44.293982181,100027,502,100012,402,100029,100,99983,100,100036,100,99975,200,100045,100,99968,100,100049,100,99950,100,100058,100,99949,200,100073,100,99948,100,100076,100,99942,100,100092,100,99924,100,100097,100,99923,100
2019-06-28 09:31:50.000000000,100027,260,100012,160,100029,160,99983,160,100036,160,99975,260,100045,160,99968,160,100049,160,99950,160,100058,100,99949,200,100073,100,99948,100,100076,100,99942,100,100092,100,99924,100,100097,100,99923,100
2019-06-28 09:31:50.147471337,100027,260,100012,160,100029,160,99983,160,100036,160,99975,260,100045,160,99968,160,100049,160,99950,160,100058,100,99949,200,100073,100,99948,100,100076,100,99942,100,100092,100,99924,100,100097,100,99913,100
2019-06-28 09:32:00.000000000,100027,351,100012,251,100029,251,99983,251,100036,100,99975,200,100045,100,99968,100,100049,100,99950,100,100058,100,99949,200,100073,100,99948,100,100076,100,99942,100,100092,100,99924,100,100097,100,99913,100
2019-06-28 09:32:06.521593902,100027,351,100012,251,100029,251,99983,251,100036,100,99975,200,100045,100,99968,100,100049,100,99950,100,100058,100,99949,200,100073,100,99948,100,100076,100,99942,100,100092,100,99924,100,100097,100,99913,100
2019-06-28 09:32:10.000000000,100027,502,100012,402,100029,100,99983,100,100036,100,99975,200,100045,100,99968,100,100049,100,99950,100,100058,100,99949,200,100073,100,99948,100,100076,100,99942,100,100092,100,99924,100,100097,100,99913,100
2019-06-28 09:32:20.000000000,100027,502,100012,402,100029,100,99983,100,100036,100,99975,200,100045,100,99968,100,100049,100,99950,100,100058,100,99949,200,100073,100,99948,100,100076,100,99942,100,100092,100,99924,100,100097,100,99913,100
2019-06-28 09:32:20.666348143,100027,402,100012,302,100029,100,99983,100,100036,100,99975,200,100045,100,99968,100,100049,100,99950,100,100058,100,99949,200,100073,100,99948,100,100076,100,99942,100,100092,100,99924,100,100097,100,99913,100
2019-06-28 09:32:23.141744880,100027,402,100012,302,100029,100,99983,100,100036,100,99975,100,100045,100,99968,100,100049,100,99950,100,100058,100,99949,200,100073,100,99948,100,100076,100,99942,100,100092,100,99924,100,100097,100,99913,100
2019-06-28 09:32:30.000000000,100027,402,99983,402,100029,100,99975,100,100036,100,99968,100,100045,100,99950,100,100049,100,99949,200,100058,100,99948,100,100073,100,99942,100,100076,100,99924,100,100092,100,99913,100,100097,100,99908,100
2019-06-28 09:32:30.638986760,100027,402,99983,402,100029,100,99975,100,100036,100,99968,100,100045,100,99950,100,100049,100,99949,200,100073,100,99948,100,100076,100,99942,100,100092,100,99924,100,100097,100,99913,100,100109,100,99908,100
2019-06-28 09:32:39.058431286,100027,402,99983,402,100029,100,99975,100,100036,100,99968,100,100045,100,99950,100,100049,100,99949,200,100073,100,99948,100,100076,100,99942,100,100092,100,99924,100,100097,100,99913,100,100109,100,99908,100
2019-06-28 09:32:40.000000000,100027,402,99983,402,100029,100,99975,100,100036,100,99968,100,100045,100,99950,100,100049,100,99949,200,100073,100,99948,100,100076,100,99942,100,100092,100,99924,100,100097,100,99913,100,100109,100,99908,100
2019-06-28 09:32:49.771757569,100027,402,99983,302,100029,100,99975,100,100036,100,99950,100,100045,100,99949,200,100049,100,99948,100,100073,100,99942,100,100076,100,99924,100,100092,100,99913,100,100097,100,99908,100,100109,100,99895,100
2019-06-28 09:32:50.000000000,100027,251,99975,251,100029,251,99950,251,100036,100,99949,200,100045,100,99948,100,100049,100,99942,100,100073,100,99924,100,100076,100,99913,100,100092,100,99908,100,100097,100,99895,100,100109,100,99883,100
2019-06-28 09:32:57.176970678,100027,251,99975,151,100029,251,99950,251,100036,100,99949,200,100045,100,99948,100,100049,100,99942,100,100073,100,99924,100,100076,100,99913,100,100092,100,99908,100,100097,100,99895,100,100109,100,99883,100
2019-06-28 09:33:00.000000000,100027,402,99950,402,100029,100,99949,200,100036,100,99948,100,100045,100,99942,100,100049,100,99924,100,100073,100,99913,100,100076,100,99908,100,100092,100,99895,100,100097,100,99883,100,100109,100,99870,100
2019-06-28 09:33:00.783794870,100027,402,99950,302,100029,100,99949,200,100036,100,99948,100,100045,100,99942,100,100049,100,99924,100,100073,100,99913,100,100076,100,99908,100,100092,100,99895,100,100097,100,99883,100,100109,100,99870,100
2019-06-28 09:33:01.755389021,100027,402,99950,302,100029,100,99949,200,100036,100,99948,100,100045,100,99942,100,100049,100,99924,100,100073,100,99913,100,100076,100,99908,100,100092,100,99895,100,100097,100,99883,100,100109,100,99870,100
2019-06-28 09:33:10.000000000,100027,176,99949,276,100029,176,99948,176,100036,176,99942,176,100045,176,99924,176,100049,100,99913,100,100073,100,99908,100,100076,100,99895,100,100092,100,99883,100,100097,100,99870,100,100109,100,99869,100
2019-06-28 09:33:20.000000000,100027,176,99949,276,100029,176,99948,176,100036,176,99942,176,100045,176,99924,176,100049,100,99913,100,100073,100,99908,100,100076,100,99895,100,100092,100,99883,100,100097,100,99870,100,100109,100,99869,100
2019-06-28 09:33:30.000000000,100027,251,99949,351,100029,251,99948,251,100036,100,99942,100,100045,100,99924,100,100049,100,99913,100,100073,100,99908,100,100076,100,99895,100,100092,100,99883,100,100097,100,99870,100,100109,100,99869,100
2019-06-28 09:33:40.000000000,100027,176,99949,276,100029,176,99948,176,100036,176,99942,176,100045,176,99924,176,100049,100,99913,100,100073,100,99908,100,100076,100,99895,100,100092,100,99883,100,100097,100,99870,100,100109,100,99869,100
2019-06-28 09:33:42.587688198,100027,176,99949,176,100029,176,99948,176,100036,176,99942,176,100045,176,99924,176,100049,100,99913,100,100073,100,99908,100,100076,100,99895,100,100092,100,99883,100,100097,100,99870,100,100109,100,99869,100
2019-06-28 09:33:50.000000000,100027,176,99949,176,100029,176,99948,176,100036,176,99942,176,100045,176,99924,176,100049,100,99913,100,100073,100,99908,100,100076,100,99895,100,100092,100,99883,100,100097,100,99870,100,100109,100,99869,100
2019-06-28 09:33:51.392500379,100027,176,99978,100,100029,176,99949,176,100036,176,99948,176,100045,176,99942,176,100049,100,99924,176,100073,100,99913,100,100076,100,99908,100,100092,100,99895,100,100109,100,99883,100,100110,100,99870,100
2019-06-28 09:34:00.000000000,100027,402,99978,402,100029,100,99949,100,100036,100,99948,100,100045,100,99942,100,100049,100,99924,100,100073,100,99913,100,100076,100,99908,100,100092,100,99895,100,100109,100,99883,100,100110,100,99870,100
2019-06-28 09:34:00.284771803,100027,402,99978,402,100029,100,99949,100,100036,100,99948,100,100045,100,99942,100,100049,100,99924,100,100073,100,99913,100,100076,100,99908,100,100092,100,99895,100,100109,100,99883,100,100110,100,99870,100
2019-06-28 09:34:03.412081544,100027,402,99978,402,100029,100,99955,100,100036,100,99949,100,100045,100,99948,100,100049,100,99942,100,100073,100,99924,100,100076,100,99913,100,100092,100,99908,100,100109,100,99895,100,100110,100,99883,100
2019-06-28 09:34:08.557383911,100027,402,100015,100,100029,100,99978,402,100036,100,99955,100,100045,100,99949,100,100049,100,99948,100,100073,100,99942,100,100076,100,99924,100,100092,100,99913,100,100109,100,99908,100,100110,100,99895,100
2019-06-28 09:34:10.000000000,100027,176,100015,176,100029,176,99978,176,100036,176,99955,176,100045,176,99949,176,100049,100,99948,100,100073,100,99942,100,100076,100,99924,100,100092,100,99913,100,100109,100,99908,100,100110,100,99895,100
2019-06-28 09:34:20.000000000,100027,402,100015,402,100029,100,99978,100,100036,100,99955,100,100045,100,99949,100,100049,100,99948,100,100073,100,99942,100,100076,100,99924,100,100092,100,99913,100,100109,100,99908,100,100110,100,99895,100
2019-06-28 09:34:23.313305509,100027,402,100015,402,100029,100,99978,100,100036,100,99966,100,100045,100,99955,100,100049,100,99949,100,100073,100,99942,100,100076,100,99924,100,100092,100,99913,100,100109,100,99908,100,100110,100,99895,100
2019-06-28 09:34:25.095125232,100027,402,100015,402,100029,100,99978,100,100045,100,99966,100,100049,100,99955,100,100073,100,99949,100,100076,100,99942,100,100092,100,99924,100,100109,100,99913,100,100110,100,99908,100,100119,100,99895,100
2019-06-28 09:34:30.000000000,100027,176,100015,176,100029,176,99978,176,100045,176,99966,176,100049,176,99955,176,100073,100,99949,100,100076,100,99942,100,100092,100,99924,100,100109,100,99913,100,100110,100,99908,100,100119,100,99895,100
2019-06-28 09:34:32.772286970,100027,176,100015,176,100029,176,99978,176,100045,176,99966,176,100049,176,99955,176,100073,100,99949,100,100076,100,99942,100,100092,100,99924,100,100109,100,99913,100,100110,100,99908,100,100119,100,99895,100
2019-06-28 09:34:36.773765705,100027,176,100015,176,100029,176,99978,176,100045,176,99966,176,100049,176,99955,176,100073,100,99949,100,100076,100,99942,100,100092,100,99924,100,100109,100,99913,100,100110,100,99908,100,100119,100,99895,100
2019-06-28 09:34:40.000000000,100027,203,100015,203,100029,200,99978,200,100045,200,99966,200,100049,100,99955,100,100073,100,99949,100,100076,100,99942,100,100092,100,99924,100,100109,100,99913,100,100110,100,99908,100,100119,100,99895,100
2019-06-28 09:34:50.000000000,100027,176,100015,176,100029,176,99978,176,100045,176,99966,176,100049,176,99955,176,100073,100,99949,100,100076,100,99942,100,100092,100,99924,100,100109,100,99913,100,100110,100,99908,100,100119,100,99895,100
2019-06-28 09:34:59.086641843,100027,176,100015,176,100029,176,99978,176,100045,176,99966,176,100049,176,99955,176,100073,100,99949,100,100076,100,99942,100,100092,100,99924,100,100109,100,99913,100,100110,100,99908,100,100119,100,99895,100
2019-06-28 09:34:59.953452792,100027,76,100015,176,100029,176,99978,176,100045,176,99966,176,100049,176,99955,176,100073,100,99949,100,100076,100,99942,100,100092,100,99924,100,100109,100,99913,100,100110,100,99908,100,100119,100,99895,100
2019-06-28 09:35:00.000000000,100029,402,100015,402,100045,100,99978,100,100049,100,99966,100,100073,100,99955,100,100076,100,99949,100,100092,100,99942,100,100109,100,99924,100,100110,100,99913,100,100119,100,99908,100,100120,100,99895,100
2019-06-28 09:35:05.681896060,100029,302,100015,402,100045,100,99978,100,100049,100,99966,100,100073,100,99955,100,100076,100,99949,100,100092,100,99942,100,100109,100,99924,100,100110,100,99913,100,100119,100,99908,100,100120,100,99895,100
2019-06-28 09:35:10.000000000,100045,203,100015,203,100049,200,99978,200,100073,200,99966,200,100076,100,99955,100,100092,100,99949,100,100109,100,99942,100,100110,100,99924,100,100119,100,99913,100,100120,100,99908,100,100125,100,99895,100
2019-06-28 09:35:15.723452367,100045,103,100015,203,100049,200,99978,200,100073,200,99966,200,100076,100,99955,100,100092,100,99949,100,100109,100,99942,100,100110,100,99924,100,100119,100,99913,100,100120,100,99908,100,100125,100,99895,100
2019-06-28 09:35:20.000000000,100049,176,100015,176,100073,176,99978,176,100076,176,99966,176,100092,176,99955,176,100109,100,99949,100,100110,100,99942,100,100119,100,99924,100,100120,100,99913,100,100125,100,99908,100,100157,100,99895,100
2019-06-28 09:35:30.000000000,100049,251,100015,251,100073,251,99978,251,100076,100,99966,100,100092,100,99955,100,100109,100,99949,100,100110,100,99942,100,100119,100,99924,100,100120,100,99913,100,100125,100,99908,100,100157,100,99895,100
2019-06-28 09:35:40.000000000,100049,203,100015,203,100073,200,99978,200,100076,200,99966,200,100092,100,99955,100,100109,100,99949,100,100110,100,99942,100,100119,100,99924,100,100120,100,99913,100,100125,100,99908,100,100157,100,99895,100
2019-06-28 09:35:50.000000000,100049,251,100015,251,100073,251,99978,251,100076,100,99966,100,100092,100,99955,100,100109,100,99949,100,100110,100,99942,100,100119,100,99924,100,100120,100,99913,100,100125,100,99908,100,100157,100,99895,100
2019-06-28 09:35:55.038516938,100018,100,100015,251,100049,251,99978,251,100073,251,99966,100,100076,100,99955,100,100092,100,99942,100,100109,100,99924,100,100110,100,99913,100,100119,100,99908,100,100120,100,99895,100,100125,100,99869,100
2019-06-28 09:36:00.000000000,100018,176,100015,176,100049,176,99978,176,100073,176,99966,176,100076,176,99955,176,100092,100,99942,100,100109,100,99924,100,100110,100,99913,100,100119,100,99908,100,100120,100,99895,100,100125,100,99869,100
2019-06-28 09:36:10.000000000,100018,251,100015,251,100049,251,99978,251,100073,100,99966,100,100076,100,99955,100,100092,100,99942,100,100109,100,99924,100,100110,100,99913,100,100119,100,99908,100,100120,100,99895,100,100125,100,99869,100
2019-06-28 09:36:20.000000000,100018,251,100015,251,100049,251,99978,251,100073,100,99966,100,100076,100,99955,100,100092,100,99942,100,100109,100,99924,100,100110,100,99913,100,100119,100,99908,100,100120,100,99895,100,100125,100,99869,100
2019-06-28 09:36:28.508201085,100018,151,100015,251,100049,251,99978,251,100073,100,99966,100,100076,100,99955,100,100092,100,99942,100,100109,100,99924,100,100110,100,99913,100,100119,100,99908,100,100120,100,99895,100,100125,100,99869,100
2019-06-28 09:36:30.000000000,100049,160,100015,160,100073,160,99978,160,100076,160,99966,160,100092,160,99955,160,100109,160,99942,160,100110,100,99924,100,100119,100,99913,100,100120,100,99908,100,100125,100,99895,100,100157,100,99869,100
2019-06-28 09:36:34.854730468,100049,60,100015,160,100073,160,99978,160,100076,160,99966,160,100092,160,99955,160,100109,160,99942,160,100110,100,99924,100,100119,100,99913,100,100120,100,99908,100,100125,100,99895,100,100157,100,99869,100
2019-06-28 09:36:40.000000000,100073,402,100015,402,100076,100,99978,100,100092,100,99966,100,100109,100,99955,100,100110,100,99942,100,100119,100,99924,100,100120,100,99913,100,100125,100,99908,100,100157,100,99895,100,100170,100,99869,100
2019-06-28 09:36:50.000000000,100073,160,100015,160,100076,160,99978,160,100092,160,99966,160,100109,160,99955,160,100110,160,99942,160,100119,100,99924,100,100120,100,99913,100,100125,100,99908,100,100157,100,99895,100,100170,100,99869,100
2019-06-28 09:36:50.945939578,100017,100,100015,160,100073,160,99978,160,100076,160,99966,160,100092,160,99955,160,100109,160,99942,160,100110,160,99924,100,100119,100,99913,100,100120,100,99908,100,100125,100,99895,100,100157,100,99869,100
2019-06-28 09:36:59.874149792,100017,100,100015,160,100073,160,99978,160,100076,160,99966,160,100092,160,99955,160,100109,160,99942,160,100110,160,99924,100,100119,100,99913,100,100120,100,99908,100,100125,100,99895,100,100157,100,99869,100
2019-06-28 09:37:00.000000000,100017,203,100015,203,100073,200,99978,200,100076,200,99966,200,100092,100,99955,100,100109,100,99942,100,100110,100,99924,100,100119,100,99913,100,100120,100,99908,100,100125,100,99895,100,100157,100,99869,100
2019-06-28 09:37:08.284440875,100017,303,100015,203,100073,200,99978,200,100076,200,99966,200,100092,100,99955,100,100109,100,99942,100,100110,100,99924,100,100119,100,99913,100,100120,100,99908,100,100125,100,99895,100,100157,100,99869,100
2019-06-28 09:37:10.000000000,100017,276,100015,176,100073,176,99978,176,100076,176,99966,176,100092,176,99955,176,100109,100,99942,100,100110,100,99924,100,100119,100,99913,100,100120,100,99908,100,100125,100,99895,100,100157,100,99869,100
2019-06-28 09:37:11.178301898,100017,276,100015,176,100073,176,99978,176,100076,176,99966,76,100092,176,99955,176,100109,100,99942,100,100110,100,99924,100,100119,100,99913,100,100120,100,99908,100,100125,100,99895,100,100157,100,99869,100
2019-06-28 09:37:14.268134528,100017,376,100015,176,100073,176,99978,176,100076,176,99966,76,100092,176,99955,176,100109,100,99942,100,100110,100,99924,100,100119,100,99913,100,100120,100,99908,100,100125,100,99895,100,100157,100,99869,100
2019-06-28 09:37:14.681067279,100017,376,100015,176,100073,176,99978,176,100076,176,99966,76,100092,176,99955,176,100109,100,99942,100,100110,100,99924,100,100119,100,99913,100,100120,100,99908,100,100125,100,99895,100,100157,100,99869,100
2019-06-28 09:37:20.000000000,100017,602,100015,402,100073,100,99978,100,100076,100,99955,100,100092,100,99942,100,100109,100,99924,100,100110,100,99913,100,100119,100,99908,100,100120,100,99895,100,100125,100,99869,100,100157,100,99805,100
2019-06-28 09:37:24.586422289,100017,602,100015,302,100073,100,99978,100,100076,100,99955,100,100092,100,99942,100,100109,100,99924,100,100110,100,99913,100,100119,100,99908,100,100120,100,99895,100,100125,100,99869,100,100157,100,99805,100
2019-06-28 09:37:30.000000000,100017,602,99978,402,100073,100,99955,100,100076,100,99942,100,100092,100,99924,100,100109,100,99913,100,100110,100,99908,100,100119,100,99895,100,100120,100,99869,100,100125,100,99805,100,100157,100,99773,100
2019-06-28 09:37:32.805455933,100017,602,99978,402,100073,100,99955,100,100076,100,99942,100,100092,100,99924,100,100109,100,99908,100,100110,100,99895,100,100119,100,99869,100,100120,100,99805,100,100125,100,99773,100,100157,100,99733,100
2019-06-28 09:37:33.952088148,100017,602,99978,402,100073,100,99955,100,100076,100,99942,100,100092,100,99924,100,100109,100,99908,100,100110,100,99895,100,100119,100,99869,100,100120,100,99805,100,100125,100,99773,100,100157,100,99733,100
2019-06-28 09:37:40.000000000,100017,403,99978,203,100073,200,99955,200,100076,200,99942,200,100092,100,99924,100,100109,100,99908,100,100110,100,99895,100,100119,100,99869,100,100120,100,99805,100,100125,100,99773,100,100157,100,99733,100
2019-06-28 09:37:42.045588131,100017,403,99978,203,100073,200,99955,200,100076,200,99942,200,100092,100,99924,100,100109,100,99908,100,100110,100,99895,100,100119,100,99869,100,100120,100,99805,100,100125,100,99773,100,100157,100,99733,100
2019-06-28 09:37:50.000000000,100017,376,99978,176,100073,176,99955,176,100076,176,99942,176,100092,176,99924,176,100109,100,99908,100,100110,100,99895,100,100119,100,99869,100,100120,100,99805,100,100125,100,99773,100,100157,100,99733,100
2019-06-28 09:37:59.990616313,100017,376,99978,76,100073,176,99955,176,100076,176,99942,176,100092,176,99924,176,100109,100,99908,100,100110,100,99895,100,100119,100,99869,100,100120,100,99805,100,100125,100,99773,100,100157,100,99733,100
2019-06-28 09:38:00.000000000,100017,602,99955,402,100073,100,99942,100,100076,100,99924,100,100092,100,99908,100,100109,100,99895,100,100110,100,99869,100,100119,100,99805,100,100120,100,99773,100,100125,100,99733,100,100157,100,99720,100
2019-06-28 09:38:10.000000000,100017,360,99955,160,100073,160,99942,160,100076,160,99924,160,100092,160,99908,160,100109,160,99895,160,100110,100,99869,100,100119,100,99805,100,100120,100,99773,100,100125,100,99733,100,100157,100,99720,100
2019-06-28 09:38:20.000000000,100017,451,99955,251,100073,251,99942,251,100076,100,99924,100,100092,100,99908,100,100109,100,99895,100,100110,100,99869,100,100119,100,99805,100,100120,100,99773,100,100125,100,99733,100,100157,100,99720,100
2019-06-28 09:38:21.147146864,100017,451,99955,151,100073,251,99942,251,100076,100,99924,100,100092,100,99908,100,100109,100,99895,100,100119,100,99869,100,100120,100,99805,100,100125,100,99773,100,100157,100,99733,100,100170,100,99720,100
2019-06-28 09:38:21.779378974,100017,451,99955,51,100073,251,99942,251,100092,100,99924,100,100109,100,99908,100,100119,100,99895,100,100120,100,99869,100,100125,100,99805,100,100157,100,99773,100,100170,100,99733,100,100193,100,99720,100
2019-06-28 09:38:30.000000000,100017,376,99942,176,100073,176,99924,176,100092,176,99908,176,100109,176,99895,176,100119,100,99869,100,100120,100,99805,100,100125,100,99773,100,100157,100,99733,100,100170,100,99720,100,100193,100,99710,100
2019-06-28 09:38:36.130620019,100017,376,99942,76,100073,176,99924,176,100092,176,99908,176,100109,176,99895,176,100119,100,99869,100,100120,100,99805,100,100125,100,99773,100,100157,100,99733,100,100170,100,99720,100,100193,100,99710,100
2019-06-28 09:38:40.000000000,100017,602,99924,402,100073,100,99908,100,100092,100,99895,100,100109,100,99869,100,100119,100,99805,100,100120,100,99773,100,100125,100,99733,100,100157,100,99720,100,100170,100,99710,100,100193,100,99573,100
2019-06-28 09:38:50.000000000,100017,451,99924,251,100073,251,99908,251,100092,100,99895,100,100109,100,99869,100,100119,100,99805,100,100120,100,99773,100,100125,100,99733,100,100157,100,99720,100,100170,100,99710,100,100193,100,99573,100
2019-06-28 09:39:00.000000000,100017,376,99924,176,100073,176,99908,176,100092,176,99895,176,100109,176,99869,176,100119,100,99805,100,100120,100,99773,100,100125,100,99733,100,100157,100,99720,100,100170,100,99710,100,100193,100,99573,100
2019-06-28 09:39:10.000000000,100017,451,99924,251,100073,251,99908,251,100092,100,99895,100,100109,100,99869,100,100119,100,99805,100,100120,100,99773,100,100125,100,99733,100,100157,100,99720,100,100170,100,99710,100,100193,100,99573,100
2019-06-28 09:39:20.000000000,100017,360,99924,160,100073,160,99908,160,100092,160,99895,160,100109,160,99869,160,100119,160,99805,160,100120,100,99773,100,100125,100,99733,100,100157,100,99720,100,100170,100,99710,100,100193,100,99573,100
2019-06-28 09:39:30.000000000,100017,602,99924,402,100073,100,99908,100,100092,100,99895,100,100109,100,99869,100,100119,100,99805,100,100120,100,99773,100,100125,100,99733,100,100157,100,99720,100,100170,100,99710,100,100193,100,99573,100
2019-06-28 09:39:40.000000000,100017,602,99924,402,100073,100,99908,100,100092,100,99895,100,100109,100,99869,100,100119,100,99805,100,100120,100,99773,100,100125,100,99733,100,100157,100,99720,100,100170,100,99710,100,100193,100,99573,100
2019-06-28 09:39:40.353420394,100017,502,99943,100,100073,100,99924,402,100092,100,99908,100,100109,100,99895,100,100119,100,99869,100,100120,100,99805,100,100125,100,99773,100,100157,100,99733,100,100170,100,99720,100,100193,100,99710,100
2019-06-28 09:39:46.503970170,100017,502,99943,100,100073,100,99924,402,100092,100,99908,100,100109,100,99895,100,100119,100,99869,100,100120,100,99805,100,100125,100,99773,100,100157,100,99733,100,100170,100,99720,100,100193,100,99710,100
2019-06-28 09:39:50.000000000,100017,351,99943,251,100073,251,99924,251,100092,100,99908,100,100109,100,99895,100,100119,100,99869,100,100120,100,99805,100,100125,100,99773,100,100157,100,99733,100,100170,100,99720,100,100193,100,99710,100
2019-06-28 09:39:51.622670557,100017,351,99943,251,100073,251,99924,251,100092,100,99908,100,100109,100,99895,100,100119,100,99869,100,100120,100,99805,100,100125,100,99773,100,100157,100,99733,100,100170,100,99720,100,100193,100,99710,100
2019-06-28 09:40:00.000000000,100017,260,99943,160,100073,160,99924,160,100092,160,99908,160,100109,160,99895,160,100119,160,99869,160,100120,100,99805,100,100125,100,99773,100,100157,100,99733,100,100170,100,99720,100,100193,100,99710,100
2019-06-28 09:40:10.000000000,100017,276,99943,176,100073,176,99924,176,100092,176,99908,176,100109,176,99895,176,100119,100,99869,100,100120,100,99805,100,100125,100,99773,100,100157,100,99733,100,100170,100,99720,100,100193,100,99710,100
2019-06-28 09:40:20.000000000,100017,502,99943,402,100073,100,99924,100,100092,100,99908,100,100109,100,99895,100,100119,100,99869,100,100120,100,99805,100,100125,100,99773,100,100157,100,99733,100,100170,100,99720,100,100193,100,99710,100
2019-06-28 09:40:30.000000000,100017,502,99943,402,100073,100,99924,100,100092,100,99908,100,100109,100,99895,100,100119,100,99869,100,100120,100,99805,100,100125,100,99773,100,100157,100,99733,100,100170,100,99720,100,100193,100,99710,100
2019-06-28 09:40:35.117172856,100017,502,99943,502,100073,100,99924,100,100092,100,99908,100,100109,100,99895,100,100119,100,99869,100,100120,100,99805,100,100125,100,99773,100,100157,100,99733,100,100170,100,99720,100,100193,100,99710,100
2019-06-28 09:40:39.954242915,100017,502,99943,502,100073,100,99924,100,100092,100,99908,100,100109,100,99895,100,100119,100,99869,100,100120,100,99805,100,100125,100,99773,100,100157,100,99733,100,100170,100,99720,100,100193,100,99710,100
2019-06-28 09:40:40.000000000,100017,351,99943,351,100073,251,99924,251,100092,100,99908,100,100109,100,99895,100,100119,100,99869,100,100120,100,99805,100,100125,100,99773,100,100157,100,99733,100,100170,100,99720,100,100193,100,99710,100
2019-06-28 09:40:48.333744017,100017,251,99943,351,100073,251,99924,251,100092,100,99908,100,100109,100,99895,100,100119,100,99869,100,100120,100,99805,100,100125,100,99773,100,100157,100,99733,100,100170,100,99720,100,100193,100,99710,100
2019-06-28 09:40:50.000000000,100017,251,99943,351,100073,251,99924,251,100092,100,99908,100,100109,100,99895,100,100119,100,99869,100,100120,100,99805,100,100125,100,99773,100,100157,100,99733,100,100170,100,99720,100,100193,100,99710,100
2019-06-28 09:40:51.732657698,100017,251,99943,351,100073,251,99924,151,100092,100,99908,100,100109,100,99895,100,100119,100,99869,100,100120,100,99805,100,100125,100,99773,100,100157,100,99733,100,100170,100,99720,100,100193,100,99710,100
2019-06-28 09:41:00.000000000,100017,203,99943,303,100073,200,99908,200,100092,200,99895,200,100109,100,99869,100,100119,100,99805,100,100120,100,99773,100,100125,100,99733,100,100157,100,99720,100,100170,100,99710,100,100193,100,99533,100
2019-06-28 09:41:04.212015167,100017,103,99943,303,100073,200,99908,200,100092,200,99895,200,100109,100,99869,100,100119,100,99805,100,100120,100,99773,100,100125,100,99733,100,100157,100,99720,100,100170,100,99710,100,100193,100,99533,100
2019-06-28 09:41:10.000000000,100073,176,99943,276,100092,176,99908,176,100109,176,99895,176,100119,176,99869,176,100120,100,99805,100,100125,100,99773,100,100157,100,99733,100,100170,100,99720,100,100193,100,99710,100,100199,100,99533,100
2019-06-28 09:41:10.077566928,100073,176,100017,100,100092,176,99943,176,100109,176,99908,176,100119,176,99895,176,100120,100,99869,176,100125,100,99805,100,100157,100,99773,100,100170,100,99733,100,100193,100,99720,100,100199,100,99710,100
2019-06-28 09:41:15.021949659,100073,76,100017,100,100092,176,99943,176,100109,176,99908,176,100119,176,99895,176,100120,100,99869,176,100125,100,99805,100,100157,100,99773,100,100170,100,99733,100,100193,100,99720,100,100199,100,99710,100
2019-06-28 09:41:20.000000000,100092,160,100017,160,100109,160,99943,160,100119,160,99908,160,100120,160,99895,160,100125,160,99869,160,100157,100,99805,100,100170,100,99773,100,100193,100,99733,100,100199,100,99720,100,100244,100,99710,100
2019-06-28 09:41:30.000000000,100092,251,100017,251,100109,251,99943,251,100119,100,99908,100,100120,100,99895,100,100125,100,99869,100,100157,100,99805,100,100170,100,99773,100,100193,100,99733,100,100199,100,99720,100,100244,100,99710,100
2019-06-28 09:41:34.493396479,100092,251,100017,251,100109,251,99943,151,100119,100,99908,100,100120,100,99895,100,100125,100,99869,100,100157,100,99805,100,100170,100,99773,100,100193,100,99733,100,100199,100,99720,100,100244,100,99710,100
2019-06-28 09:41:35.978716917,100092,251,100017,251,100109,251,99943,151,100119,100,99908,100,100120,100,99895,100,100125,100,99869,100,100157,100,99805,100,100170,100,99773,100,100193,100,99733,100,100199,100,99720,100,100244,100,99710,100
2019-06-28 09:41:40.000000000,100092,160,100017,160,100109,160,99908,160,100119,160,99895,160,100120,160,99869,160,100125,160,99805,160,100157,100,99773,100,100170,100,99733,100,100193,100,99720,100,100199,100,99710,100,100244,100,99533,100
2019-06-28 09:41:50.000000000,100092,402,100017,402,100109,100,99908,100,100119,100,99895,100,100120,100,99869,100,100125,100,99805,100,100157,100,99773,100,100170,100,99733,100,100193,100,99720,100,100199,100,99710,100,100244,100,99533,100
2019-06-28 09:42:00.000000000,100092,251,100017,251,100109,251,99908,251,100119,100,99895,100,100120,100,99869,100,100125,100,99805,100,100157,100,99773,100,100170,100,99733,100,100193,100,99720,100,100199,100,99710,100,100244,100,99533,100
2019-06-28 09:42:02.123638355,100092,151,100017,251,100109,251,99908,251,100119,100,99895,100,100120,100,99869,100,100125,100,99805,100,100157,100,99773,100,100170,100,99733,100,100193,100,99720,100,100199,100,99710,100,100244,100,99533,100
2019-06-28 09:42:10.000000000,100109,160,100017,160,100119,160,99908,160,100120,160,99895,160,100125,160,99869,160,100157,160,99805,160,100170,100,99773,100,100193,100,99733,100,100199,100,99720,100,100244,100,99710,100,100382,100,99533,100
2019-06-28 09:42:16.636398249,100109,160,100017,160,100119,160,99908,160,100120,160,99895,160,100125,160,99869,160,100157,160,99805,160,100170,100,99773,100,100193,100,99733,100,100199,100,99720,100,100244,100,99710,100,100382,100,99533,100
2019-06-28 09:42:20.000000000,100109,402,100017,402,100119,100,99908,100,100120,100,99895,100,100125,100,99869,100,100157,100,99805,100,100170,100,99773,100,100193,100,99733,100,100199,100,99720,100,100244,100,99710,100,100382,100,99533,100
2019-06-28 09:42:30.000000000,100109,176,100017,176,100119,176,99908,176,100120,176,99895,176,100125,176,99869,176,100157,100,99805,100,100170,100,99773,100,100193,100,99733,100,100199,100,99720,100,100244,100,99710,100,100382,100,99533,100
2019-06-28 09:42:33.483828691,100109,76,100017,176,100119,176,99908,176,100120,176,99895,176,100125,176,99869,176,100157,100,99805,100,100170,100,99773,100,100193,100,99733,100,100199,100,99720,100,100244,100,99710,100,100382,100,99533,100
2019-06-28 09:42:40.000000000,100119,251,100017,251,100120,251,99908,251,100125,100,99895,100,100157,100,99869,100,100170,100,99805,100,100193,100,99773,100,100199,100,99733,100,100244,100,99720,100,100382,100,99710,100,100386,100,99533,100
2019-06-28 09:42:46.745395388,100119,151,100017,251,100120,251,99908,251,100125,100,99895,100,100157,100,99869,100,100170,100,99805,100,100199,100,99773,100,100244,100,99733,100,100382,100,99720,100,100386,100,99710,100,100424,100,99533,100
2019-06-28 09:42:50.000000000,100120,402,100017,402,100125,100,99908,100,100157,100,99895,100,100170,100,99869,100,100199,100,99805,100,100244,100,99773,100,100382,100,99733,100,100386,100,99720,100,100424,100,99710,100,100443,100,99533,100
2019-06-28 09:43:00.000000000,100120,176,100017,176,100125,176,99908,176,100157,176,99895,176,100170,176,99869,176,100199,100,99805,100,100244,100,99773,100,100382,100,99733,100,100386,100,99720,100,100424,100,99710,100,100443,100,99533,100
2019-06-28 09:43:10.000000000,100120,160,100017,160,100125,160,99908,160,100157,160,99895,160,100170,160,99869,160,100199,160,99805,160,100244,100,99773,100,100382,100,99733,100,100386,100,99720,100,100424,100,99710,100,100443,100,99533,100
2019-06-28 09:43:20.000000000,100120,203,100017,203,100125,200,99908,200,100157,200,99895,200,100170,100,99869,100,100199,100,99805,100,100244,100,99773,100,100382,100,99733,100,100386,100,99720,100,100424,100,99710,100,100443,100,99533,100
2019-06-28 09:43:25.955305574,100120,203,100017,203,100125,200,99908,200,100157,200,99895,200,100170,100,99869,100,100199,100,99805,100,100382,100,99773,100,100386,100,99733,100,100424,100,99720,100,100443,100,99710,100,100455,100,99533,100
2019-06-28 09:43:30.000000000,100120,176,100017,176,100125,176,99908,176,100157,176,99895,176,100170,176,99869,176,100199,100,99805,100,100382,100,99773,100,100386,100,99733,100,100424,100,99720,100,100443,100,99710,100,100455,100,99533,100
2019-06-28 09:43:38.345658459,100120,176,100017,176,100125,176,99908,176,100157,176,99895,176,100170,176,99869,176,100199,100,99805,100,100382,100,99773,100,100386,100,99733,100,100424,100,99720,100,100443,100,99710,100,100455,100,99533,100
2019-06-28 09:43:40.000000000,100120,402,100017,402,100125,100,99908,100,100157,100,99895,100,100170,100,99869,100,100199,100,99805,100,100382,100,99773,100,100386,100,99733,100,100424,100,99720,100,100443,100,99710,100,100455,100,99533,100
2019-06-28 09:43:44.871485348,100120,302,100017,402,100125,100,99908,100,100157,100,99895,100,100170,100,99869,100,100199,100,99805,100,100382,100,99773,100,100386,100,99733,100,100424,100,99720,100,100443,100,99710,100,100455,100,99533,100
2019-06-28 09:43:50.000000000,100125,203,100017,203,100157,200,99908,200,100170,200,99895,200,100199,100,99869,100,100382,100,99805,100,100386,100,99773,100,100424,100,99733,100,100443,100,99720,100,100455,100,99710,100,100587,100,99533,100
2019-06-28 09:44:00.000000000,100125,160,100017,160,100157,160,99908,160,100170,160,99895,160,100199,160,99869,160,100382,160,99805,160,100386,100,99773,100,100424,100,99733,100,100443,100,99720,100,100455,100,99710,100,100587,100,99533,100
2019-06-28 09:44:10.000000000,100125,176,100017,176,100157,176,99908,176,100170,176,99895,176,100199,176,99869,176,100382,100,99805,100,100386,100,99773,100,100424,100,99733,100,100443,100,99720,100,100455,100,99710,100,100587,100,99533,100
2019-06-28 09:44:20.000000000,100125,160,100017,160,100157,160,99908,160,100170,160,99895,160,100199,160,99869,160,100382,160,99805,160,100386,100,99773,100,100424,100,99733,100,100443,100,99720,100,100455,100,99710,100,100587,100,99533,100
2019-06-28 09:44:23.107701355,100125,60,100017,160,100157,160,99908,160,100170,160,99895,160,100199,160,99869,160,100382,160,99805,160,100386,100,99773,100,100424,100,99733,100,100443,100,99710,100,100455,100,99533,100,100587,100,99530,100
2019-06-28 09:44:25.084391568,100125,60,100017,160,100157,160,99908,160,100170,160,99895,160,100199,160,99869,160,100382,160,99805,160,100386,100,99773,100,100424,100,99733,100,100443,100,99710,100,100455,100,99533,100,100587,100,99530,100
2019-06-28 09:44:30.000000000,100157,402,100017,402,100170,100,99908,100,100199,100,99895,100,100382,100,99869,100,100386,100,99805,100,100424,100,99773,100,100443,100,99733,100,100455,100,99710,100,100587,100,99533,100,100596,100,99530,100
2019-06-28 09:44:40.000000000,100157,251,100017,251,100170,251,99908,251,100199,100,99895,100,100382,100,99869,100,100386,100,99805,100,100424,100,99773,100,100443,100,99733,100,100455,100,99710,100,100587,100,99533,100,100596,100,99530,100
2019-06-28 09:44:50.000000000,100157,176,100017,176,100170,176,99908,176,100199,176,99895,176,100382,176,99869,176,100386,100,99805,100,100424,100,99773,100,100443,100,99733,100,100455,100,99710,100,100587,100,99533,100,100596,100,99530,100
2019-06-28 09:45:00.000000000,100157,402,100017,402,100170,100,99908,100,100199,100,99895,100,100382,100,99869,100,100386,100,99805,100,100424,100,99773,100,100443,100,99733,100,100455,100,99710,100,100587,100,99533,100,100596,100,99530,100
2019-06-28 09:45:09.991247941,100157,402,100017,402,100170,100,99908,100,100199,100,99895,100,100382,100,99869,100,100386,100,99805,100,100424,100,99773,100,100443,100,99733,100,100455,100,99710,100,100587,100,99533,100,100596,100,99530,100
2019-06-28 09:45:10.000000000,100157,176,100017,176,100170,176,99908,176,100199,176,99895,176,100382,176,99869,176,100386,100,99805,100,100424,100,99773,100,100443,100,99733,100,100455,100,99710,100,100587,100,99533,100,100596,100,99530,100
2019-06-28 09:45:20.000000000,100157,251,100017,251,100170,251,99908,251,100199,100,99895,100,100382,100,99869,100,100386,100,99805,100,100424,100,99773,100,100443,100,99733,100,100455,100,99710,100,100587,100,99533,100,100596,100,99530,100
2019-06-28 09:45:24.236403444,100157,251,100120,100,100170,251,100017,251,100199,100,99908,251,100382,100,99895,100,100386,100,99869,100,100424,100,99805,100,100443,100,99773,100,100455,100,99733,100,100587,100,99710,100,100596,100,99533,100
2019-06-28 09:45:30.000000000,100157,402,100120,402,100170,100,100017,100,100199,100,99908,100,100382,100,99895,100,100386,100,99869,100,100424,100,99805,100,100443,100,99773,100,100455,100,99733,100,100587,100,99710,100,100596,100,99533,100
2019-06-28 09:45:40.000000000,100157,176,100120,176,100170,176,100017,176,100199,176,99908,176,100382,176,99895,176,100386,100,99869,100,100424,100,99805,100,100443,100,99773,100,100455,100,99733,100,100587,100,99710,100,100596,100,99533,100
2019-06-28 09:45:45.120688647,100157,76,100120,176,100170,76,100017,176,100199,176,99908,176,100382,176,99895,176,100386,100,99869,100,100424,100,99805,100,100443,100,99773,100,100455,100,99733,100,100587,100,99710,100,100596,100,99533,100
2019-06-28 09:45:50.000000000,100199,203,100120,203,100382,200,100017,200,100386,200,99908,200,100424,100,99895,100,100443,100,99869,100,100455,100,99805,100,100587,100,99773,100,100596,100,99733,100,100648,100,99710,100,100736,100,99533,100
2019-06-28 09:45:58.259885303,100199,203,100160,100,100382,200,100120,203,100386,200,100017,200,100424,100,99908,200,100443,100,99895,100,100455,100,99869,100,100587,100,99805,100,100596,100,99733,100,100648,100,99710,100,100736,100,99533,100
2019-06-28 09:46:00.000000000,100199,402,100160,402,100382,100,100120,100,100386,100,100017,100,100424,100,99908,100,100443,100,99895,100,100455,100,99869,100,100587,100,99805,100,100596,100,99733,100,100648,100,99710,100,100736,100,99533,100
2019-06-28 09:46:10.000000000,100199,160,100160,160,100382,160,100120,160,100386,160,100017,160,100424,160,99908,160,100443,160,99895,160,100455,100,99869,100,100587,100,99805,100,100596,100,99733,100,100648,100,99710,100,100736,100,99533,100
2019-06-28 09:46:20.000000000,100199,160,100160,160,100382,160,100120,160,100386,160,100017,160,100424,160,99908,160,100443,160,99895,160,100455,100,99869,100,100587,100,99805,100,100596,100,99733,100,100648,100,99710,100,100736,100,99533,100
2019-06-28 09:46:30.000000000,100199,402,100160,402,100382,100,100120,100,100386,100,100017,100,100424,100,99908,100,100443,100,99895,100,100455,100,99869,100,100587,100,99805,100,100596,100,99733,100,100648,100,99710,100,100736,100,99533,100
2019-06-28 09:46:40.000000000,100199,160,100160,160,100382,160,100120,160,100386,160,100017,160,100424,160,99908,160,100443,160,99895,160,100455,100,99869,100,100587,100,99805,100,100596,100,99733,100,100648,100,99710,100,100736,100,99533,100
2019-06-28 09:46:50.000000000,100199,176,100160,176,100382,176,100120,176,100386,176,100017,176,100424,176,99908,176,100443,100,99895,100,100455,100,99869,100,100587,100,99805,100,100596,100,99733,100,100648,100,99710,100,100736,100,99533,100
2019-06-28 09:47:00.000000000,100199,203,100160,203,100382,200,100120,200,100386,200,100017,200,100424,100,99908,100,100443,100,99895,100,100455,100,99869,100,100587,100,99805,100,100596,100,99733,100,100648,100,99710,100,100736,100,99533,100
2019-06-28 09:47:00.984847325,100199,203,100160,203,100382,200,100120,200,100386,200,100017,200,100424,100,99908,100,100443,100,99895,100,100455,100,99869,100,100587,100,99805,100,100596,100,99733,100,100648,100,99710,100,100736,100,99533,100
2019-06-28 09:47:10.000000000,100199,160,100160,160,100382,160,100120,160,100386,160,100017,160,100424,160,99908,160,100443,160,99895,160,100455,100,99869,100,100587,100,99805,100,100596,100,99733,100,100648,100,99710,100,100736,100,99533,100
2019-06-28 09:47:20.000000000,100199,176,100160,176,100382,176,100120,176,100386,176,100017,176,100424,176,99908,176,100443,100,99895,100,100455,100,99869,100,100587,100,99805,100,100596,100,99733,100,100648,100,99710,100,100736,100,99533,100
2019-06-28 09:47:26.020632224,100199,176,100160,176,100382,176,100125,100,100386,176,100120,176,100424,176,100017,176,100443,100,99908,176,100455,100,99895,100,100587,100,99869,100,100596,100,99805,100,100648,100,99733,100,100736,100,99710,100
2019-06-28 09:47:30.000000000,100199,203,100160,203,100382,200,100125,200,100386,200,100120,200,100424,100,100017,100,100443,100,99908,100,100455,100,99895,100,100587,100,99869,100,100596,100,99805,100,100648,100,99733,100,100736,100,99710,100
2019-06-28 09:47:40.000000000,100199,203,100160,203,100382,200,100125,200,100386,200,100120,200,100424,100,100017,100,100443,100,99908,100,100455,100,99895,100,100587,100,99869,100,100596,100,99805,100,100648,100,99733,100,100736,100,99710,100
2019-06-28 09:47:40.926523410,100199,103,100160,203,100382,200,100125,200,100386,200,100120,200,100424,100,100017,100,100443,100,99908,100,100455,100,99895,100,100587,100,99869,100,100596,100,99805,100,100648,100,99733,100,100736,100,99710,100
2019-06-28 09:47:50.000000000,100382,251,100160,251,100386,251,100125,251,100424,100,100120,100,100443,100,100017,100,100455,100,99908,100,100587,100,99895,100,100596,100,99869,100,100648,100,99805,100,100736,100,99733,100,100739,100,99710,100
2019-06-28 09:47:50.333016491,100382,151,100160,251,100386,251,100125,251,100424,100,100120,100,100443,100,100017,100,100455,100,99908,100,100587,100,99895,100,100596,100,99869,100,100648,100,99805,100,100736,100,99733,100,100835,100,99710,100
2019-06-28 09:48:00.000000000,100386,203,100160,203,100424,200,100125,200,100443,200,100120,200,100455,100,100017,100,100587,100,99908,100,100596,100,99895,100,100648,100,99869,100,100736,100,99805,100,100835,100,99733,100,100968,100,99710,100
2019-06-28 09:48:09.789692775,100381,100,100160,203,100386,203,100125,200,100424,200,100120,200,100443,200,100017,100,100455,100,99908,100,100587,100,99895,100,100596,100,99869,100,100648,100,99805,100,100736,100,99733,100,100835,100,99710,100
2019-06-28 09:48:10.000000000,100381,402,100160,402,100386,100,100125,100,100424,100,100120,100,100443,100,100017,100,100455,100,99908,100,100587,100,99895,100,100596,100,99869,100,100648,100,99805,100,100736,100,99733,100,100835,100,99710,100
2019-06-28 09:48:20.000000000,100381,203,100160,203,100386,200,100125,200,100424,200,100120,200,100443,100,100017,100,100455,100,99908,100,100587,100,99895,100,100596,100,99869,100,100648,100,99805,100,100736,100,99733,100,100835,100,99710,100
2019-06-28 09:48:30.000000000,100381,176,100160,176,100386,176,100125,176,100424,176,100120,176,100443,176,100017,176,100455,100,99908,100,100587,100,99895,100,100596,100,99869,100,100648,100,99805,100,100736,100,99733,100,100835,100,99710,100
2019-06-28 09:48:34.915333757,100381,76,100160,176,100386,176,100125,176,100424,176,100120,176,100443,176,100017,176,100455,100,99908,100,100587,100,99895,100,100596,100,99869,100,100648,100,99805,100,100736,100,99733,100,100835,100,99533,100
2019-06-28 09:48:40.000000000,100386,160,100160,160,100424,160,100125,160,100443,160,100120,160,100455,160,100017,160,100587,160,99908,160,100596,100,99895,100,100648,100,99869,100,100736,100,99805,100,100835,100,99733,100,100968,100,99533,100
2019-06-28 09:48:45.704378973,100386,160,100381,100,100424,160,100160,160,100443,160,100125,160,100455,160,100120,160,100587,160,100017,160,100596,100,99908,160,100648,100,99895,100,100736,100,99869,100,100968,100,99805,100,101308,100,99733,100
2019-06-28 09:48:47.287314557,100386,160,100160,160,100424,160,100125,160,100443,160,100120,160,100455,160,100017,160,100587,160,99908,160,100596,100,99895,100,100648,100,99869,100,100736,100,99805,100,100968,100,99733,100,101308,100,99533,100
2019-06-28 09:48:50.000000000,100386,176,100160,176,100424,176,100125,176,100443,176,100120,176,100455,176,100017,176,100587,100,99908,100,100596,100,99895,100,100648,100,99869,100,100736,100,99805,100,100968,100,99733,100,101308,100,99533,100
2019-06-28 09:48:55.743267319,100386,176,100160,76,100424,176,100125,176,100443,176,100120,176,100455,176,100017,176,100587,100,99908,100,100596,100,99895,100,100648,100,99869,100,100736,100,99805,100,100968,100,99733,100,101308,100,99533,100
2019-06-28 09:48:56.607316295,100381,100,100160,76,100386,176,100125,176,100424,176,100120,176,100443,176,100017,176,100455,176,99908,100,100587,100,99895,100,100596,100,99869,100,100648,100,99805,100,100736,100,99733,100,100968,100,99533,100
2019-06-28 09:49:00.000000000,100381,203,100125,203,100386,200,100120,200,100424,200,100017,200,100443,100,99908,100,100455,100,99895,100,100587,100,99869,100,100596,100,99805,100,100648,100,99733,100,100736,100,99533,100,100968,100,99530,100
2019-06-28 09:49:00.351255370,100381,203,100161,100,100386,200,100125,203,100424,200,100120,200,100443,100,100017,200,100455,100,99908,100,100587,100,99895,100,100596,100,99869,100,100648,100,99805,100,100736,100,99733,100,100968,100,99533,100
2019-06-28 09:49:10.000000000,100381,176,100161,176,100386,176,100125,176,100424,176,100120,176,100443,176,100017,176,100455,100,99908,100,100587,100,99895,100,100596,100,99869,100,100648,100,99805,100,100736,100,99733,100,100968,100,99533,100
2019-06-28 09:49:20.000000000,100381,160,100161,160,100386,160,100125,160,100424,160,100120,160,100443,160,100017,160,100455,160,99908,160,100587,100,99895,100,100596,100,99869,100,100648,100,99805,100,100736,100,99733,100,100968,100,99533,100
2019-06-28 09:49:30.000000000,100381,176,100161,176,100386,176,100125,176,100424,176,100120,176,100443,176,100017,176,100455,100,99908,100,100587,100,99895,100,100596,100,99869,100,100648,100,99805,100,100736,100,99733,100,100968,100,99533,100
2019-06-28 09:49:35.389438263,100351,100,100161,176,100381,176,100125,176,100386,176,100120,176,100424,176,100017,176,100443,176,99908,100,100455,100,99895,100,100587,100,99869,100,100596,100,99805,100,100648,100,99733,100,100736,100,99533,100
2019-06-28 09:49:36.976119336,100381,176,100161,176,100386,176,100125,176,100424,176,100120,176,100443,176,100017,176,100455,100,99908,100,100587,100,99895,100,100596,100,99869,100,100648,100,99805,100,100736,100,99733,100,100968,100,99533,100
2019-06-28 09:49:40.000000000,100381,251,100161,251,100386,251,100125,251,100424,100,100120,100,100443,100,100017,100,100455,100,99908,100,100587,100,99895,100,100596,100,99869,100,100648,100,99805,100,100736,100,99733,100,100968,100,99533,100
2019-06-28 09:49:50.000000000,100381,203,100161,203,100386,200,100125,200,100424,200,100120,200,100443,100,100017,100,100455,100,99908,100,100587,100,99895,100,100596,100,99869,100,100648,100,99805,100,100736,100,99733,100,100968,100,99533,100
2019-06-28 09:50:00.000000000,100381,203,100161,203,100386,200,100125,200,100424,200,100120,200,100443,100,100017,100,100455,100,99908,100,100587,100,99895,100,100596,100,99869,100,100648,100,99805,100,100736,100,99733,100,100968,100,99533,100
2019-06-28 09:50:10.000000000,100381,203,100161,203,100386,200,100125,200,100424,200,100120,200,100443,100,100017,100,100455,100,99908,100,100587,100,99895,100,100596,100,99869,100,100648,100,99805,100,100736,100,99733,100,100968,100,99533,100
2019-06-28 09:50:20.000000000,100381,402,100161,402,100386,100,100125,100,100424,100,100120,100,100443,100,100017,100,100455,100,99908,100,100587,100,99895,100,100596,100,99869,100,100648,100,99805,100,100736,100,99733,100,100968,100,99533,100
2019-06-28 09:50:21.964412088,100168,100,100161,402,100381,402,100125,100,100386,100,100120,100,100424,100,100017,100,100455,100,99908,100,100587,100,99895,100,100596,100,99869,100,100648,100,99805,100,100736,100,99733,100,100968,100,99533,100
2019-06-28 09:50:30.000000000,100168,251,100161,251,100381,251,100125,251,100386,100,100120,100,100424,100,100017,100,100455,100,99908,100,100587,100,99895,100,100596,100,99869,100,100648,100,99805,100,100736,100,99733,100,100968,100,99533,100
2019-06-28 09:50:40.000000000,100168,160,100161,160,100381,160,100125,160,100386,160,100120,160,100424,160,100017,160,100455,160,99908,160,100587,100,99895,100,100596,100,99869,100,100648,100,99805,100,100736,100,99733,100,100968,100,99533,100
2019-06-28 09:50:43.221264374,100168,160,100161,60,100381,160,100125,160,100386,160,100120,160,100424,160,100017,160,100455,160,99908,160,100587,100,99895,100,100596,100,99869,100,100648,100,99805,100,100736,100,99733,100,100968,100,99533,100
2019-06-28 09:50:50.000000000,100168,176,100125,176,100381,176,100120,176,100386,176,100017,176,100424,176,99908,176,100455,100,99895,100,100587,100,99869,100,100596,100,99805,100,100648,100,99733,100,100736,100,99533,100,100968,100,99530,100
2019-06-28 09:50:51.009498528,100167,100,100125,176,100168,176,100120,176,100381,176,100017,176,100386,176,99908,176,100424,176,99895,100,100455,100,99869,100,100587,100,99805,100,100596,100,99733,100,100648,100,99533,100,100736,100,99530,100
2019-06-28 09:50:53.982460956,100167,100,100125,76,100168,176,100120,176,100381,176,100017,176,100386,176,99908,176,100424,176,99895,100,100455,100,99869,100,100587,100,99805,100,100596,100,99733,100,100648,100,99533,100,100736,100,99530,100
2019-06-28 09:51:00.000000000,100167,402,100120,402,100168,100,100017,100,100381,100,99908,100,100386,100,99895,100,100424,100,99869,100,100455,100,99805,100,100587,100,99733,100,100596,100,99533,100,100648,100,99530,100,100736,100,99361,100
2019-06-28 09:51:08.890887269,100161,100,100120,402,100167,402,100017,100,100168,100,99908,100,100381,100,99895,100,100386,100,99869,100,100424,100,99805,100,100455,100,99733,100,100587,100,99533,100,100596,100,99530,100,100648,100,99361,100
2019-06-28 09:51:10.000000000,100161,402,100120,402,100167,100,100017,100,100168,100,99908,100,100381,100,99895,100,100386,100,99869,100,100424,100,99805,100,100455,100,99733,100,100587,100,99533,100,100596,100,99530,100,100648,100,99361,100
2019-06-28 09:51:15.076740838,100161,302,100120,402,100167,100,100017,100,100168,100,99908,100,100381,100,99895,100,100386,100,99869,100,100424,100,99805,100,100455,100,99733,100,100587,100,99533,100,100596,100,99530,100,100648,100,99361,100
2019-06-28 09:51:20.000000000,100167,402,100120,402,100168,100,100017,100,100381,100,99908,100,100386,100,99895,100,100424,100,99869,100,100455,100,99805,100,100587,100,99733,100,100596,100,99533,100,100648,100,99530,100,100736,100,99361,100
2019-06-28 09:51:25.914202585,100161,100,100120,402,100167,402,100017,100,100168,100,99895,100,100381,100,99869,100,100386,100,99805,100,100424,100,99733,100,100455,100,99533,100,100587,100,99530,100,100596,100,99361,100,100648,100,,
2019-06-28 09:51:30.000000000,100161,176,100120,176,100167,176,100017,176,100168,176,99895,176,100381,176,99869,176,100386,100,99805,100,100424,100,99733,100,100455,100,99533,100,100587,100,99530,100,100596,100,99361,100,100648,100,,
2019-06-28 09:51:40.000000000,100161,176,100120,176,100167,176,100017,176,100168,176,99895,176,100381,176,99869,176,100386,100,99805,100,100424,100,99733,100,100455,100,99533,100,100587,100,99530,100,100596,100,99361,100,100648,100,,
2019-06-28 09:51:50.000000000,100161,402,100120,402,100167,100,100017,100,100168,100,99895,100,100381,100,99869,100,100386,100,99805,100,100424,100,99733,100,100455,100,99533,100,100587,100,99530,100,100596,100,99361,100,100648,100,,
2019-06-28 09:51:55.565607174,100161,402,100120,302,100167,100,100017,100,100168,100,99895,100,100381,100,99869,100,100386,100,99805,100,100424,100,99733,100,100455,100,99533,100,100587,100,99530,100,100596,100,99361,100,100648,100,,
2019-06-28 09:52:00.000000000,100161,203,100017,203,100167,200,99895,200,100168,200,99869,200,100381,100,99805,100,100386,100,99733,100,100424,100,99533,100,100455,100,99530,100,100587,100,99361,100,100596,100,,,100648,100,,
2019-06-28 09:52:03.872375126,100125,100,100017,203,100161,203,99895,200,100167,200,99869,200,100168,200,99805,100,100381,100,99733,100,100386,100,99533,100,100424,100,99530,100,100455,100,99361,100,100587,100,,,100596,100,,
2019-06-28 09:52:10.000000000,100125,176,100017,176,100161,176,99895,176,100167,176,99869,176,100168,176,99805,176,100381,100,99733,100,100386,100,99533,100,100424,100,99530,100,100455,100,99361,100,100587,100,,,100596,100,,
2019-06-28 09:52:11.590465030,100125,176,100017,176,100161,176,99895,176,100167,176,99869,176,100168,176,99805,176,100248,100,99733,100,100381,100,99533,100,100386,100,99530,100,100424,100,99361,100,100455,100,,,100587,100,,
2019-06-28 09:52:20.000000000,100125,203,100017,203,100161,200,99895,200,100167,200,99869,200,100168,100,99805,100,100248,100,99733,100,100381,100,99533,100,100386,100,99530,100,100424,100,99361,100,100455,100,,,100587,100,,
2019-06-28 09:52:30.000000000,100125,402,100017,402,100161,100,99895,100,100167,100,99869,100,100168,100,99805,100,100248,100,99733,100,100381,100,99533,100,100386,100,99530,100,100424,100,99361,100,100455,100,,,100587,100,,
2019-06-28 09:52:40.000000000,100125,176,100017,176,100161,176,99895,176,100167,176,99869,176,100168,176,99805,176,100248,100,99733,100,100381,100,99533,100,100386,100,99530,100,100424,100,99361,100,100455,100,,,100587,100,,
2019-06-28 09:52:50.000000000,100125,402,100017,402,100161,100,99895,100,100167,100,99869,100,100168,100,99805,100,100248,100,99733,100,100381,100,99533,100,100386,100,99530,100,100424,100,99361,100,100455,100,,,100587,100,,
2019-06-28 09:53:00.000000000,100125,203,100017,203,100161,200,99895,200,100167,200,99869,200,100168,100,99805,100,100248,100,99733,100,100381,100,99533,100,100386,100,99530,100,100424,100,99361,100,100455,100,,,100587,100,,
2019-06-28 09:53:04.661974203,100125,203,100017,103,100161,200,99895,200,100167,200,99869,200,100168,100,99805,100,100248,100,99733,100,100381,100,99533,100,100386,100,99530,100,100424,100,99361,100,100587,100,,,100596,100,,
2019-06-28 09:53:10.000000000,100125,203,99895,203,100161,200,99869,200,100167,200,99805,200,100168,100,99733,100,100248,100,99533,100,100381,100,99530,100,100386,100,99361,100,100424,100,,,100587,100,,,100596,100,,
2019-06-28 09:53:20.000000000,100125,160,99895,160,100161,160,99869,160,100167,160,99805,160,100168,160,99733,160,100248,160,99533,160,100381,100,99530,100,100386,100,99361,100,100424,100,,,100587,100,,,100596,100,,
2019-06-28 09:53:30.000000000,100125,251,99895,251,100161,251,99869,251,100167,100,99805,100,100168,100,99733,100,100248,100,99533,100,100381,100,99530,100,100386,100,99361,100,100424,100,,,100587,100,,,100596,100,,
2019-06-28 09:53:33.079662901,100125,251,99895,151,100161,251,99869,251,100167,100,99805,100,100248,100,99733,100,100381,100,99533,100,100386,100,99530,100,100424,100,99361,100,100587,100,,,100596,100,,,100648,100,,
2019-06-28 09:53:40.000000000,100125,160,99869,160,100161,160,99805,160,100167,160,99733,160,100248,160,99533,160,100381,160,99530,160,100386,100,99361,100,100424,100,,,100587,100,,,100596,100,,,100648,100,,
2019-06-28 09:53:40.703791280,100017,100,99869,160,100125,160,99805,160,100161,160,99733,160,100167,160,99533,160,100248,160,99530,160,100381,160,99361,100,100386,100,,,100424,100,,,100587,100,,,100596,100,,
2019-06-28 09:53:50.000000000,100017,176,99869,176,100125,176,99805,176,100161,176,99733,176,100167,176,99533,176,100248,100,99530,100,100381,100,99361,100,100386,100,,,100424,100,,,100587,100,,,100596,100,,
2019-06-28 09:54:00.000000000,100017,176,99869,176,100125,176,99805,176,100161,176,99733,176,100167,176,99533,176,100248,100,99530,100,100381,100,99361,100,100386,100,,,100424,100,,,100587,100,,,100596,100,,
2019-06-28 09:54:08.352176848,100017,176,99869,176,100125,176,99805,176,100161,176,99733,176,100167,76,99533,176,100248,100,99530,100,100381,100,99361,100,100386,100,,,100424,100,,,100587,100,,,100596,100,,
2019-06-28 09:54:10.000000000,100017,203,99869,203,100125,200,99805,200,100161,200,99733,200,100248,100,99533,100,100381,100,99530,100,100386,100,99361,100,100424,100,,,100587,100,,,100596,100,,,100648,100,,
2019-06-28 09:54:10.637921205,100017,303,99869,203,100125,200,99805,200,100161,200,99733,200,100248,100,99533,100,100381,100,99530,100,100386,100,99361,100,100424,100,,,100587,100,,,100596,100,,,100648,100,,
2019-06-28 09:54:15.791202796,100017,303,99869,103,100125,200,99805,200,100161,200,99733,200,100248,100,99533,100,100381,100,99530,100,100386,100,99361,100,100424,100,,,100587,100,,,100596,100,,,100648,100,,
2019-06-28 09:54:20.000000000,100017,351,99805,251,100125,251,99733,251,100161,100,99533,100,100248,100,99530,100,100381,100,99361,100,100386,100,,,100424,100,,,100587,100,,,100596,100,,,100648,100,,
2019-06-28 09:54:30.000000000,100017,276,99805,176,100125,176,99733,176,100161,176,99533,176,100248,176,99530,176,100381,100,99361,100,100386,100,,,100424,100,,,100587,100,,,100596,100,,,100648,100,,
2019-06-28 09:54:40.000000000,100017,351,99805,251,100125,251,99733,251,100161,100,99533,100,100248,100,99530,100,100381,100,99361,100,100386,100,,,100424,100,,,100587,100,,,100596,100,,,100648,100,,
2019-06-28 09:54:50.000000000,100017,260,99805,160,100125,160,99733,160,100161,160,99533,160,100248,160,99530,160,100381,160,99361,160,100386,100,,,100424,100,,,100587,100,,,100596,100,,,100648,100,,
2019-06-28 09:54:59.837605406,100017,260,99805,160,100125,160,99733,160,100161,160,99533,160,100248,160,99530,160,100381,160,99361,160,100386,100,98177,100,100424,100,,,100587,100,,,100596,100,,,100648,100,,
2019-06-28 09:55:00.000000000,100017,276,99805,176,100125,176,99733,176,100161,176,99533,176,100248,176,99530,176,100381,100,99361,100,100386,100,98177,100,100424,100,,,100587,100,,,100596,100,,,100648,100,,
2019-06-28 09:55:10.000000000,100017,260,99805,160,100125,160,99733,160,100161,160,99533,160,100248,160,99530,160,100381,160,99361,160,100386,100,98177,100,100424,100,,,100587,100,,,100596,100,,,100648,100,,
2019-06-28 09:55:20.000000000,100017,276,99805,176,100125,176,99733,176,100161,176,99533,176,100248,176,99530,176,100381,100,99361,100,100386,100,98177,100,100424,100,,,100587,100,,,100596,100,,,100648,100,,
2019-06-28 09:55:23.593955457,100017,276,99805,76,100125,176,99733,176,100161,176,99533,176,100248,176,99530,176,100381,100,99361,100,100386,100,98177,100,100424,100,,,100587,100,,,100596,100,,,100648,100,,
2019-06-28 09:55:30.000000000,100017,260,99733,160,100125,160,99533,160,100161,160,99530,160,100248,160,99361,160,100381,160,98177,160,100386,100,,,100424,100,,,100587,100,,,100596,100,,,100648,100,,
2019-06-28 09:55:40.000000000,100017,351,99733,251,100125,251,99533,251,100161,100,99530,100,100248,100,99361,100,100381,100,98177,100,100386,100,,,100424,100,,,100587,100,,,100596,100,,,100648,100,,
2019-06-28 09:55:50.000000000,100017,303,99733,203,100125,200,99533,200,100161,200,99530,200,100248,100,99361,100,100381,100,98177,100,100386,100,,,100424,100,,,100587,100,,,100596,100,,,100648,100,,
2019-06-28 09:56:00.000000000,100017,276,99733,176,100125,176,99533,176,100161,176,99530,176,100248,176,99361,176,100381,100,98177,100,100386,100,,,100424,100,,,100587,100,,,100596,100,,,100648,100,,
2019-06-28 09:56:03.966408172,100017,276,99733,176,100125,176,99533,176,100161,176,99530,176,100248,176,99361,176,100381,100,98342,100,100386,100,98177,100,100424,100,,,100587,100,,,100596,100,,,100648,100,,
2019-06-28 09:56:10.000000000,100017,260,99733,160,100125,160,99533,160,100161,160,99530,160,100248,160,99361,160,100381,160,98342,160,100386,100,98177,100,100424,100,,,100587,100,,,100596,100,,,100648,100,,
2019-06-28 09:56:20.000000000,100017,276,99733,176,100125,176,99533,176,100161,176,99530,176,100248,176,99361,176,100381,100,98342,100,100386,100,98177,100,100424,100,,,100587,100,,,100596,100,,,100648,100,,
2019-06-28 09:56:30.000000000,100017,276,99733,176,100125,176,99533,176,100161,176,99530,176,100248,176,99361,176,100381,100,98342,100,100386,100,98177,100,100424,100,,,100587,100,,,100596,100,,,100648,100,,
2019-06-28 09:56:30.844469530,100017,276,99733,176,100125,176,99533,176,100161,176,99530,176,100248,176,99361,176,100381,100,98342,100,100386,100,98177,100,100424,100,97872,100,100587,100,,,100596,100,,,100648,100,,
2019-06-28 09:56:40.000000000,100017,502,99733,402,100125,100,99533,100,100161,100,99530,100,100248,100,99361,100,100381,100,98342,100,100386,100,98177,100,100424,100,97872,100,100587,100,,,100596,100,,,100648,100,,
2019-06-28 09:56:50.000000000,100017,351,99733,251,100125,251,99533,251,100161,100,99530,100,100248,100,99361,100,100381,100,98342,100,100386,100,98177,100,100424,100,97872,100,100587,100,,,100596,100,,,100648,100,,
2019-06-28 09:57:00.000000000,100017,276,99733,176,100125,176,99533,176,100161,176,99530,176,100248,176,99361,176,100381,100,98342,100,100386,100,98177,100,100424,100,97872,100,100587,100,,,100596,100,,,100648,100,,
2019-06-28 09:57:10.000000000,100017,502,99733,402,100125,100,99533,100,100161,100,99530,100,100248,100,99361,100,100381,100,98342,100,100386,100,98177,100,100424,100,97872,100,100587,100,,,100596,100,,,100648,100,,
2019-06-28 09:57:20.000000000,100017,276,99733,176,100125,176,99533,176,100161,176,99530,176,100248,176,99361,176,100381,100,98342,100,100386,100,98177,100,100424,100,97872,100,100587,100,,,100596,100,,,100648,100,,
2019-06-28 09:57:23.457168973,100017,276,99733,76,100125,176,99533,176,100161,176,99530,176,100248,176,99361,176,100381,100,98342,100,100386,100,98177,100,100424,100,97872,100,100587,100,,,100596,100,,,100648,100,,
2019-06-28 09:57:30.000000000,100017,303,99533,203,100125,200,99530,200,100161,200,99361,200,100248,100,98342,100,100381,100,98177,100,100386,100,97872,100,100424,100,,,100587,100,,,100596,100,,,100648,100,,
2019-06-28 09:57:37.918253329,100017,303,99533,203,100125,200,99530,200,100161,200,99361,200,100248,100,98342,100,100381,100,98177,100,100386,100,97919,100,100424,100,97872,100,100587,100,,,100596,100,,,100648,100,,
2019-06-28 09:57:40.000000000,100017,276,99533,176,100125,176,99530,176,100161,176,99361,176,100248,176,98342,176,100381,100,98177,100,100386,100,97919,100,100424,100,97872,100,100587,100,,,100596,100,,,100648,100,,
2019-06-28 09:57:50.000000000,100017,303,99533,203,100125,200,99530,200,100161,200,99361,200,100248,100,98342,100,100381,100,98177,100,100386,100,97919,100,100424,100,97872,100,100587,100,,,100596,100,,,100648,100,,
2019-06-28 09:57:56.305260650,100017,303,99533,103,100125,200,99530,200,100161,200,99361,200,100248,100,98342,100,100381,100,98177,100,100386,100,97919,100,100424,100,97872,100,100587,100,,,100596,100,,,100648,100,,
2019-06-28 09:58:00.000000000,100017,502,99530,402,100125,100,99361,100,100161,100,98342,100,100248,100,98177,100,100381,100,97919,100,100386,100,97872,100,100424,100,,,100587,100,,,100596,100,,,100648,100,,
2019-06-28 09:58:06.525529410,99733,100,99530,402,100017,502,99361,100,100125,100,98342,100,100161,100,98177,100,100248,100,97919,100,100381,100,97872,100,100386,100,,,100424,100,,,100587,100,,,100596,100,,
2019-06-28 09:58:10.000000000,99733,402,99530,402,100017,200,99361,100,100125,100,98342,100,100161,100,98177,100,100248,100,97919,100,100381,100,97872,100,100386,100,,,100424,100,,,100587,100,,,100596,100,,
2019-06-28 09:58:12.365983254,99733,502,99530,402,100017,200,99361,100,100125,100,98342,100,100161,100,98177,100,100248,100,97919,100,100381,100,97872,100,100386,100,,,100424,100,,,100587,100,,,100596,100,,
2019-06-28 09:58:20.000000000,99733,276,99530,176,100017,276,99361,176,100125,176,98342,176,100161,176,98177,176,100248,100,97919,100,100381,100,97872,100,100386,100,,,100424,100,,,100587,100,,,100596,100,,
2019-06-28 09:58:30.000000000,99733,502,99530,402,100017,200,99361,100,100125,100,98342,100,100161,100,98177,100,100248,100,97919,100,100381,100,97872,100,100386,100,,,100424,100,,,100587,100,,,100596,100,,
2019-06-28 09:58:40.000000000,99733,303,99530,203,100017,300,99361,200,100125,200,98342,200,100161,100,98177,100,100248,100,97919,100,100381,100,97872,100,100386,100,,,100424,100,,,100587,100,,,100596,100,,
2019-06-28 09:58:40.868251788,99733,303,99530,203,100017,300,99361,200,100125,200,98342,200,100161,100,98177,100,100248,100,97919,100,100381,100,97872,100,100424,100,97592,100,100587,100,,,100596,100,,,100648,100,,
2019-06-28 09:58:50.000000000,99733,276,99530,176,100017,276,99361,176,100125,176,98342,176,100161,176,98177,176,100248,100,97919,100,100381,100,97872,100,100424,100,97592,100,100587,100,,,100596,100,,,100648,100,,
2019-06-28 09:58:55.750083971,99733,276,99530,176,100017,276,99361,176,100125,176,98342,176,100161,176,98177,176,100248,100,97919,100,100381,100,97872,100,100424,100,97797,100,100587,100,97592,100,100596,100,,,100648,100,,
2019-06-28 09:59:00.000000000,99733,303,99530,203,100017,300,99361,200,100125,200,98342,200,100161,100,98177,100,100248,100,97919,100,100381,100,97872,100,100424,100,97797,100,100587,100,97592,100,100596,100,,,100648,100,,
2019-06-28 09:59:00.793453271,99733,403,99530,203,100017,200,99361,200,100125,200,98342,200,100161,100,98177,100,100248,100,97919,100,100381,100,97872,100,100424,100,97797,100,100587,100,97592,100,100596,100,,,100648,100,,
2019-06-28 09:59:08.480190141,99733,403,99530,203,100017,200,99361,200,100125,100,98342,200,100161,100,98177,100,100248,100,97919,100,100381,100,97872,100,100424,100,97797,100,100587,100,97592,100,100596,100,,,100648,100,,
2019-06-28 09:59:10.000000000,99733,376,99530,176,100017,176,99361,176,100161,176,98342,176,100248,176,98177,176,100381,100,97919,100,100424,100,97872,100,100587,100,97797,100,100596,100,97592,100,100648,100,,,100736,100,,
2019-06-28 09:59:16.471101082,99733,376,99530,176,100017,176,99361,176,100161,176,98342,176,100248,176,98177,176,100381,100,97919,100,100424,100,97900,100,100587,100,97872,100,100596,100,97797,100,100648,100,97592,100,100736,100,,
2019-06-28 09:59:20.000000000,99733,376,99530,176,100017,176,99361,176,100161,176,98342,176,100248,176,98177,176,100381,100,97919,100,100424,100,97900,100,100587,100,97872,100,100596,100,97797,100,100648,100,97592,100,100736,100,,
2019-06-28 09:59:27.836378386,99733,376,99530,176,100017,176,99361,176,100161,176,98342,176,100248,176,98177,176,100381,100,97919,100,100587,100,97900,100,100596,100,97872,100,100648,100,97797,100,100736,100,97751,100,,,97592,100
2019-06-28 09:59:30.000000000,99733,376,99530,176,100017,176,99361,176,100161,176,98342,176,100248,176,98177,176,100381,100,97919,100,100587,100,97900,100,100596,100,97872,100,100648,100,97797,100,100736,100,97751,100,,,97592,100
2019-06-28 09:59:40.000000000,99733,602,99530,402,100017,100,99361,100,100161,100,98342,100,100248,100,98177,100,100381,100,97919,100,100587,100,97900,100,100596,100,97872,100,100648,100,97797,100,100736,100,97751,100,,,97592,100
2019-06-28 09:59:50.000000000,99733,376,99530,176,100017,176,99361,176,100161,176,98342,176,100248,176,98177,176,100381,100,97919,100,100587,100,97900,100,100596,100,97872,100,100648,100,97797,100,100736,100,97751,100,,,97592,100
2019-06-28 09:59:56.505691936,99733,376,99530,176,100017,176,99361,176,100161,176,98342,176,100248,176,98177,176,100381,100,98156,100,100587,100,97919,100,100596,100,97900,100,100648,100,97872,100,100736,100,97797,100,,,97751,100
2019-06-28 10:00:00.000000000,99733,602,99530,402,100017,100,99361,100,100161,100,98342,100,100248,100,98177,100,100381,100,98156,100,100587,100,97919,100,100596,100,97900,100,100648,100,97872,100,100736,100,97797,100,,,97751,100
2019-06-28 10:00:05.544458875,99733,602,99530,302,100017,100,99361,100,100161,100,98342,100,100248,100,98177,100,100381,100,98156,100,100587,100,97919,100,100596,100,97900,100,100648,100,97872,100,100736,100,97797,100,,,97751,100
2019-06-28 10:00:10.000000000,99733,403,99361,203,100017,200,98342,200,100161,200,98177,200,100248,100,98156,100,100381,100,97919,100,100587,100,97900,100,100596,100,97872,100,100648,100,97797,100,100736,100,97751,100,,,97592,100
2019-06-28 10:00:11.273535946,99733,403,99361,203,100017,200,98342,200,100161,200,98254,100,100248,100,98177,200,100381,100,98156,100,100587,100,97919,100,100596,100,97900,100,100648,100,97872,100,100736,100,97797,100,,,97751,100
2019-06-28 10:00:19.533894895,99733,403,99361,103,100017,200,98342,100,100161,200,98254,100,100248,100,98177,200,100381,100,98156,100,100587,100,97919,100,100596,100,97900,100,100648,100,97872,100,100736,100,97797,100,,,97751,100
2019-06-28 10:00:19.568051228,99733,403,99361,103,100017,200,98498,100,100161,200,98342,100,100248,100,98254,100,100381,100,98177,200,100587,100,98156,100,100596,100,97919,100,100648,100,97900,100,100736,100,97872,100,,,97797,100
2019-06-28 10:00:20.000000000,99733,360,98498,160,100017,160,98254,160,100161,160,98177,160,100248,160,98156,160,100381,160,97919,160,100587,100,97900,100,100596,100,97872,100,100648,100,97797,100,100736,100,97751,100,,,97592,100
2019-06-28 10:00:23.053261864,99530,100,98498,160,99733,360,98254,160,100017,160,98177,160,100161,60,98156,160,100248,160,97919,160,100381,160,97900,100,100587,100,97872,100,100596,100,97797,100,100648,100,97751,100,100736,100,97592,100
2019-06-28 10:00:30.000000000,99530,203,98498,203,99733,400,98254,200,100017,200,98177,200,100248,100,98156,100,100381,100,97919,100,100587,100,97900,100,100596,100,97872,100,100648,100,97797,100,100736,100,97751,100,,,97592,100
2019-06-28 10:00:40.000000000,99530,160,98498,160,99733,360,98254,160,100017,160,98177,160,100248,160,98156,160,100381,160,97919,160,100587,100,97900,100,100596,100,97872,100,100648,100,97797,100,100736,100,97751,100,,,97592,100
2019-06-28 10:00:50.000000000,99530,203,98498,203,99733,400,98254,200,100017,200,98177,200,100248,100,98156,100,100381,100,97919,100,100587,100,97900,100,100596,100,97872,100,100648,100,97797,100,100736,100,97751,100,,,97592,100
2019-06-28 10:00:52.677891959,99530,303,98498,203,99733,400,98254,200,100017,200,98177,200,100248,100,98156,100,100381,100,97919,100,100587,100,97900,100,100596,100,97872,100,100648,100,97797,100,100736,100,97751,100,,,97592,100
2019-06-28 10:00:53.954509397,99530,303,98498,203,99733,400,98459,100,100017,200,98254,200,100248,100,98177,200,100381,100,98156,100,100587,100,97919,100,100596,100,97900,100,100648,100,97872,100,100736,100,97751,100,,,97592,100
2019-06-28 10:00:56.092551578,99530,303,98573,100,99733,400,98498,203,100017,200,98459,100,100248,100,98254,200,100381,100,98177,200,100587,100,98156,100,100596,100,97919,100,100648,100,97900,100,100736,100,97872,100,,,97751,100
2019-06-28 10:01:00.000000000,99530,276,98573,176,99733,376,98498,176,100017,176,98459,176,100248,176,98254,176,100381,100,98177,100,100587,100,98156,100,100596,100,97919,100,100648,100,97900,100,100736,100,97872,100,,,97751,100
2019-06-28 10:01:10.000000000,99530,351,98573,251,99733,451,98498,251,100017,100,98459,100,100248,100,98254,100,100381,100,98177,100,100587,100,98156,100,100596,100,97919,100,100648,100,97900,100,100736,100,97872,100,,,97751,100
2019-06-28 10:01:20.000000000,99530,351,98573,251,99733,451,98498,251,100017,100,98459,100,100248,100,98254,100,100381,100,98177,100,100587,100,98156,100,100596,100,97919,100,100648,100,97900,100,100736,100,97872,100,,,97751,100
2019-06-28 10:01:27.411015706,99371,100,98573,251,99530,351,98498,251,99733,451,98459,100,100017,100,98254,100,100248,100,98177,100,100381,100,98156,100,100587,100,97919,100,100596,100,97900,100,100648,100,97872,100,100736,100,97751,100
2019-06-28 10:01:30.000000000,99371,251,98573,251,99530,351,98498,251,99733,300,98459,100,100017,100,98254,100,100248,100,98177,100,100381,100,98156,100,100587,100,97919,100,100596,100,97900,100,100648,100,97872,100,100736,100,97751,100
2019-06-28 10:01:39.326100785,99371,251,98573,251,99441,100,98498,251,99530,351,98459,100,99733,300,98254,100,100017,100,98177,100,100248,100,98156,100,100381,100,97919,100,100587,100,97900,100,100596,100,97872,100,100648,100,97751,100
2019-06-28 10:01:40.000000000,99371,176,98573,176,99441,176,98498,176,99530,276,98459,176,99733,376,98254,176,100017,100,98177,100,100248,100,98156,100,100381,100,97919,100,100587,100,97900,100,100596,100,97872,100,100648,100,97751,100
2019-06-28 10:01:46.254302255,99371,176,98573,176,99441,176,98498,176,99530,276,98459,176,99733,276,98254,176,100017,100,98177,100,100248,100,98156,100,100381,100,97919,100,100587,100,97900,100,100596,100,97872,100,100648,100,97751,100
2019-06-28 10:01:50.000000000,99371,160,98573,160,99441,160,98498,160,99530,260,98459,160,99733,260,98254,160,100017,160,98177,160,100248,100,98156,100,100381,100,97919,100,100587,100,97900,100,100596,100,97872,100,100648,100,97751,100
2019-06-28 10:02:00.000000000,99371,251,98573,251,99441,251,98498,251,99530,200,98459,100,99733,200,98254,100,100017,100,98177,100,100248,100,98156,100,100381,100,97919,100,100587,100,97900,100,100596,100,97872,100,100648,100,97751,100
2019-06-28 10:02:01.458410245,99371,151,98573,251,99441,251,98498,251,99530,200,98459,100,99733,200,98254,100,100017,100,98177,100,100248,100,98156,100,100381,100,97919,100,100587,100,97900,100,100596,100,97872,100,100648,100,97751,100
2019-06-28 10:02:10.000000000,99441,203,98573,203,99530,300,98498,200,99733,300,98459,200,100017,100,98254,100,100248,100,98177,100,100381,100,98156,100,100587,100,97919,100,100596,100,97900,100,100648,100,97872,100,100736,100,97751,100
2019-06-28 10:02:20.000000000,99441,251,98573,251,99530,351,98498,251,99733,200,98459,100,100017,100,98254,100,100248,100,98177,100,100381,100,98156,100,100587,100,97919,100,100596,100,97900,100,100648,100,97872,100,100736,100,97751,100
2019-06-28 10:02:30.000000000,99441,402,98573,402,99530,200,98498,100,99733,200,98459,100,100017,100,98254,100,100248,100,98177,100,100381,100,98156,100,100587,100,97919,100,100596,100,97900,100,100648,100,97872,100,100736,100,97751,100
2019-06-28 10:02:31.656348230,99370,100,98573,402,99441,402,98498,100,99530,200,98459,100,99733,100,98254,100,100017,100,98177,100,100248,100,98156,100,100381,100,97919,100,100587,100,97900,100,100596,100,97872,100,100648,100,97751,100
2019-06-28 10:02:40.000000000,99370,203,98573,203,99441,200,98498,200,99530,300,98459,200,99733,100,98254,100,100017,100,98177,100,100248,100,98156,100,100381,100,97919,100,100587,100,97900,100,100596,100,97872,100,100648,100,97751,100
2019-06-28 10:02:50.000000000,99370,176,98573,176,99441,176,98498,176,99530,276,98459,176,99733,176,98254,176,100017,100,98177,100,100248,100,98156,100,100381,100,97919,100,100587,100,97900,100,100596,100,97872,100,100648,100,97751,100
2019-06-28 10:02:55.325442371,99370,176,98959,100,99441,176,98573,176,99530,276,98498,176,99733,176,98459,176,100017,100,98254,176,100248,100,98177,100,100381,100,98156,100,100596,100,97919,100,100648,100,97900,100,100736,100,97872,100
2019-06-28 10:03:00.000000000,99370,160,98959,160,99441,160,98573,160,99530,260,98498,160,99733,160,98459,160,100017,160,98254,160,100248,100,98177,100,100381,100,98156,100,100596,100,97919,100,100648,100,97900,100,100736,100,97872,100
2019-06-28 10:03:10.000000000,99370,251,98959,251,99441,251,98573,251,99530,200,98498,100,99733,100,98459,100,100017,100,98254,100,100248,100,98177,100,100381,100,98156,100,100596,100,97919,100,100648,100,97900,100,100736,100,97872,100
2019-06-28 10:03:20.000000000,99370,160,98959,160,99441,160,98573,160,99530,260,98498,160,99733,160,98459,160,100017,160,98254,160,100248,100,98177,100,100381,100,98156,100,100596,100,97919,100,100648,100,97900,100,100736,100,97872,100
2019-06-28 10:03:30.000000000,99370,176,98959,176,99441,176,98573,176,99530,276,98498,176,99733,176,98459,176,100017,100,98254,100,100248,100,98177,100,100381,100,98156,100,100596,100,97919,100,100648,100,97900,100,100736,100,97872,100
2019-06-28 10:03:40.000000000,99370,402,98959,402,99441,100,98573,100,99530,200,98498,100,99733,100,98459,100,100017,100,98254,100,100248,100,98177,100,100381,100,98156,100,100596,100,97919,100,100648,100,97900,100,100736,100,97872,100
2019-06-28 10:03:45.894400811,99370,402,98959,302,99441,100,98573,100,99530,200,98498,100,99733,100,98459,100,100017,100,98254,100,100248,100,98177,100,100381,100,98156,100,100596,100,97919,100,100648,100,97900,100,100736,100,97872,100
2019-06-28 10:03:46.468255066,99370,402,98959,302,99441,100,98573,100,99530,200,98498,100,99733,100,98459,100,100017,100,98410,100,100248,100,98254,100,100381,100,98177,100,100596,100,98156,100,100648,100,97919,100,100736,100,97900,100
2019-06-28 10:03:50.000000000,99370,251,98573,251,99441,251,98498,251,99530,200,98459,100,99733,100,98410,100,100017,100,98254,100,100248,100,98177,100,100381,100,98156,100,100596,100,97919,100,100648,100,97900,100,100736,100,97872,100
2019-06-28 10:03:52.484553929,99370,251,98573,251,99441,251,98498,251,99530,200,98459,100,99733,100,98410,100,100017,100,98288,100,100248,100,98254,100,100381,100,98177,100,100596,100,98156,100,100648,100,97919,100,100736,100,97900,100
2019-06-28 10:04:00.000000000,99370,402,98573,402,99441,100,98498,100,99530,200,98459,100,99733,100,98410,100,100017,100,98288,100,100248,100,98254,100,100381,100,98177,100,100596,100,98156,100,100648,100,97919,100,100736,100,97900,100
2019-06-28 10:04:10.000000000,99370,203,98573,203,99441,200,98498,200,99530,300,98459,200,99733,100,98410,100,100017,100,98288,100,100248,100,98254,100,100381,100,98177,100,100596,100,98156,100,100648,100,97919,100,100736,100,97900,100
2019-06-28 10:04:16.605339794,99370,203,98573,203,99441,200,98498,200,99530,300,98459,200,99733,100,98410,100,100248,100,98288,100,100381,100,98254,100,100596,100,98177,100,100648,100,98156,100,100736,100,97919,100,,,97900,100
2019-06-28 10:04:20.000000000,99370,160,98573,160,99441,160,98498,160,99530,260,98459,160,99733,160,98410,160,100248,160,98288,160,100381,100,98254,100,100596,100,98177,100,100648,100,98156,100,100736,100,97919,100,,,97900,100
2019-06-28 10:04:22.194595720,99370,160,98575,100,99441,160,98573,160,99530,260,98498,160,99733,160,98459,160,100248,160,98410,160,100381,100,98288,160,100596,100,98254,100,100648,100,98177,100,100736,100,98156,100,,,97919,100
2019-06-28 10:04:22.666317211,99370,160,98575,100,99441,160,98573,160,99530,260,98498,160,99733,160,98459,160,100248,160,98410,160,100381,100,98352,100,100596,100,98288,160,100648,100,98254,100,100736,100,98177,100,,,98156,100
2019-06-28 10:04:30.000000000,99370,176,98575,176,99441,176,98573,176,99530,276,98498,176,99733,176,98459,176,100248,100,98410,100,100381,100,98352,100,100596,100,98288,100,100648,100,98254,100,100736,100,98177,100,,,98156,100
2019-06-28 10:04:40.000000000,99370,203,98575,203,99441,200,98573,200,99530,300,98498,200,99733,100,98459,100,100248,100,98410,100,100381,100,98352,100,100596,100,98288,100,100648,100,98254,100,100736,100,98177,100,,,98156,100
2019-06-28 10:04:43.224520406,99370,203,98575,203,99441,200,98573,200,99530,200,98498,200,99733,100,98459,100,100248,100,98410,100,100381,100,98352,100,100596,100,98288,100,100648,100,98254,100,100736,100,98177,100,,,98156,100
2019-06-28 10:04:46.553235891,99370,203,98575,103,99441,200,98573,200,99530,200,98498,200,99733,100,98459,100,100248,100,98410,100,100381,100,98352,100,100596,100,98288,100,100648,100,98254,100,100736,100,98177,100,,,98156,100
2019-06-28 10:04:46.756460552,99370,203,98575,3,99441,200,98573,200,99530,200,98498,200,99733,100,98459,100,100248,100,98410,100,100381,100,98288,100,100596,100,98254,100,100648,100,98177,100,100736,100,98156,100,,,97919,100
2019-06-28 10:04:50.000000000,99370,251,98573,251,99441,251,98498,251,99530,100,98459,100,99733,100,98410,100,100248,100,98288,100,100381,100,98254,100,100596,100,98177,100,100648,100,98156,100,100736,100,97919,100,,,97900,100
2019-06-28 10:05:00.000000000,99370,160,98573,160,99441,160,98498,160,99530,160,98459,160,99733,160,98410,160,100248,160,98288,160,100381,100,98254,100,100596,100,98177,100,100648,100,98156,100,100736,100,97919,100,,,97900,100
2019-06-28 10:05:01.371407978,98575,100,98573,160,99370,160,98498,160,99441,160,98459,160,99530,160,98410,160,99733,160,98288,160,100248,160,98254,100,100381,100,98177,100,100596,100,98156,100,100648,100,97919,100,100736,100,97900,100
2019-06-28 10:05:10.000000000,98575,251,98573,251,99370,251,98498,251,99441,100,98459,100,99530,100,98410,100,99733,100,98288,100,100248,100,98254,100,100381,100,98177,100,100596,100,98156,100,100648,100,97919,100,100736,100,97900,100
2019-06-28 10:05:12.085399128,98575,251,98573,251,99370,251,98513,100,99441,100,98498,251,99530,100,98459,100,99733,100,98410,100,100248,100,98288,100,100381,100,98254,100,100596,100,98177,100,100648,100,98156,100,100736,100,97919,100
2019-06-28 10:05:20.000000000,98575,402,98573,402,99370,100,98513,100,99441,100,98498,100,99530,100,98459,100,99733,100,98410,100,100248,100,98288,100,100381,100,98254,100,100596,100,98177,100,100648,100,98156,100,100736,100,97919,100
2019-06-28 10:05:30.000000000,98575,251,98573,251,99370,251,98513,251,99441,100,98498,100,99530,100,98459,100,99733,100,98410,100,100248,100,98288,100,100381,100,98254,100,100596,100,98177,100,100648,100,98156,100,100736,100,97919,100
2019-06-28 10:05:40.000000000,98575,402,98573,402,99370,100,98513,100,99441,100,98498,100,99530,100,98459,100,99733,100,98410,100,100248,100,98288,100,100381,100,98254,100,100596,100,98177,100,100648,100,98156,100,100736,100,97919,100
2019-06-28 10:05:44.160877887,98575,402,98573,402,98922,100,98513,100,99370,100,98498,100,99441,100,98459,100,99530,100,98288,100,99733,100,98254,100,100248,100,98177,100,100381,100,98156,100,100596,100,97919,100,100648,100,97900,100
2019-06-28 10:05:50.000000000,98575,160,98573,160,98922,160,98513,160,99370,160,98498,160,99441,160,98459,160,99530,160,98288,160,99733,100,98254,100,100248,100,98177,100,100381,100,98156,100,100596,100,97919,100,100648,100,97900,100
2019-06-28 10:06:00.000000000,98575,402,98573,402,98922,100,98513,100,99370,100,98498,100,99441,100,98459,100,99530,100,98288,100,99733,100,98254,100,100248,100,98177,100,100381,100,98156,100,100596,100,97919,100,100648,100,97900,100
2019-06-28 10:06:04.551025002,98575,402,98573,402,98922,100,98513,100,98970,100,98498,100,99370,100,98459,100,99441,100,98288,100,99530,100,98254,100,99733,100,98177,100,100248,100,98156,100,100381,100,97919,100,100596,100,97900,100
2019-06-28 10:06:10.000000000,98575,402,98573,402,98922,100,98513,100,98970,100,98498,100,99370,100,98459,100,99441,100,98288,100,99530,100,98254,100,99733,100,98177,100,100248,100,98156,100,100381,100,97919,100,100596,100,97900,100
2019-06-28 10:06:12.981652902,98575,402,98573,402,98922,100,98513,100,98970,100,98498,100,99085,100,98288,100,99370,100,98254,100,99441,100,98177,100,99530,100,98156,100,99733,100,97919,100,100248,100,97900,100,100381,100,97872,100
2019-06-28 10:06:20.000000000,98575,176,98573,176,98922,176,98513,176,98970,176,98498,176,99085,176,98288,176,99370,100,98254,100,99441,100,98177,100,99530,100,98156,100,99733,100,97919,100,100248,100,97900,100,100381,100,97872,100
2019-06-28 10:06:30.000000000,98575,176,98573,176,98922,176,98513,176,98970,176,98498,176,99085,176,98288,176,99370,100,98254,100,99441,100,98177,100,99530,100,98156,100,99733,100,97919,100,100248,100,97900,100,100381,100,97872,100
2019-06-28 10:06:40.000000000,98575,160,98573,160,98922,160,98513,160,98970,160,98498,160,99085,160,98288,160,99370,160,98254,160,99441,100,98177,100,99530,100,98156,100,99733,100,97919,100,100248,100,97900,100,100381,100,97872,100
2019-06-28 10:06:50.000000000,98575,402,98573,402,98922,100,98513,100,98970,100,98498,100,99085,100,98288,100,99370,100,98254,100,99441,100,98177,100,99530,100,98156,100,99733,100,97919,100,100248,100,97900,100,100381,100,97872,100
2019-06-28 10:06:50.721807257,98575,302,98573,402,98922,100,98513,100,98970,100,98498,100,99085,100,98288,100,99370,100,98254,100,99441,100,98177,100,99530,100,98156,100,99733,100,97919,100,100248,100,97900,100,100381,100,97872,100
2019-06-28 10:06:57.167461161,98575,202,98573,402,98922,100,98513,100,98970,100,98498,100,99085,100,98288,100,99370,100,98254,100,99441,100,98177,100,99530,100,98156,100,99733,100,97919,100,100248,100,97900,100,100381,100,97872,100
2019-06-28 10:07:00.000000000,98922,402,98573,402,98970,100,98513,100,99085,100,98498,100,99370,100,98288,100,99441,100,98254,100,99530,100,98177,100,99733,100,98156,100,100248,100,97919,100,100381,100,97900,100,100596,100,97872,100
2019-06-28 10:07:10.000000000,98922,160,98573,160,98970,160,98513,160,99085,160,98498,160,99370,160,98288,160,99441,160,98254,160,99530,100,98177,100,99733,100,98156,100,100248,100,97919,100,100381,100,97900,100,100596,100,97872,100
2019-06-28 10:07:13.312565491,98922,60,98573,160,98970,160,98513,160,99085,160,98498,160,99370,160,98288,160,99441,160,98254,160,99530,100,98177,100,99733,100,98156,100,100248,100,97919,100,100381,100,97872,100,100596,100,97751,100
2019-06-28 10:07:19.524318042,98970,160,98922,40,99085,160,98573,160,99370,160,98513,160,99441,160,98498,160,99530,100,98288,160,99733,100,98254,160,100248,100,98177,100,100381,100,98156,100,100596,100,97919,100,100648,100,97872,100
2019-06-28 10:07:20.000000000,98970,402,98922,342,99085,100,98573,100,99370,100,98513,100,99441,100,98498,100,99530,100,98288,100,99733,100,98254,100,100248,100,98177,100,100381,100,98156,100,100596,100,97919,100,100648,100,97872,100
