,ask_price_1,ask_size_1,bid_price_1,bid_size_1,ask_price_2,ask_size_2,bid_price_2,bid_size_2,ask_price_3,ask_size_3,bid_price_3,bid_size_3,ask_price_4,ask_size_4,bid_price_4,bid_size_4,ask_price_5,ask_size_5,bid_price_5,bid_size_5,ask_price_6,ask_size_6,bid_price_6,bid_size_6,ask_price_7,ask_size_7,bid_price_7,bid_size_7,ask_price_8,ask_size_8,bid_price_8,bid_size_8,ask_price_9,ask_size_9,bid_price_9,bid_size_9,ask_price_10,ask_size_10,bid_price_10,bid_size_10
2019-06-28 09:30:00.000000000,100161,100,99887,100,,,,,,,,,,,,,,,,,,,,,,,,,,,,,,,,,,,,
2019-06-28 09:30:00.000000003,100161,100,100024,100,,,99887,100,,,,,,,,,,,,,,,,,,,,,,,,,,,,,,,,
2019-06-28 09:30:00.000000005,100161,100,99887,100,,,,,,,,,,,,,,,,,,,,,,,,,,,,,,,,,,,,
2019-06-28 09:30:00.000000008,100064,100,99968,100,100161,100,99887,100,,,,,,,,,,,,,,,,,,,,,,,,,,,,,,,,
2019-06-28 09:30:00.000000009,100049,100,99968,100,100064,100,99887,100,100161,100,,,100179,100,,,,,,,,,,,,,,,,,,,,,,,,,,
2019-06-28 09:30:00.000000010,100049,100,99968,100,100064,100,99887,100,100161,100,,,100179,100,,,100218,100,,,,,,,,,,,,,,,,,,,,,,
2019-06-28 09:30:00.000000011,100023,100,99968,100,100049,100,99887,100,100064,100,,,100161,100,,,100179,100,,,100218,100,,,,,,,,,,,,,,,,,,
2019-06-28 09:30:00.000000013,100023,100,99968,100,100049,100,99887,100,100064,100,,,100159,100,,,100161,100,,,100179,100,,,100218,100,,,,,,,,,,,,,,
2019-06-28 09:30:00.000000015,100023,100,99968,100,100049,100,99887,100,100064,100,,,100084,100,,,100159,100,,,100161,100,,,100179,100,,,100218,100,,,,,,,,,,
2019-06-28 09:30:00.000000016,100023,100,99968,100,100049,100,99940,100,100061,100,99887,100,100064,100,,,100084,100,,,100159,100,,,100161,100,,,100179,100,,,100218,100,,,,,,
2019-06-28 09:30:00.000000017,100049,100,99968,100,100061,100,99940,100,100064,100,99887,100,100084,100,,,100159,100,,,100161,100,,,100179,100,,,100218,100,,,,,,,,,,
2019-06-28 09:30:00.000000018,100024,100,99968,100,100049,100,99940,100,100061,100,99887,100,100064,100,,,100084,100,,,100159,100,,,100161,100,,,100179,100,,,100218,100,,,,,,
2019-06-28 09:30:00.000000019,100024,100,99968,100,100049,100,99940,100,100061,100,99887,100,100064,100,99865,100,100084,100,,,100159,100,,,100161,100,,,100179,100,,,100218,100,,,,,,
2019-06-28 09:30:00.000000021,100024,100,99968,100,100034,100,99940,100,100049,100,99887,100,100061,100,99865,100,100064,100,,,100084,100,,,100159,100,,,100161,100,,,100179,100,,,100218,100,,
2019-06-28 09:30:00.000000022,100024,100,99968,100,100034,100,99964,100,100049,100,99940,100,100061,100,99912,100,100064,100,99887,100,100084,100,99865,100,100159,100,,,100161,100,,,100179,100,,,100218,100,,
2019-06-28 09:30:00.000000024,100024,100,99968,100,100034,100,99964,100,100049,100,99940,100,100061,100,99925,100,100064,100,99912,100,100084,100,99887,100,100159,100,99865,100,100161,100,,,100179,100,,,100218,100,,
2019-06-28 09:30:00.000000031,100024,100,100023,100,100034,100,99968,100,100049,100,99964,100,100061,100,99940,100,100064,100,99925,100,100084,100,99912,100,100159,100,99887,100,100161,100,99865,100,100179,100,,,100218,100,,
2019-06-28 09:30:00.000000034,100023,100,99998,100,100024,100,99968,100,100034,100,99964,100,100049,100,99940,100,100061,100,99925,100,100064,100,99912,100,100084,100,99887,100,100159,100,99865,100,100161,100,,,100179,100,,
2019-06-28 09:30:00.000000035,100023,100,99998,100,100024,100,99968,100,100034,100,99964,100,100049,100,99940,100,100061,100,99925,100,100064,100,99924,100,100084,100,99912,100,100159,100,99887,100,100161,100,99865,100,100179,100,,
2019-06-28 09:30:00.000000036,100023,100,99968,100,100024,100,99964,100,100034,100,99940,100,100049,100,99925,100,100061,100,99924,100,100064,100,99912,100,100084,100,99887,100,100159,100,99865,100,100161,100,,,100179,100,,
2019-06-28 09:30:00.000000037,100023,100,99968,100,100024,100,99964,100,100034,200,99940,100,100049,100,99925,100,100061,100,99924,100,100064,100,99912,100,100084,100,99887,100,100107,100,99865,100,100159,100,,,100161,100,,
2019-06-28 09:30:00.000000038,100023,100,99968,100,100024,100,99964,100,100034,200,99940,100,100049,100,99925,100,100059,100,99924,100,100061,100,99912,100,100064,100,99887,100,100084,100,99865,100,100107,100,,,100159,100,,
2019-06-28 09:30:00.000000040,100023,100,99968,100,100024,100,99964,100,100034,200,99940,100,100049,100,99925,100,100059,100,99924,100,100061,100,99919,100,100064,100,99912,100,100084,100,99887,100,100107,100,99865,100,100159,100,99839,100
2019-06-28 09:30:00.000000041,99992,100,99968,100,100023,100,99964,100,100024,100,99940,100,100034,200,99925,100,100049,100,99924,100,100059,100,99919,100,100061,100,99912,100,100064,100,99887,100,100084,100,99865,100,100107,100,99839,100
2019-06-28 09:30:00.000000042,99992,100,99968,100,100023,100,99964,100,100024,100,99940,100,100034,200,99925,100,100049,100,99924,100,100059,100,99919,100,100061,100,99912,100,100064,100,99905,100,100084,100,99887,100,100107,100,99865,100
2019-06-28 09:30:00.000000043,100023,100,99968,100,100024,100,99964,100,100034,200,99940,100,100049,100,99925,100,100059,100,99924,100,100061,100,99919,100,100064,100,99912,100,100084,100,99905,100,100107,100,99887,100,100159,100,99865,100
2019-06-28 09:30:00.000000045,100023,100,99964,100,100024,100,99940,100,100034,200,99925,100,100049,100,99924,100,100059,100,99919,100,100061,100,99912,100,100064,100,99905,100,100084,100,99887,100,100107,100,99865,100,100159,100,99839,100
2019-06-28 09:30:00.000000054,100023,100,99964,100,100024,100,99963,100,100034,200,99940,100,100049,100,99925,100,100059,100,99924,100,100061,100,99919,100,100064,100,99912,100,100084,100,99905,100,100107,100,99887,100,100116,100,99865,100
2019-06-28 09:30:00.000000057,100023,100,99964,100,100024,100,99963,100,100034,200,99940,100,100049,100,99925,100,100059,100,99924,100,100061,100,99919,100,100064,100,99912,100,100084,100,99905,100,100096,100,99887,100,100107,100,99865,100
2019-06-28 09:30:00.000000059,100001,100,99964,100,100023,100,99963,100,100024,100,99940,100,100034,200,99925,100,100049,100,99924,100,100059,100,99919,100,100061,100,99912,100,100064,100,99905,100,100084,100,99887,100,100096,100,99865,100
2019-06-28 09:30:00.000000061,100001,100,99964,100,100023,100,99963,100,100024,100,99940,100,100034,200,99925,100,100049,100,99924,100,100059,100,99919,100,100061,100,99912,100,100064,100,99905,100,100084,100,99887,100,100088,100,99865,100
2019-06-28 09:30:00.000000063,100001,100,99989,100,100023,100,99964,100,100024,100,99963,100,100034,200,99940,100,100049,100,99925,100,100059,100,99924,100,100061,100,99919,100,100064,100,99918,100,100084,100,99912,100,100088,100,99905,100
2019-06-28 09:30:00.000000064,100001,100,99989,100,100023,100,99964,100,100024,100,99963,100,100034,200,99940,100,100049,100,99925,100,100059,100,99924,100,100061,100,99919,100,100064,100,99918,100,100084,100,99912,100,100088,100,99905,100
2019-06-28 09:30:00.000000065,100001,100,99989,100,100023,100,99964,100,100024,100,99963,100,100034,200,99940,100,100044,100,99925,100,100049,100,99924,100,100059,100,99919,100,100061,100,99918,100,100064,100,99912,100,100084,100,99905,100
2019-06-28 09:30:00.000000068,100001,100,99989,100,100023,100,99964,100,100024,100,99963,100,100034,200,99940,100,100038,100,99925,100,100044,100,99924,100,100049,100,99919,100,100059,100,99918,100,100061,100,99912,100,100064,100,99905,100
2019-06-28 09:30:00.000000070,100001,100,99989,100,100023,100,99964,100,100024,100,99963,100,100034,200,99940,100,100038,100,99925,100,100044,100,99924,100,100049,100,99919,100,100059,100,99918,100,100061,100,99912,100,100064,100,99905,100
2019-06-28 09:30:00.000000071,100001,100,99989,100,100023,100,99964,100,100024,100,99963,100,100034,200,99940,100,100038,100,99925,100,100044,100,99924,100,100049,100,99923,100,100059,100,99919,100,100061,100,99918,100,100064,100,99912,100
2019-06-28 09:30:00.000000073,100001,100,99989,100,100023,100,99964,100,100024,100,99963,100,100034,200,99940,100,100038,100,99925,100,100044,100,99924,100,100049,100,99923,100,100059,100,99919,100,100061,100,99918,100,100064,100,99912,100
2019-06-28 09:30:00.000000074,99992,100,99989,100,100001,100,99964,100,100023,100,99963,100,100024,100,99940,100,100034,200,99925,100,100038,100,99924,100,100044,100,99923,100,100049,100,99919,100,100059,100,99918,100,100061,100,99912,100
2019-06-28 09:30:00.000000075,100001,100,99989,100,100023,100,99964,100,100024,100,99963,100,100034,200,99940,100,100038,100,99925,100,100044,100,99924,100,100049,100,99923,100,100059,100,99919,100,100061,100,99918,100,100064,100,99912,100
2019-06-28 09:30:00.000000080,99992,100,99989,100,100001,100,99964,100,100023,100,99963,100,100024,100,99940,100,100034,200,99925,100,100038,100,99924,100,100044,100,99923,100,100049,100,99919,100,100059,100,99918,100,100061,100,99912,100
2019-06-28 09:30:00.000000081,99992,100,99989,100,100001,100,99964,100,100023,100,99963,100,100024,100,99940,100,100034,200,99925,100,100038,100,99924,100,100044,100,99923,100,100049,100,99919,100,100059,100,99918,100,100061,100,99912,100
2019-06-28 09:30:00.000000085,99992,100,99989,100,100001,100,99964,100,100023,100,99963,100,100024,100,99940,100,100034,200,99925,100,100038,100,99924,100,100044,100,99923,100,100049,100,99919,100,100059,100,99918,100,100061,100,99914,100
2019-06-28 09:30:00.000000090,99992,100,99989,100,100001,100,99964,100,100023,100,99963,100,100024,100,99940,100,100034,200,99925,100,100038,100,99924,100,100044,100,99923,100,100049,100,99919,100,100059,100,99918,100,100061,100,99914,100
2019-06-28 09:30:00.000000093,99992,100,99989,100,100001,100,99964,100,100023,100,99963,100,100024,100,99940,100,100029,100,99925,100,100034,200,99924,100,100038,100,99923,100,100044,100,99919,100,100049,100,99918,100,100059,100,99914,100
2019-06-28 09:30:00.000000096,99992,100,99989,100,100001,100,99964,100,100023,100,99963,100,100024,100,99940,100,100029,100,99925,100,100034,200,99924,100,100038,100,99923,100,100044,100,99919,100,100049,100,99918,100,100059,100,99914,100
2019-06-28 09:30:00.000000097,99992,200,99989,100,100001,100,99964,100,100023,100,99963,100,100024,100,99940,100,100029,100,99925,100,100034,200,99924,100,100038,100,99923,100,100044,100,99919,100,100049,100,99918,100,100059,100,99914,100
2019-06-28 09:30:10.000000000,99992,360,99989,260,100001,256,99964,256,100023,256,99963,256,100024,100,99940,100,100029,100,99925,100,100034,200,99924,100,100038,100,99923,100,100044,100,99919,100,100049,100,99918,100,100059,100,99914,100
2019-06-28 09:30:20.000000000,99992,360,99989,260,100001,256,99964,256,100023,256,99963,256,100024,100,99940,100,100029,100,99925,100,100034,200,99924,100,100038,100,99923,100,100044,100,99919,100,100049,100,99918,100,100059,100,99914,100
2019-06-28 09:30:23.910740632,99992,360,99989,260,100001,256,99964,256,100023,256,99963,256,100024,100,99940,100,100029,100,99925,100,100034,200,99924,100,100044,100,99923,100,100049,100,99919,100,100059,100,99918,100,100061,100,99914,100
2019-06-28 09:30:30.000000000,99992,672,99989,572,100001,100,99964,100,100023,100,99963,100,100024,100,99940,100,100029,100,99925,100,100034,200,99924,100,100044,100,99923,100,100049,100,99919,100,100059,100,99918,100,100061,100,99914,100
2019-06-28 09:30:40.000000000,99992,294,99989,194,100001,194,99964,194,100023,194,99963,194,100024,194,99940,194,100029,194,99925,194,100034,200,99924,100,100044,100,99923,100,100049,100,99919,100,100059,100,99918,100,100061,100,99914,100
2019-06-28 09:30:45.366860836,99992,294,99989,94,100001,194,99964,194,100023,194,99963,194,100024,194,99940,194,100029,194,99925,194,100034,200,99924,100,100044,100,99923,100,100049,100,99919,100,100059,100,99918,100,100061,100,99914,100
2019-06-28 09:30:50.000000000,99992,294,99964,194,100001,194,99963,194,100023,194,99940,194,100024,194,99925,194,100029,194,99924,194,100034,200,99923,100,100044,100,99919,100,100049,100,99918,100,100059,100,99914,100,100061,100,99905,100
2019-06-28 09:30:57.782282761,99992,194,99964,194,100001,194,99963,194,100023,194,99940,194,100024,194,99925,194,100029,194,99924,194,100034,200,99923,100,100049,100,99919,100,100059,100,99918,100,100061,100,99914,100,100064,100,99905,100
2019-06-28 09:31:00.000000000,99992,218,99964,218,100001,218,99963,218,100023,218,99940,218,100024,218,99925,218,100029,100,99924,100,100034,200,99923,100,100049,100,99919,100,100059,100,99918,100,100061,100,99914,100,100064,100,99905,100
2019-06-28 09:31:10.000000000,99992,194,99964,194,100001,194,99963,194,100023,194,99940,194,100024,194,99925,194,100029,194,99924,194,100034,200,99923,100,100049,100,99919,100,100059,100,99918,100,100061,100,99914,100,100064,100,99905,100
2019-06-28 09:31:12.486039294,99992,194,99964,194,100001,194,99963,194,100023,194,99940,194,100024,194,99925,194,100029,194,99924,194,100034,200,99923,100,100049,100,99919,100,100059,100,99918,100,100061,100,99914,100,100064,100,99905,100
2019-06-28 09:31:14.657172194,99992,194,99964,194,100001,194,99963,194,100023,194,99940,94,100024,194,99925,194,100029,194,99924,194,100034,200,99923,100,100049,100,99919,100,100059,100,99918,100,100061,100,99914,100,100064,100,99905,100
2019-06-28 09:31:20.000000000,99992,336,99964,336,100001,336,99963,336,100023,100,99925,100,100024,100,99924,100,100029,100,99923,100,100034,200,99919,100,100049,100,99918,100,100059,100,99914,100,100061,100,99905,100,100064,100,99901,100
2019-06-28 09:31:30.000000000,99992,194,99964,194,100001,194,99963,194,100023,194,99925,194,100024,194,99924,194,100029,194,99923,194,100034,200,99919,100,100049,100,99918,100,100059,100,99914,100,100061,100,99905,100,100064,100,99901,100
2019-06-28 09:31:39.845890178,99992,194,99990,100,100001,194,99964,194,100023,94,99963,194,100024,194,99925,194,100029,194,99924,194,100034,200,99923,194,100049,100,99919,100,100059,100,99918,100,100061,100,99914,100,100064,100,99905,100
2019-06-28 09:31:40.000000000,99992,336,99990,336,100001,336,99964,336,100024,100,99963,100,100029,100,99925,100,100034,200,99924,100,100049,100,99923,100,100059,100,99919,100,100061,100,99918,100,100064,100,99914,100,100084,200,99905,100
2019-06-28 09:31:47.204124308,99992,336,99990,336,100001,336,99964,336,100024,100,99963,100,100029,100,99925,100,100034,200,99924,100,100049,100,99923,100,100059,100,99919,100,100061,100,99918,100,100064,100,99914,100,100084,200,99905,100
2019-06-28 09:31:50.000000000,99992,336,99990,336,100001,336,99964,336,100024,100,99963,100,100029,100,99925,100,100034,200,99924,100,100049,100,99923,100,100059,100,99919,100,100061,100,99918,100,100064,100,99914,100,100084,200,99905,100
2019-06-28 09:31:59.885413665,99992,236,99990,336,100001,336,99964,336,100024,100,99963,100,100029,100,99925,100,100034,200,99924,100,100049,100,99923,100,100059,100,99919,100,100061,100,99918,100,100064,100,99914,100,100084,200,99905,100
2019-06-28 09:32:00.000000000,100001,194,99990,194,100024,194,99964,194,100029,194,99963,194,100034,294,99925,194,100049,194,99924,194,100059,100,99923,100,100061,100,99919,100,100064,100,99918,100,100084,200,99914,100,100088,100,99905,100
2019-06-28 09:32:10.000000000,100001,572,99990,572,100024,100,99964,100,100029,100,99963,100,100034,200,99925,100,100049,100,99924,100,100059,100,99923,100,100061,100,99919,100,100064,100,99918,100,100084,200,99914,100,100088,100,99905,100
2019-06-28 09:32:18.535961232,100001,572,99990,572,100024,100,99964,100,100029,100,99963,100,100034,200,99925,100,100049,100,99924,100,100059,100,99923,100,100061,100,99919,100,100064,100,99918,100,100084,200,99914,100,100088,100,99905,100
2019-06-28 09:32:20.000000000,100001,194,99990,194,100024,194,99964,194,100029,194,99963,194,100034,294,99925,194,100049,194,99924,194,100059,100,99923,100,100061,100,99919,100,100064,100,99918,100,100084,200,99914,100,100088,100,99905,100
2019-06-28 09:32:30.000000000,100001,260,99990,260,100024,256,99964,256,100029,256,99963,256,100034,200,99925,100,100049,100,99924,100,100059,100,99923,100,100061,100,99919,100,100064,100,99918,100,100084,200,99914,100,100088,100,99905,100
2019-06-28 09:32:33.527885034,100001,260,99992,100,100024,256,99990,260,100029,256,99964,256,100034,200,99963,256,100049,100,99925,100,100059,100,99924,100,100061,100,99923,100,100064,100,99919,100,100084,200,99918,100,100088,100,99914,100
2019-06-28 09:32:34.927494053,100001,260,99992,100,100024,256,99990,260,100029,256,99964,256,100034,200,99963,256,100049,100,99925,100,100059,100,99924,100,100061,100,99923,100,100064,100,99919,100,100084,200,99918,100,100088,100,99914,100
2019-06-28 09:32:34.993316358,100001,260,99992,100,100024,256,99990,260,100029,256,99964,256,100034,200,99963,256,100049,100,99925,100,100059,100,99924,100,100061,100,99923,100,100064,100,99919,100,100084,200,99918,100,100088,100,99914,100
2019-06-28 09:32:40.000000000,100001,218,99992,218,100024,218,99990,218,100029,218,99964,218,100034,318,99963,218,100049,100,99925,100,100059,100,99924,100,100061,100,99923,100,100064,100,99919,100,100084,200,99918,100,100088,100,99914,100
2019-06-28 09:32:49.813717436,100001,218,99992,318,100024,218,99990,218,100029,218,99964,218,100034,318,99963,218,100049,100,99925,100,100059,100,99924,100,100061,100,99923,100,100064,100,99919,100,100084,200,99918,100,100088,100,99914,100
2019-06-28 09:32:50.000000000,100001,572,99992,672,100024,100,99990,100,100029,100,99964,100,100034,200,99963,100,100049,100,99925,100,100059,100,99924,100,100061,100,99923,100,100064,100,99919,100,100084,200,99918,100,100088,100,99914,100
2019-06-28 09:33:00.000000000,100001,260,99992,360,100024,256,99990,256,100029,256,99964,256,100034,200,99963,100,100049,100,99925,100,100059,100,99924,100,100061,100,99923,100,100064,100,99919,100,100084,200,99918,100,100088,100,99914,100
2019-06-28 09:33:09.994141686,100001,160,99992,360,100024,256,99990,256,100029,256,99964,256,100034,200,99963,100,100049,100,99925,100,100059,100,99924,100,100061,100,99923,100,100064,100,99919,100,100084,200,99918,100,100088,100,99914,100
2019-06-28 09:33:10.000000000,100024,218,99992,318,100029,218,99990,218,100034,318,99964,218,100049,218,99963,218,100059,100,99925,100,100061,100,99924,100,100064,100,99923,100,100084,200,99919,100,100088,100,99918,100,100096,100,99914,100
2019-06-28 09:33:15.714625597,100024,218,99992,318,100029,218,99990,218,100034,318,99964,218,100049,218,99963,218,100059,100,99925,100,100061,100,99924,100,100064,100,99923,100,100084,200,99919,100,100088,100,99918,100,100096,100,99914,100
2019-06-28 09:33:20.000000000,100024,336,99992,436,100029,336,99990,336,100034,200,99964,100,100049,100,99963,100,100059,100,99925,100,100061,100,99924,100,100064,100,99923,100,100084,200,99919,100,100088,100,99918,100,100096,100,99914,100
2019-06-28 09:33:29.911211933,100024,336,99992,436,100029,336,99990,336,100034,200,99964,100,100049,100,99963,100,100059,100,99925,100,100061,100,99923,100,100064,100,99919,100,100084,200,99918,100,100088,100,99914,100,100096,100,99905,100
2019-06-28 09:33:30.000000000,100024,572,99992,672,100029,100,99990,100,100034,200,99964,100,100049,100,99963,100,100059,100,99925,100,100061,100,99923,100,100064,100,99919,100,100084,200,99918,100,100088,100,99914,100,100096,100,99905,100
2019-06-28 09:33:38.698148892,100024,472,99992,672,100034,200,99990,100,100049,100,99964,100,100059,100,99963,100,100061,100,99925,100,100064,100,99923,100,100084,200,99919,100,100088,100,99918,100,100096,100,99914,100,100116,100,99905,100
2019-06-28 09:33:40.000000000,100034,318,99992,318,100049,218,99990,218,100059,218,99964,218,100061,218,99963,218,100064,100,99925,100,100084,200,99923,100,100088,100,99919,100,100096,100,99918,100,100116,100,99914,100,100159,100,99905,100
2019-06-28 09:33:42.989464452,100034,318,99992,318,100049,218,99990,218,100059,218,99964,218,100061,218,99963,218,100064,100,99925,100,100084,200,99923,100,100088,100,99919,100,100096,100,99918,100,100116,100,99914,100,100159,100,99905,100
2019-06-28 09:33:50.000000000,100034,318,99992,318,100049,218,99990,218,100059,218,99964,218,100061,218,99963,218,100064,100,99925,100,100084,200,99923,100,100088,100,99919,100,100096,100,99918,100,100116,100,99914,100,100159,100,99905,100
2019-06-28 09:33:51.537973900,100034,218,99992,318,100049,218,99990,218,100059,218,99964,218,100061,218,99963,218,100064,100,99925,100,100084,200,99923,100,100088,100,99919,100,100096,100,99918,100,100116,100,99914,100,100159,100,99905,100
2019-06-28 09:33:52.981782915,100034,218,100024,100,100049,218,99992,318,100059,218,99990,218,100061,218,99964,218,100064,100,99963,218,100084,200,99925,100,100088,100,99923,100,100096,100,99919,100,100116,100,99918,100,100159,100,99914,100
2019-06-28 09:34:00.000000000,100034,260,100024,260,100049,256,99992,356,100059,256,99990,256,100061,100,99964,100,100064,100,99963,100,100084,200,99925,100,100088,100,99923,100,100096,100,99919,100,100116,100,99918,100,100159,100,99914,100
2019-06-28 09:34:10.000000000,100034,572,100024,572,100049,100,99992,200,100059,100,99990,100,100061,100,99964,100,100064,100,99963,100,100084,200,99925,100,100088,100,99923,100,100096,100,99919,100,100116,100,99918,100,100159,100,99914,100
2019-06-28 09:34:20.000000000,100034,336,100024,336,100049,336,99992,436,100059,100,99990,100,100061,100,99964,100,100064,100,99963,100,100084,200,99925,100,100088,100,99923,100,100096,100,99919,100,100116,100,99918,100,100159,100,99914,100
2019-06-28 09:34:21.633097701,100034,236,100024,336,100049,336,99992,436,100059,100,99990,100,100061,100,99964,100,100064,100,99963,100,100084,200,99925,100,100088,100,99923,100,100096,100,99919,100,100116,100,99918,100,100159,100,99914,100
2019-06-28 09:34:30.000000000,100049,194,100024,194,100059,194,99992,294,100061,194,99990,194,100064,194,99964,194,100084,294,99963,194,100088,100,99925,100,100096,100,99923,100,100116,100,99919,100,100159,100,99918,100,100161,100,99914,100
2019-06-28 09:34:31.229120068,100049,94,100024,194,100059,194,99992,294,100061,94,99990,194,100064,194,99964,194,100084,294,99963,194,100088,100,99925,100,100096,100,99923,100,100116,100,99919,100,100159,100,99918,100,100161,100,99914,100
2019-06-28 09:34:40.000000000,100059,336,100024,336,100064,336,99992,436,100084,200,99990,100,100088,100,99964,100,100096,100,99963,100,100116,100,99925,100,100159,100,99923,100,100161,100,99919,100,100165,100,99918,100,100179,100,99914,100
2019-06-28 09:34:43.507548805,100059,336,100034,100,100064,336,100024,336,100084,200,99992,436,100088,100,99990,100,100096,100,99964,100,100116,100,99963,100,100159,100,99925,100,100161,100,99923,100,100165,100,99919,100,100179,100,99918,100
2019-06-28 09:34:49.237023923,100059,336,100034,100,100064,336,100024,336,100084,200,99992,436,100088,100,99990,100,100096,100,99964,100,100116,100,99963,100,100159,100,99925,100,100161,100,99923,100,100165,100,99919,100,100179,100,99918,100
2019-06-28 09:34:50.000000000,100059,194,100034,194,100064,194,100024,194,100084,294,99992,294,100088,194,99990,194,100096,194,99964,194,100116,100,99963,100,100159,100,99925,100,100161,100,99923,100,100165,100,99919,100,100179,100,99918,100
2019-06-28 09:35:00.000000000,100059,336,100034,336,100064,336,100024,336,100084,200,99992,200,100088,100,99990,100,100096,100,99964,100,100116,100,99963,100,100159,100,99925,100,100161,100,99923,100,100165,100,99919,100,100179,100,99918,100
2019-06-28 09:35:05.730859249,100059,236,100034,336,100064,336,100024,336,100084,200,99992,200,100088,100,99990,100,100096,100,99964,100,100116,100,99963,100,100159,100,99925,100,100161,100,99923,100,100165,100,99919,100,100179,100,99918,100
2019-06-28 09:35:10.000000000,100064,194,100034,194,100084,294,100024,194,100088,194,99992,294,100096,194,99990,194,100116,194,99964,194,100159,100,99963,100,100161,100,99925,100,100165,100,99923,100,100179,100,99919,100,100218,100,99918,100
2019-06-28 09:35:11.591090912,100064,194,100034,194,100084,194,100024,194,100088,194,99992,294,100096,194,99990,194,100116,194,99964,194,100159,100,99963,100,100161,100,99925,100,100165,100,99923,100,100179,100,99919,100,100218,100,99918,100
2019-06-28 09:35:20.000000000,100064,218,100034,218,100084,218,100024,218,100088,218,99992,318,100096,218,99990,218,100116,100,99964,100,100159,100,99963,100,100161,100,99925,100,100165,100,99923,100,100179,100,99919,100,100218,100,99918,100
2019-06-28 09:35:22.554146857,100064,218,100034,218,100084,218,100024,218,100088,218,99992,318,100096,218,99990,218,100116,100,99964,100,100159,100,99963,100,100161,100,99925,100,100165,100,99923,100,100179,100,99919,100,100218,100,99918,100
2019-06-28 09:35:30.000000000,100064,336,100034,336,100084,336,100024,336,100088,100,99992,200,100096,100,99990,100,100116,100,99964,100,100159,100,99963,100,100161,100,99925,100,100165,100,99923,100,100179,100,99919,100,100218,100,99918,100
2019-06-28 09:35:36.229007920,100064,336,100049,100,100084,336,100034,336,100088,100,100024,336,100096,100,99992,200,100116,100,99990,100,100159,100,99964,100,100161,100,99963,100,100165,100,99925,100,100179,100,99923,100,100218,100,99919,100
2019-06-28 09:35:39.311277279,100064,236,100049,100,100084,336,100034,336,100088,100,100024,336,100096,100,99992,200,100116,100,99990,100,100159,100,99964,100,100161,100,99963,100,100165,100,99925,100,100179,100,99923,100,100218,100,99919,100
2019-06-28 09:35:40.000000000,100084,572,100049,572,100088,100,100034,100,100096,100,100024,100,100116,100,99992,200,100159,100,99990,100,100161,100,99964,100,100165,100,99963,100,100179,100,99925,100,100218,100,99923,100,100223,100,99919,100
2019-06-28 09:35:41.669275637,100084,572,100059,100,100088,100,100049,572,100096,100,100034,100,100116,100,100024,100,100159,100,99992,200,100161,100,99990,100,100165,100,99964,100,100179,100,99963,100,100218,100,99925,100,100223,100,99923,100
2019-06-28 09:35:50.000000000,100084,336,100059,336,100088,336,100049,336,100096,100,100034,100,100116,100,100024,100,100159,100,99992,200,100161,100,99990,100,100165,100,99964,100,100179,100,99963,100,100218,100,99925,100,100223,100,99923,100
2019-06-28 09:35:52.089992694,100084,336,100059,436,100088,336,100049,336,100096,100,100034,100,100116,100,100024,100,100159,100,99992,200,100161,100,99990,100,100165,100,99964,100,100179,100,99963,100,100218,100,99925,100,100223,100,99923,100
2019-06-28 09:35:53.351738566,100084,336,100059,436,100088,336,100049,336,100096,100,100034,100,100116,100,100024,100,100159,100,99992,200,100161,100,99990,100,100165,100,99964,100,100179,100,99925,100,100218,100,99923,100,100223,100,99919,100
2019-06-28 09:35:53.919513518,100084,336,100059,436,100088,336,100049,336,100096,100,100034,100,100116,100,100024,100,100159,100,99992,100,100161,100,99990,100,100165,100,99964,100,100179,100,99925,100,100218,100,99923,100,100223,100,99919,100
2019-06-28 09:35:57.091051035,100084,336,100059,436,100088,336,100049,336,100096,100,100034,100,100116,100,100024,100,100159,100,99992,100,100161,100,99990,100,100165,100,99964,100,100179,100,99925,100,100218,100,99923,100,100223,100,99919,100
2019-06-28 09:36:00.000000000,100084,572,100059,672,100088,100,100049,100,100096,100,100034,100,100116,100,100024,100,100159,100,99992,100,100161,100,99990,100,100165,100,99964,100,100179,100,99925,100,100218,100,99923,100,100223,100,99919,100
2019-06-28 09:36:08.873350395,100084,572,100059,772,100088,100,100049,100,100096,100,100034,100,100116,100,100024,100,100159,100,99992,100,100161,100,99990,100,100165,100,99964,100,100179,100,99925,100,100218,100,99923,100,100223,100,99919,100
2019-06-28 09:36:10.000000000,100084,336,100059,536,100088,336,100049,336,100096,100,100034,100,100116,100,100024,100,100159,100,99992,100,100161,100,99990,100,100165,100,99964,100,100179,100,99925,100,100218,100,99923,100,100223,100,99919,100
2019-06-28 09:36:11.233507848,100084,336,100059,536,100088,336,100049,336,100096,100,100034,100,100116,100,100024,100,100159,100,99992,100,100161,100,99990,100,100165,100,99964,100,100179,100,99925,100,100218,100,99923,100,100223,100,99919,100
2019-06-28 09:36:20.000000000,100084,194,100059,394,100088,194,100049,194,100096,194,100034,194,100116,194,100024,194,100159,194,99992,194,100161,100,99990,100,100165,100,99964,100,100179,100,99925,100,100218,100,99923,100,100223,100,99919,100
2019-06-28 09:36:25.692509067,100084,94,100059,394,100088,194,100049,194,100096,194,100034,194,100116,194,100024,194,100159,194,99992,194,100161,100,99990,100,100165,100,99964,100,100179,100,99925,100,100218,100,99923,100,100223,100,99919,100
2019-06-28 09:36:30.000000000,100088,194,100059,394,100096,194,100049,194,100116,194,100034,194,100159,194,100024,194,100161,194,99992,194,100165,100,99990,100,100179,100,99964,100,100218,100,99925,100,100223,100,99923,100,100242,100,99919,100
2019-06-28 09:36:32.244957385,100088,194,100059,394,100096,194,100049,194,100116,194,100034,194,100159,194,100024,194,100161,194,99992,194,100165,100,99990,100,100179,100,99964,100,100218,100,99925,100,100223,100,99923,100,100242,100,99919,100
2019-06-28 09:36:39.204890022,100088,194,100064,100,100096,194,100059,394,100116,194,100049,194,100159,194,100034,194,100161,194,100024,194,100165,100,99992,194,100179,100,99990,100,100218,100,99964,100,100223,100,99925,100,100242,100,99923,100
2019-06-28 09:36:40.000000000,100088,572,100064,572,100096,100,100059,300,100116,100,100049,100,100159,100,100034,100,100161,100,100024,100,100165,100,99992,100,100179,100,99990,100,100218,100,99964,100,100223,100,99925,100,100242,100,99923,100
2019-06-28 09:36:50.000000000,100088,194,100064,194,100096,194,100059,394,100116,194,100049,194,100159,194,100034,194,100161,194,100024,194,100165,100,99992,100,100179,100,99990,100,100218,100,99964,100,100223,100,99925,100,100242,100,99923,100
2019-06-28 09:36:59.108718930,100088,94,100064,194,100096,194,100059,394,100116,194,100049,194,100159,194,100034,194,100161,194,100024,194,100165,100,99992,100,100179,100,99990,100,100218,100,99964,100,100223,100,99925,100,100242,100,99923,100
2019-06-28 09:37:00.000000000,100096,572,100064,572,100116,100,100059,300,100159,100,100049,100,100161,100,100034,100,100165,100,100024,100,100179,100,99992,100,100218,100,99990,100,100223,100,99964,100,100242,100,99925,100,100269,100,99923,100
2019-06-28 09:37:10.000000000,100096,218,100064,218,100116,218,100059,418,100159,218,100049,218,100161,218,100034,218,100165,100,100024,100,100179,100,99992,100,100218,100,99990,100,100223,100,99964,100,100242,100,99925,100,100269,100,99923,100
2019-06-28 09:37:20.000000000,100096,336,100064,336,100116,336,100059,536,100159,100,100049,100,100161,100,100034,100,100165,100,100024,100,100179,100,99992,100,100218,100,99990,100,100223,100,99964,100,100242,100,99925,100,100269,100,99923,100
2019-06-28 09:37:25.121697315,100096,336,100064,336,100116,336,100059,536,100159,100,100049,100,100161,100,100034,100,100179,100,100024,100,100218,100,99992,100,100223,100,99990,100,100242,100,99964,100,100269,100,99925,100,100299,100,99923,100
2019-06-28 09:37:26.323649117,100096,336,100064,336,100116,336,100059,536,100159,100,100049,100,100161,100,100034,100,100179,100,100024,100,100218,100,99992,100,100223,100,99990,100,100242,100,99964,100,100269,100,99925,100,100299,100,99923,100
2019-06-28 09:37:30.000000000,100096,194,100064,194,100116,194,100059,394,100159,194,100049,194,100161,194,100034,194,100179,194,100024,194,100218,100,99992,100,100223,100,99990,100,100242,100,99964,100,100269,100,99925,100,100299,100,99923,100
2019-06-28 09:37:33.785321687,100096,194,100064,194,100116,194,100059,394,100159,194,100049,194,100161,194,100034,194,100179,194,100024,194,100218,100,99992,100,100223,100,99990,100,100242,100,99964,100,100269,100,99925,100,100299,100,99923,100
2019-06-28 09:37:37.979526129,100096,94,100064,194,100116,194,100059,394,100159,194,100049,194,100161,194,100034,194,100179,194,100024,194,100218,100,99992,100,100223,100,99990,100,100242,100,99964,100,100269,100,99925,100,100299,100,99923,100
2019-06-28 09:37:40.000000000,100116,218,100064,218,100159,218,100059,418,100161,218,100049,218,100179,218,100034,218,100218,100,100024,100,100223,100,99992,100,100242,100,99990,100,100269,100,99964,100,100299,100,99925,100,100330,100,99923,100
2019-06-28 09:37:50.000000000,100116,260,100064,260,100159,256,100059,456,100161,256,100049,256,100179,100,100034,100,100218,100,100024,100,100223,100,99992,100,100242,100,99990,100,100269,100,99964,100,100299,100,99925,100,100330,100,99923,100
2019-06-28 09:37:53.000870635,100116,260,100088,100,100159,256,100064,260,100161,256,100059,456,100179,100,100049,256,100218,100,100034,100,100223,100,100024,100,100242,100,99992,100,100269,100,99990,100,100299,100,99964,100,100330,100,99925,100
2019-06-28 09:37:54.239409331,100116,260,100088,200,100159,256,100064,260,100161,256,100059,456,100179,100,100049,256,100218,100,100034,100,100223,100,100024,100,100242,100,99992,100,100269,100,99990,100,100299,100,99964,100,100330,100,99925,100
2019-06-28 09:38:00.000000000,100116,218,100088,318,100159,218,100064,218,100161,218,100059,418,100179,218,100049,218,100218,100,100034,100,100223,100,100024,100,100242,100,99992,100,100269,100,99990,100,100299,100,99964,100,100330,100,99925,100
2019-06-28 09:38:00.694464095,100116,218,100088,318,100159,218,100064,218,100161,218,100059,418,100179,218,100049,218,100218,100,100034,100,100223,100,100024,100,100242,100,99992,100,100269,100,99990,100,100299,100,99964,100,100330,100,99925,100
2019-06-28 09:38:10.000000000,100116,572,100088,672,100159,100,100064,100,100161,100,100059,300,100179,100,100049,100,100218,100,100034,100,100223,100,100024,100,100242,100,99992,100,100269,100,99990,100,100299,100,99964,100,100330,100,99925,100
2019-06-28 09:38:20.000000000,100116,260,100088,360,100159,256,100064,256,100161,256,100059,456,100179,100,100049,100,100218,100,100034,100,100223,100,100024,100,100242,100,99992,100,100269,100,99990,100,100299,100,99964,100,100330,100,99925,100
2019-06-28 09:38:30.000000000,100116,218,100088,318,100159,218,100064,218,100161,218,100059,418,100179,218,100049,218,100218,100,100034,100,100223,100,100024,100,100242,100,99992,100,100269,100,99990,100,100299,100,99964,100,100330,100,99925,100
2019-06-28 09:38:33.899891539,100116,118,100088,318,100159,218,100064,218,100161,218,100059,418,100179,218,100049,218,100218,100,100034,100,100223,100,100024,100,100242,100,99992,100,100269,100,99990,100,100299,100,99964,100,100330,100,99925,100
2019-06-28 09:38:40.000000000,100159,572,100088,672,100161,100,100064,100,100179,100,100059,300,100218,100,100049,100,100223,100,100034,100,100242,100,100024,100,100269,100,99992,100,100299,100,99990,100,100330,100,99964,100,100470,100,99925,100
2019-06-28 09:38:45.763627979,100159,572,100088,672,100161,100,100064,100,100179,100,100059,300,100218,100,100049,100,100223,100,100034,100,100242,100,100024,100,100269,100,99992,100,100299,100,99990,100,100330,100,99964,100,100470,100,99925,100
2019-06-28 09:38:50.000000000,100159,336,100088,436,100161,336,100064,336,100179,100,100059,300,100218,100,100049,100,100223,100,100034,100,100242,100,100024,100,100269,100,99992,100,100299,100,99990,100,100330,100,99964,100,100470,100,99925,100
2019-06-28 09:39:00.000000000,100159,572,100088,672,100161,100,100064,100,100179,100,100059,300,100218,100,100049,100,100223,100,100034,100,100242,100,100024,100,100269,100,99992,100,100299,100,99990,100,100330,100,99964,100,100470,100,99925,100
2019-06-28 09:39:03.448693025,100159,472,100088,672,100161,100,100064,100,100179,100,100059,300,100218,100,100049,100,100223,100,100034,100,100242,100,100024,100,100269,100,99992,100,100299,100,99990,100,100330,100,99964,100,100470,100,99925,100
2019-06-28 09:39:10.000000000,100161,572,100088,672,100179,100,100064,100,100218,100,100059,300,100223,100,100049,100,100242,100,100034,100,100269,100,100024,100,100299,100,99992,100,100330,100,99990,100,100470,100,99964,100,100589,100,99925,100
2019-06-28 09:39:20.000000000,100161,572,100088,672,100179,100,100064,100,100218,100,100059,300,100223,100,100049,100,100242,100,100034,100,100269,100,100024,100,100299,100,99992,100,100330,100,99990,100,100470,100,99964,100,100589,100,99925,100
2019-06-28 09:39:30.000000000,100161,194,100088,294,100179,194,100064,194,100218,194,100059,394,100223,194,100049,194,100242,194,100034,194,100269,100,100024,100,100299,100,99992,100,100330,100,99990,100,100470,100,99964,100,100589,100,99925,100
2019-06-28 09:39:40.000000000,100161,218,100088,318,100179,218,100064,218,100218,218,100059,418,100223,218,100049,218,100242,100,100034,100,100269,100,100024,100,100299,100,99992,100,100330,100,99990,100,100470,100,99964,100,100589,100,99925,100
2019-06-28 09:39:50.000000000,100161,572,100088,672,100179,100,100064,100,100218,100,100059,300,100223,100,100049,100,100242,100,100034,100,100269,100,100024,100,100299,100,99992,100,100330,100,99990,100,100470,100,99964,100,100589,100,99925,100
2019-06-28 09:40:00.000000000,100161,194,100088,294,100179,194,100064,194,100218,194,100059,394,100223,194,100049,194,100242,194,100034,194,100269,100,100024,100,100299,100,99992,100,100330,100,99990,100,100470,100,99964,100,100589,100,99925,100
2019-06-28 09:40:09.700662557,100161,194,100116,100,100179,194,100088,294,100218,194,100064,194,100223,194,100059,394,100242,194,100049,194,100269,100,100034,194,100299,100,100024,100,100330,100,99990,100,100470,100,99964,100,100589,100,99925,100
2019-06-28 09:40:10.000000000,100161,336,100116,336,100179,336,100088,436,100218,100,100064,100,100223,100,100059,300,100242,100,100049,100,100269,100,100034,100,100299,100,100024,100,100330,100,99990,100,100470,100,99964,100,100589,100,99925,100
2019-06-28 09:40:20.000000000,100161,572,100116,572,100179,100,100088,200,100218,100,100064,100,100223,100,100059,300,100242,100,100049,100,100269,100,100034,100,100299,100,100024,100,100330,100,99990,100,100470,100,99964,100,100589,100,99925,100
2019-06-28 09:40:22.457563643,100161,572,100116,572,100179,100,100088,200,100218,100,100064,100,100223,100,100059,300,100242,100,100049,100,100269,100,100034,100,100299,100,100024,100,100330,100,99990,100,100470,100,99964,100,100589,100,99925,100
2019-06-28 09:40:30.000000000,100161,218,100116,218,100179,218,100088,318,100218,218,100064,218,100223,218,100059,418,100242,100,100049,100,100269,100,100034,100,100299,100,100024,100,100330,100,99990,100,100470,100,99964,100,100589,100,99925,100
2019-06-28 09:40:37.573456743,100161,218,100116,318,100179,218,100088,318,100218,218,100064,218,100223,218,100059,418,100242,100,100049,100,100269,100,100034,100,100299,100,100024,100,100330,100,99990,100,100470,100,99964,100,100589,100,99925,100
2019-06-28 09:40:40.000000000,100161,572,100116,672,100179,100,100088,200,100218,100,100064,100,100223,100,100059,300,100242,100,100049,100,100269,100,100034,100,100299,100,100024,100,100330,100,99990,100,100470,100,99964,100,100589,100,99925,100
2019-06-28 09:40:49.880771351,100161,572,100116,672,100179,100,100088,200,100218,100,100064,100,100223,100,100059,300,100242,100,100049,100,100269,100,100034,100,100299,100,100024,100,100330,100,99990,100,100470,100,99964,100,100589,100,99925,100
2019-06-28 09:40:50.000000000,100161,218,100116,318,100179,218,100088,318,100218,218,100064,218,100223,218,100059,418,100242,100,100049,100,100269,100,100034,100,100299,100,100024,100,100330,100,99990,100,100470,100,99964,100,100589,100,99925,100
2019-06-28 09:40:50.562678763,100161,218,100116,418,100179,218,100088,318,100218,218,100064,218,100223,218,100059,418,100242,100,100049,100,100269,100,100034,100,100299,100,100024,100,100330,100,99990,100,100470,100,99964,100,100589,100,99925,100
2019-06-28 09:41:00.000000000,100161,218,100116,418,100179,218,100088,318,100218,218,100064,218,100223,218,100059,418,100242,100,100049,100,100269,100,100034,100,100299,100,100024,100,100330,100,99990,100,100470,100,99964,100,100589,100,99925,100
2019-06-28 09:41:01.820446750,100161,118,100116,418,100179,218,100088,318,100218,218,100064,218,100223,218,100059,418,100242,100,100049,100,100269,100,100034,100,100299,100,100024,100,100330,100,99990,100,100470,100,99964,100,100589,100,99925,100
2019-06-28 09:41:09.828887708,100161,118,100159,100,100179,218,100116,418,100218,218,100088,318,100223,218,100064,218,100242,100,100059,418,100269,100,100049,100,100299,100,100034,100,100330,100,100024,100,100470,100,99990,100,100589,100,99964,100
2019-06-28 09:41:10.000000000,100179,260,100159,260,100218,256,100116,456,100223,256,100088,356,100242,100,100064,100,100269,100,100059,300,100299,100,100049,100,100330,100,100034,100,100470,100,100024,100,100589,100,99990,100,100666,100,99964,100
2019-06-28 09:41:20.000000000,100179,260,100159,260,100218,256,100116,456,100223,256,100088,356,100242,100,100064,100,100269,100,100059,300,100299,100,100049,100,100330,100,100034,100,100470,100,100024,100,100589,100,99990,100,100666,100,99964,100
2019-06-28 09:41:25.037686697,100179,260,100159,260,100218,256,100116,456,100223,256,100088,356,100269,100,100064,100,100299,100,100059,300,100330,100,100049,100,100470,100,100034,100,100589,100,100024,100,100666,100,99990,100,100695,100,99964,100
2019-06-28 09:41:30.000000000,100179,572,100159,572,100218,100,100116,300,100223,100,100088,200,100269,100,100064,100,100299,100,100059,300,100330,100,100049,100,100470,100,100034,100,100589,100,100024,100,100666,100,99990,100,100695,100,99964,100
2019-06-28 09:41:34.335001779,100179,472,100159,572,100218,100,100116,300,100223,100,100088,200,100299,100,100064,100,100330,100,100059,300,100470,100,100049,100,100589,100,100034,100,100666,100,100024,100,100695,100,99990,100,100734,100,99964,100
2019-06-28 09:41:40.000000000,100218,218,100159,218,100223,218,100116,418,100299,218,100088,318,100330,218,100064,218,100470,100,100059,300,100589,100,100049,100,100666,100,100034,100,100695,100,100024,100,100734,100,99990,100,100751,100,99964,100
2019-06-28 09:41:50.000000000,100218,260,100159,260,100223,256,100116,456,100299,256,100088,356,100330,100,100064,100,100470,100,100059,300,100589,100,100049,100,100666,100,100034,100,100695,100,100024,100,100734,100,99990,100,100751,100,99964,100
2019-06-28 09:42:00.000000000,100218,336,100159,336,100223,336,100116,536,100299,100,100088,200,100330,100,100064,100,100470,100,100059,300,100589,100,100049,100,100666,100,100034,100,100695,100,100024,100,100734,100,99990,100,100751,100,99964,100
2019-06-28 09:42:09.064006819,100218,236,100159,336,100223,336,100116,536,100299,100,100088,200,100330,100,100064,100,100470,100,100059,300,100589,100,100049,100,100666,100,100034,100,100695,100,100024,100,100734,100,99990,100,100751,100,99964,100
2019-06-28 09:42:10.000000000,100223,260,100159,260,100299,256,100116,456,100330,256,100088,356,100470,100,100064,100,100589,100,100059,300,100666,100,100049,100,100695,100,100034,100,100734,100,100024,100,100751,100,99990,100,100826,100,99964,100
2019-06-28 09:42:20.000000000,100223,572,100159,572,100299,100,100116,300,100330,100,100088,200,100470,100,100064,100,100589,100,100059,300,100666,100,100049,100,100695,100,100034,100,100734,100,100024,100,100751,100,99990,100,100826,100,99964,100
2019-06-28 09:42:30.000000000,100223,194,100159,194,100299,194,100116,394,100330,194,100088,294,100470,194,100064,194,100589,194,100059,394,100666,100,100049,100,100695,100,100034,100,100734,100,100024,100,100751,100,99990,100,100826,100,99964,100
2019-06-28 09:42:32.798120659,100223,194,100159,194,100299,194,100116,394,100330,194,100088,294,100470,194,100064,194,100589,194,100059,394,100666,100,100049,100,100695,100,100034,100,100734,100,100024,100,100751,100,99990,100,100826,100,99964,100
2019-06-28 09:42:40.000000000,100223,218,100159,218,100299,218,100116,418,100330,218,100088,318,100470,218,100064,218,100589,100,100059,300,100666,100,100049,100,100695,100,100034,100,100734,100,100024,100,100751,100,99990,100,100826,100,99964,100
2019-06-28 09:42:42.073410739,100223,218,100159,218,100299,218,100116,418,100330,218,100088,318,100470,218,100064,218,100589,100,100059,200,100666,100,100049,100,100695,100,100034,100,100734,100,100024,100,100751,100,99990,100,100826,100,99964,100
2019-06-28 09:42:50.000000000,100223,218,100159,218,100299,218,100116,418,100330,218,100088,318,100470,218,100064,218,100589,100,100059,200,100666,100,100049,100,100695,100,100034,100,100734,100,100024,100,100751,100,99990,100,100826,100,99964,100
2019-06-28 09:42:55.733468316,100223,218,100159,218,100299,218,100116,418,100330,218,100088,318,100470,218,100064,218,100589,100,100059,200,100666,100,100049,100,100734,100,100034,100,100751,100,100024,100,100826,100,99990,100,100916,100,99964,100
2019-06-28 09:42:57.941144504,100223,218,100159,218,100299,118,100116,418,100330,218,100088,318,100470,218,100064,218,100589,100,100059,200,100666,100,100049,100,100734,100,100034,100,100751,100,100024,100,100826,100,99990,100,100916,100,99964,100
2019-06-28 09:43:00.000000000,100223,194,100159,194,100330,194,100116,394,100470,194,100088,294,100589,194,100064,194,100666,194,100059,294,100734,100,100049,100,100751,100,100034,100,100826,100,100024,100,100916,100,99990,100,100953,100,99964,100
2019-06-28 09:43:10.000000000,100223,572,100159,572,100330,100,100116,300,100470,100,100088,200,100589,100,100064,100,100666,100,100059,200,100734,100,100049,100,100751,100,100034,100,100826,100,100024,100,100916,100,99990,100,100953,100,99964,100
2019-06-28 09:43:20.000000000,100223,336,100159,336,100330,336,100116,536,100470,100,100088,200,100589,100,100064,100,100666,100,100059,200,100734,100,100049,100,100751,100,100034,100,100826,100,100024,100,100916,100,99990,100,100953,100,99964,100
2019-06-28 09:43:30.000000000,100223,260,100159,260,100330,256,100116,456,100470,256,100088,356,100589,100,100064,100,100666,100,100059,200,100734,100,100049,100,100751,100,100034,100,100826,100,100024,100,100916,100,99990,100,100953,100,99964,100
2019-06-28 09:43:30.639342129,100223,160,100159,260,100330,256,100116,456,100470,256,100088,356,100589,100,100064,100,100666,100,100059,200,100734,100,100049,100,100751,100,100034,100,100826,100,100024,100,100953,100,99990,100,100997,100,99964,100
2019-06-28 09:43:40.000000000,100330,194,100159,194,100470,194,100116,394,100589,194,100088,294,100666,194,100064,194,100734,194,100059,294,100751,100,100049,100,100826,100,100034,100,100953,100,100024,100,100997,100,99990,100,101113,100,99964,100
2019-06-28 09:43:44.048784944,100330,194,100159,194,100470,194,100116,394,100589,194,100088,294,100666,194,100064,194,100734,194,100059,294,100751,100,100034,100,100826,100,100024,100,100953,100,99990,100,100997,100,99964,100,101113,100,99925,100
2019-06-28 09:43:50.000000000,100330,260,100159,260,100470,256,100116,456,100589,256,100088,356,100666,100,100064,100,100734,100,100059,200,100751,100,100034,100,100826,100,100024,100,100953,100,99990,100,100997,100,99964,100,101113,100,99925,100
2019-06-28 09:43:58.441626080,100330,260,100159,260,100470,256,100116,456,100589,256,100088,356,100666,100,100064,100,100734,100,100059,200,100751,100,100034,100,100953,100,100024,100,100997,100,99990,100,101113,100,99964,100,101327,100,99925,100
2019-06-28 09:44:00.000000000,100330,572,100159,572,100470,100,100116,300,100589,100,100088,200,100666,100,100064,100,100734,100,100059,200,100751,100,100034,100,100953,100,100024,100,100997,100,99990,100,101113,100,99964,100,101327,100,99925,100
2019-06-28 09:44:09.336069376,100330,572,100159,572,100470,100,100116,300,100589,100,100088,200,100666,100,100064,100,100734,100,100059,200,100751,100,100034,100,100953,100,100024,100,100997,100,99990,100,101113,100,99964,100,101327,100,99925,100
2019-06-28 09:44:10.000000000,100330,194,100159,194,100470,194,100116,394,100589,194,100088,294,100666,194,100064,194,100734,194,100059,294,100751,100,100034,100,100953,100,100024,100,100997,100,99990,100,101113,100,99964,100,101327,100,99925,100
2019-06-28 09:44:13.486960014,100330,194,100218,100,100470,194,100159,194,100589,194,100116,394,100666,194,100088,194,100734,194,100064,194,100751,100,100059,294,100953,100,100034,100,100997,100,100024,100,101113,100,99990,100,101327,100,99964,100
2019-06-28 09:44:20.000000000,100330,260,100218,260,100470,256,100159,256,100589,256,100116,456,100666,100,100088,100,100734,100,100064,100,100751,100,100059,200,100953,100,100034,100,100997,100,100024,100,101113,100,99990,100,101327,100,99964,100
2019-06-28 09:44:30.000000000,100330,194,100218,194,100470,194,100159,194,100589,194,100116,394,100666,194,100088,194,100734,194,100064,194,100751,100,100059,200,100953,100,100034,100,100997,100,100024,100,101113,100,99990,100,101327,100,99964,100
2019-06-28 09:44:37.969248711,100330,194,100218,294,100470,194,100159,194,100589,194,100116,394,100666,194,100088,194,100734,194,100064,194,100751,100,100059,200,100953,100,100034,100,100997,100,100024,100,101113,100,99990,100,101327,100,99964,100
2019-06-28 09:44:40.000000000,100330,572,100218,672,100470,100,100159,100,100589,100,100116,300,100666,100,100088,100,100734,100,100064,100,100751,100,100059,200,100953,100,100034,100,100997,100,100024,100,101113,100,99990,100,101327,100,99964,100
2019-06-28 09:44:50.000000000,100330,336,100218,436,100470,336,100159,336,100589,100,100116,300,100666,100,100088,100,100734,100,100064,100,100751,100,100059,200,100953,100,100034,100,100997,100,100024,100,101113,100,99990,100,101327,100,99964,100
2019-06-28 09:44:50.147038877,100330,336,100218,536,100470,336,100159,336,100589,100,100116,200,100666,100,100088,100,100734,100,100064,100,100751,100,100059,200,100953,100,100034,100,100997,100,100024,100,101113,100,99990,100,101327,100,99964,100
2019-06-28 09:45:00.000000000,100330,572,100218,772,100470,100,100159,100,100589,100,100116,200,100666,100,100088,100,100734,100,100064,100,100751,100,100059,200,100953,100,100034,100,100997,100,100024,100,101113,100,99990,100,101327,100,99964,100
2019-06-28 09:45:10.000000000,100330,218,100218,418,100470,218,100159,218,100589,218,100116,318,100666,218,100088,218,100734,100,100064,100,100751,100,100059,200,100953,100,100034,100,100997,100,100024,100,101113,100,99990,100,101327,100,99964,100
2019-06-28 09:45:20.000000000,100330,260,100218,460,100470,256,100159,256,100589,256,100116,356,100666,100,100088,100,100734,100,100064,100,100751,100,100059,200,100953,100,100034,100,100997,100,100024,100,101113,100,99990,100,101327,100,99964,100
2019-06-28 09:45:25.913488606,100330,160,100218,460,100470,256,100159,256,100589,256,100116,356,100666,100,100088,100,100734,100,100064,100,100751,100,100059,200,100953,100,100034,100,100997,100,100024,100,101113,100,99990,100,101327,100,99964,100
2019-06-28 09:45:30.000000000,100470,336,100218,536,100589,336,100159,336,100666,100,100116,200,100734,100,100088,100,100751,100,100064,100,100953,100,100059,200,100997,100,100034,100,101113,100,100024,100,101327,100,99990,100,101404,100,99964,100
2019-06-28 09:45:40.000000000,100470,336,100218,536,100589,336,100159,336,100666,100,100116,200,100734,100,100088,100,100751,100,100064,100,100953,100,100059,200,100997,100,100034,100,101113,100,100024,100,101327,100,99990,100,101404,100,99964,100
2019-06-28 09:45:41.578902517,100470,336,100218,536,100589,336,100159,336,100666,100,100116,200,100734,100,100088,100,100751,100,100064,100,100953,100,100059,200,100997,100,100034,100,101113,100,100024,100,101327,100,99990,100,101404,100,99964,100
2019-06-28 09:45:41.584998198,100470,236,100218,536,100589,336,100159,336,100666,100,100116,200,100734,100,100088,100,100751,100,100064,100,100953,100,100059,200,100997,100,100034,100,101113,100,100024,100,101327,100,99990,100,101404,100,99964,100
2019-06-28 09:45:50.000000000,100589,194,100218,394,100666,194,100159,194,100734,194,100116,294,100751,194,100088,194,100953,194,100064,194,100997,100,100059,200,101113,100,100034,100,101327,100,100024,100,101404,100,99990,100,101481,100,99964,100
2019-06-28 09:45:57.189264859,100589,194,100330,100,100666,194,100218,394,100734,194,100159,194,100751,194,100116,294,100953,194,100088,194,100997,100,100064,194,101113,100,100059,100,101327,100,100034,100,101404,100,100024,100,101481,100,99990,100
2019-06-28 09:46:00.000000000,100589,218,100330,218,100666,218,100218,418,100734,218,100159,218,100751,218,100116,318,100953,100,100088,100,100997,100,100064,100,101113,100,100059,100,101327,100,100034,100,101404,100,100024,100,101481,100,99990,100
2019-06-28 09:46:10.000000000,100589,260,100330,260,100666,256,100218,456,100734,256,100159,256,100751,100,100116,200,100953,100,100088,100,100997,100,100064,100,101113,100,100059,100,101327,100,100034,100,101404,100,100024,100,101481,100,99990,100
2019-06-28 09:46:20.000000000,100589,260,100330,260,100666,256,100218,456,100734,256,100159,256,100751,100,100116,200,100953,100,100088,100,100997,100,100064,100,101113,100,100059,100,101327,100,100034,100,101404,100,100024,100,101481,100,99990,100
2019-06-28 09:46:30.000000000,100589,572,100330,572,100666,100,100218,300,100734,100,100159,100,100751,100,100116,200,100953,100,100088,100,100997,100,100064,100,101113,100,100059,100,101327,100,100034,100,101404,100,100024,100,101481,100,99990,100
2019-06-28 09:46:38.477863883,100589,572,100330,572,100666,100,100218,300,100734,100,100159,100,100751,100,100116,200,100953,100,100088,100,100997,100,100064,100,101113,100,100059,100,101327,100,100034,100,101373,100,100024,100,101404,100,99990,100
2019-06-28 09:46:40.000000000,100589,260,100330,260,100666,256,100218,456,100734,256,100159,256,100751,100,100116,200,100953,100,100088,100,100997,100,100064,100,101113,100,100059,100,101327,100,100034,100,101373,100,100024,100,101404,100,99990,100
2019-06-28 09:46:50.000000000,100589,336,100330,336,100666,336,100218,536,100734,100,100159,100,100751,100,100116,200,100953,100,100088,100,100997,100,100064,100,101113,100,100059,100,101327,100,100034,100,101373,100,100024,100,101404,100,99990,100
2019-06-28 09:46:58.115914661,100589,236,100330,336,100666,336,100218,536,100734,100,100159,100,100751,100,100116,200,100953,100,100088,100,100997,100,100064,100,101113,100,100059,100,101327,100,100034,100,101404,100,100024,100,101481,100,99990,100
2019-06-28 09:47:00.000000000,100666,572,100330,572,100734,100,100218,300,100751,100,100159,100,100953,100,100116,200,100997,100,100088,100,101113,100,100064,100,101327,100,100059,100,101404,100,100034,100,101481,100,100024,100,101502,100,99990,100
2019-06-28 09:47:07.080859701,100666,572,100330,572,100734,100,100218,300,100751,100,100159,100,100953,100,100116,100,100997,100,100088,100,101113,100,100064,100,101327,100,100059,100,101404,100,100034,100,101481,100,100024,100,101502,100,99990,100
2019-06-28 09:47:10.000000000,100666,572,100330,572,100734,100,100218,300,100751,100,100159,100,100953,100,100116,100,100997,100,100088,100,101113,100,100064,100,101327,100,100059,100,101404,100,100034,100,101481,100,100024,100,101502,100,99990,100
2019-06-28 09:47:20.000000000,100666,218,100330,218,100734,218,100218,418,100751,218,100159,218,100953,218,100116,218,100997,100,100088,100,101113,100,100064,100,101327,100,100059,100,101404,100,100034,100,101481,100,100024,100,101502,100,99990,100
2019-06-28 09:47:30.000000000,100666,572,100330,572,100734,100,100218,300,100751,100,100159,100,100953,100,100116,100,100997,100,100088,100,101113,100,100064,100,101327,100,100059,100,101404,100,100034,100,101481,100,100024,100,101502,100,99990,100
2019-06-28 09:47:31.476979797,100666,572,100330,572,100734,100,100218,300,100751,100,100159,100,100953,100,100116,100,100997,100,100088,100,101113,100,100064,100,101327,100,100059,100,101404,100,100034,100,101481,100,100024,100,101502,100,99990,100
2019-06-28 09:47:34.477246733,100666,572,100330,572,100751,100,100218,300,100953,100,100159,100,100997,100,100116,100,101113,100,100088,100,101327,100,100064,100,101404,100,100059,100,101481,100,100034,100,101502,100,100024,100,101511,100,99990,100
2019-06-28 09:47:37.895728895,100666,572,100470,100,100751,100,100330,572,100953,100,100218,300,100997,100,100159,100,101113,100,100116,100,101327,100,100088,100,101404,100,100064,100,101481,100,100059,100,101502,100,100034,100,101511,100,100024,100
2019-06-28 09:47:39.892542202,100666,572,100470,100,100751,100,100330,572,100953,100,100218,300,100997,100,100159,100,101113,100,100116,100,101327,100,100088,100,101404,100,100064,100,101502,100,100059,100,101511,100,100034,100,101540,100,100024,100
2019-06-28 09:47:40.000000000,100666,336,100470,336,100751,336,100330,336,100953,100,100218,300,100997,100,100159,100,101113,100,100116,100,101327,100,100088,100,101404,100,100064,100,101502,100,100059,100,101511,100,100034,100,101540,100,100024,100
2019-06-28 09:47:50.000000000,100666,260,100470,260,100751,256,100330,256,100953,256,100218,456,100997,100,100159,100,101113,100,100116,100,101327,100,100088,100,101404,100,100064,100,101502,100,100059,100,101511,100,100034,100,101540,100,100024,100
2019-06-28 09:48:00.000000000,100666,194,100470,194,100751,194,100330,194,100953,194,100218,394,100997,194,100159,194,101113,194,100116,194,101327,100,100088,100,101404,100,100064,100,101502,100,100059,100,101511,100,100034,100,101540,100,100024,100
2019-06-28 09:48:10.000000000,100666,260,100470,260,100751,256,100330,256,100953,256,100218,456,100997,100,100159,100,101113,100,100116,100,101327,100,100088,100,101404,100,100064,100,101502,100,100059,100,101511,100,100034,100,101540,100,100024,100
2019-06-28 09:48:20.000000000,100666,218,100470,218,100751,218,100330,218,100953,218,100218,418,100997,218,100159,218,101113,100,100116,100,101327,100,100088,100,101404,100,100064,100,101502,100,100059,100,101511,100,100034,100,101540,100,100024,100
2019-06-28 09:48:22.058605475,100666,218,100470,218,100751,218,100330,218,100953,218,100218,418,100997,218,100159,218,101113,100,100116,100,101327,100,100088,100,101404,100,100064,100,101453,100,100059,100,101502,100,100034,100,101511,100,100024,100
2019-06-28 09:48:29.919594817,100666,118,100470,218,100751,218,100330,218,100953,218,100218,418,100997,218,100159,218,101113,100,100116,100,101327,100,100088,100,101404,100,100064,100,101453,100,100059,100,101482,100,100034,100,101502,100,100024,100
2019-06-28 09:48:30.000000000,100751,194,100470,194,100953,194,100330,194,100997,194,100218,394,101113,194,100159,194,101327,194,100116,194,101404,100,100088,100,101453,100,100064,100,101482,100,100059,100,101502,100,100034,100,101511,100,100024,100
2019-06-28 09:48:30.249416541,100751,94,100470,194,100953,194,100330,194,100997,194,100218,394,101113,194,100159,194,101327,194,100116,194,101404,100,100088,100,101453,100,100064,100,101482,100,100059,100,101502,100,100034,100,101511,100,100024,100
2019-06-28 09:48:38.142221094,100953,194,100751,6,100997,194,100470,194,101113,194,100330,194,101327,194,100218,394,101404,100,100159,194,101453,100,100116,194,101482,100,100088,100,101502,100,100064,100,101511,100,100059,100,101540,100,100034,100
2019-06-28 09:48:40.000000000,100953,336,100751,242,100997,336,100470,336,101113,100,100330,100,101327,100,100218,300,101404,100,100159,100,101453,100,100116,100,101482,100,100088,100,101502,100,100064,100,101511,100,100059,100,101540,100,100034,100
2019-06-28 09:48:50.000000000,100953,218,100751,124,100997,218,100470,218,101113,218,100330,218,101327,218,100218,418,101404,100,100159,100,101453,100,100116,100,101482,100,100088,100,101502,100,100064,100,101511,100,100059,100,101540,100,100034,100
2019-06-28 09:49:00.000000000,100953,572,100751,478,100997,100,100470,100,101113,100,100330,100,101327,100,100218,300,101404,100,100159,100,101453,100,100116,100,101482,100,100088,100,101502,100,100064,100,101511,100,100059,100,101540,100,100034,100
2019-06-28 09:49:09.541718364,100953,572,100942,100,100997,100,100751,478,101113,100,100470,100,101327,100,100330,100,101404,100,100218,300,101453,100,100159,100,101482,100,100116,100,101502,100,100088,100,101511,100,100064,100,101540,100,100059,100
2019-06-28 09:49:10.000000000,100953,572,100942,572,100997,100,100751,6,101113,100,100470,100,101327,100,100330,100,101404,100,100218,300,101453,100,100159,100,101482,100,100116,100,101502,100,100088,100,101511,100,100064,100,101540,100,100059,100
2019-06-28 09:49:20.000000000,100953,572,100942,572,100997,100,100751,6,101113,100,100470,100,101327,100,100330,100,101404,100,100218,300,101453,100,100159,100,101482,100,100116,100,101502,100,100088,100,101511,100,100064,100,101540,100,100059,100
2019-06-28 09:49:28.237048182,100953,572,100942,572,100997,100,100751,6,101113,100,100470,100,101327,100,100330,100,101404,100,100218,300,101406,100,100159,100,101453,100,100116,100,101482,100,100088,100,101502,100,100064,100,101511,100,100059,100
2019-06-28 09:49:30.000000000,100953,194,100942,194,100997,194,100751,100,101113,194,100470,194,101327,194,100330,194,101404,194,100218,394,101406,100,100159,100,101453,100,100116,100,101482,100,100088,100,101502,100,100064,100,101511,100,100059,100
2019-06-28 09:49:30.357824412,100953,194,100942,194,100997,194,100751,100,101113,194,100470,194,101184,100,100330,194,101327,194,100218,394,101404,194,100159,100,101406,100,100116,100,101453,100,100088,100,101482,100,100064,100,101502,100,100059,100
2019-06-28 09:49:37.260835370,100953,194,100942,194,100997,194,100751,100,101113,194,100470,194,101140,100,100330,194,101184,100,100218,394,101327,194,100159,100,101404,194,100116,100,101406,100,100088,100,101453,100,100064,100,101482,100,100059,100
2019-06-28 09:49:40.000000000,100953,194,100942,194,100997,194,100751,100,101113,194,100470,194,101140,194,100330,194,101184,194,100218,394,101327,100,100159,100,101404,100,100116,100,101406,100,100088,100,101453,100,100064,100,101482,100,100059,100
2019-06-28 09:49:46.760953019,100953,194,100942,194,100997,194,100751,100,101113,194,100666,100,101140,194,100470,94,101184,194,100330,194,101327,100,100218,394,101404,100,100159,100,101406,100,100116,100,101453,100,100088,100,101482,100,100064,100
2019-06-28 09:49:48.475383161,100953,194,100942,194,100997,194,100862,100,101113,194,100751,100,101140,194,100666,100,101184,194,100470,94,101327,100,100330,194,101404,100,100218,394,101406,100,100159,100,101453,100,100116,100,101482,100,100088,100
2019-06-28 09:49:50.000000000,100953,572,100942,572,100997,100,100862,100,101113,100,100751,6,101140,100,100666,100,101184,100,100330,100,101327,100,100218,300,101404,100,100159,100,101406,100,100116,100,101453,100,100088,100,101482,100,100064,100
2019-06-28 09:50:00.000000000,100953,260,100942,260,100997,256,100862,256,101113,256,100751,162,101140,100,100666,100,101184,100,100330,100,101327,100,100218,300,101404,100,100159,100,101406,100,100116,100,101453,100,100088,100,101482,100,100064,100
2019-06-28 09:50:10.000000000,100953,572,100942,572,100997,100,100862,100,101113,100,100751,6,101140,100,100666,100,101184,100,100330,100,101327,100,100218,300,101404,100,100159,100,101406,100,100116,100,101453,100,100088,100,101482,100,100064,100
2019-06-28 09:50:19.618594440,100953,572,100942,572,100997,100,100862,100,101113,100,100666,100,101140,100,100330,100,101184,100,100218,300,101193,100,100159,100,101327,100,100116,100,101404,100,100088,100,101406,100,100064,100,101453,100,100059,100
2019-06-28 09:50:20.000000000,100953,572,100942,572,100997,100,100862,100,101113,100,100666,100,101140,100,100330,100,101184,100,100218,300,101193,100,100159,100,101327,100,100116,100,101404,100,100088,100,101406,100,100064,100,101453,100,100059,100
2019-06-28 09:50:24.868460887,100953,572,100942,572,100997,100,100862,100,101113,100,100666,100,101140,100,100330,100,101184,100,100218,300,101193,100,100159,100,101327,100,100116,100,101347,100,100088,100,101404,100,100064,100,101406,100,100059,100
2019-06-28 09:50:26.664517121,100953,572,100942,572,100997,100,100862,100,101113,100,100666,100,101140,100,100330,100,101177,100,100218,300,101184,100,100159,100,101193,100,100116,100,101327,100,100088,100,101347,100,100064,100,101404,100,100059,100
2019-06-28 09:50:30.000000000,100953,572,100942,572,100997,100,100862,100,101113,100,100666,100,101140,100,100330,100,101177,100,100218,300,101184,100,100159,100,101193,100,100116,100,101327,100,100088,100,101347,100,100064,100,101404,100,100059,100
2019-06-28 09:50:40.000000000,100953,336,100942,336,100997,336,100862,336,101113,100,100666,100,101140,100,100330,100,101177,100,100218,300,101184,100,100159,100,101193,100,100116,100,101327,100,100088,100,101347,100,100064,100,101404,100,100059,100
2019-06-28 09:50:40.287760760,100953,336,100942,336,100997,336,100862,336,101113,100,100666,100,101140,100,100330,100,101177,100,100218,300,101184,100,100159,100,101193,100,100116,100,101327,100,100088,100,101347,100,100059,100,101404,100,100034,100
2019-06-28 09:50:48.470994474,100953,336,100942,336,100997,336,100862,336,101113,100,100666,200,101140,100,100330,100,101177,100,100218,300,101184,100,100159,100,101193,100,100116,100,101327,100,100088,100,101347,100,100059,100,101404,100,100034,100
2019-06-28 09:50:50.000000000,100953,260,100942,260,100997,256,100862,256,101113,256,100666,356,101140,100,100330,100,101177,100,100218,300,101184,100,100159,100,101193,100,100116,100,101327,100,100088,100,101347,100,100059,100,101404,100,100034,100
2019-06-28 09:50:58.631156211,100953,260,100942,260,100997,256,100862,256,101113,256,100666,356,101140,100,100218,300,101177,100,100159,100,101184,100,100116,100,101193,100,100088,100,101327,100,100059,100,101347,100,100034,100,101404,100,100024,100
2019-06-28 09:51:00.000000000,100953,336,100942,336,100997,336,100862,336,101113,100,100666,200,101140,100,100218,300,101177,100,100159,100,101184,100,100116,100,101193,100,100088,100,101327,100,100059,100,101347,100,100034,100,101404,100,100024,100
2019-06-28 09:51:00.945304577,100953,336,100942,336,100997,336,100862,336,101113,100,100666,300,101140,100,100218,300,101177,100,100159,100,101184,100,100116,100,101193,100,100088,100,101327,100,100059,100,101347,100,100024,100,101404,100,99990,100
2019-06-28 09:51:10.000000000,100953,260,100942,260,100997,256,100862,256,101113,256,100666,456,101140,100,100218,300,101177,100,100159,100,101184,100,100116,100,101193,100,100088,100,101327,100,100059,100,101347,100,100024,100,101404,100,99990,100
2019-06-28 09:51:12.077420952,100953,260,100942,260,100997,256,100862,256,101113,256,100666,456,101140,100,100528,100,101177,100,100218,300,101184,100,100159,100,101193,100,100116,100,101327,100,100088,100,101347,100,100059,100,101404,100,100024,100
2019-06-28 09:51:12.568792676,100953,260,100942,260,100997,256,100862,256,101113,256,100666,456,101177,100,100566,100,101184,100,100528,100,101193,100,100218,300,101327,100,100159,100,101347,100,100116,100,101404,100,100088,100,101406,100,100059,100
2019-06-28 09:51:15.434391335,100953,260,100942,260,100997,256,100862,256,101113,256,100691,100,101177,100,100666,456,101184,100,100566,100,101193,100,100528,100,101327,100,100218,300,101347,100,100159,100,101404,100,100116,100,101406,100,100088,100
2019-06-28 09:51:20.000000000,100953,572,100942,572,100997,100,100862,100,101113,100,100691,100,101177,100,100666,300,101184,100,100566,100,101193,100,100528,100,101327,100,100218,300,101347,100,100159,100,101404,100,100116,100,101406,100,100088,100
2019-06-28 09:51:30.000000000,100953,572,100942,572,100997,100,100862,100,101113,100,100691,100,101177,100,100666,300,101184,100,100566,100,101193,100,100528,100,101327,100,100218,300,101347,100,100159,100,101404,100,100116,100,101406,100,100088,100
2019-06-28 09:51:40.000000000,100953,572,100942,572,100997,100,100862,100,101113,100,100691,100,101177,100,100666,300,101184,100,100566,100,101193,100,100528,100,101327,100,100218,300,101347,100,100159,100,101404,100,100116,100,101406,100,100088,100
2019-06-28 09:51:45.190249342,100953,572,100942,572,100997,100,100862,100,101113,100,100756,100,101177,100,100691,100,101184,100,100666,300,101193,100,100566,100,101327,100,100528,100,101347,100,100218,300,101404,100,100159,100,101406,100,100116,100
2019-06-28 09:51:50.000000000,100953,260,100942,260,100997,256,100862,256,101113,256,100756,256,101177,100,100691,100,101184,100,100666,300,101193,100,100566,100,101327,100,100528,100,101347,100,100218,300,101404,100,100159,100,101406,100,100116,100
2019-06-28 09:51:50.649419790,100952,100,100942,260,100953,260,100862,256,100997,256,100756,256,101113,256,100691,100,101177,100,100666,300,101184,100,100566,100,101193,100,100528,100,101327,100,100218,300,101347,100,100159,100,101404,100,100116,100
2019-06-28 09:52:00.000000000,100952,572,100942,572,100953,100,100862,100,100997,100,100756,100,101113,100,100691,100,101177,100,100666,300,101184,100,100566,100,101193,100,100528,100,101327,100,100218,300,101347,100,100159,100,101404,100,100116,100
2019-06-28 09:52:09.206560178,100952,572,100942,572,100953,100,100862,100,100997,100,100756,100,101113,100,100691,100,101177,100,100666,300,101184,100,100566,100,101193,100,100528,100,101327,100,100218,300,101347,100,100159,100,101404,100,100116,100
2019-06-28 09:52:10.000000000,100952,336,100942,336,100953,336,100862,336,100997,100,100756,100,101113,100,100691,100,101177,100,100666,300,101184,100,100566,100,101193,100,100528,100,101327,100,100218,300,101347,100,100159,100,101404,100,100116,100
2019-06-28 09:52:12.279405817,100952,336,100942,336,100953,336,100862,336,100997,100,100756,100,101022,100,100691,100,101113,100,100666,300,101177,100,100566,100,101184,100,100528,100,101193,100,100218,300,101327,100,100159,100,101347,100,100116,100
2019-06-28 09:52:20.000000000,100952,336,100942,336,100953,336,100862,336,100997,100,100756,100,101022,100,100691,100,101113,100,100666,300,101177,100,100566,100,101184,100,100528,100,101193,100,100218,300,101327,100,100159,100,101347,100,100116,100
2019-06-28 09:52:30.000000000,100952,194,100942,194,100953,194,100862,194,100997,194,100756,194,101022,194,100691,194,101113,194,100666,394,101177,100,100566,100,101184,100,100528,100,101193,100,100218,300,101327,100,100159,100,101347,100,100116,100
2019-06-28 09:52:40.000000000,100952,260,100942,260,100953,256,100862,256,100997,256,100756,256,101022,100,100691,100,101113,100,100666,300,101177,100,100566,100,101184,100,100528,100,101193,100,100218,300,101327,100,100159,100,101347,100,100116,100
2019-06-28 09:52:41.543168846,100952,260,100942,260,100953,256,100862,256,100997,256,100756,256,101022,100,100691,100,101079,100,100666,300,101113,100,100566,100,101177,100,100528,100,101184,100,100218,300,101193,100,100159,100,101327,100,100116,100
2019-06-28 09:52:41.851952166,100952,260,100942,260,100953,256,100862,256,100997,256,100756,256,101022,100,100691,100,101079,100,100666,300,101113,100,100573,100,101177,100,100566,100,101184,100,100528,100,101193,100,100218,300,101327,100,100159,100
2019-06-28 09:52:50.000000000,100952,194,100942,194,100953,194,100862,194,100997,194,100756,194,101022,194,100691,194,101079,194,100666,394,101113,100,100573,100,101177,100,100566,100,101184,100,100528,100,101193,100,100218,300,101327,100,100159,100
2019-06-28 09:52:50.070466489,100952,194,100942,194,100953,194,100876,100,100997,194,100862,194,101022,194,100756,194,101079,194,100691,194,101113,100,100666,394,101177,100,100573,100,101184,100,100566,100,101193,100,100528,100,101327,100,100218,300
2019-06-28 09:53:00.000000000,100952,572,100942,572,100953,100,100876,100,100997,100,100862,100,101022,100,100756,100,101079,100,100691,100,101113,100,100666,300,101177,100,100573,100,101184,100,100566,100,101193,100,100528,100,101327,100,100218,300
2019-06-28 09:53:09.435538618,100952,572,100942,472,100953,100,100876,100,100997,100,100862,100,101022,100,100756,100,101079,100,100691,100,101113,100,100666,200,101177,100,100573,100,101184,100,100566,100,101193,100,100528,100,101327,100,100218,300
2019-06-28 09:53:09.941948523,100952,572,100942,472,100953,100,100876,100,100997,100,100862,100,101022,100,100756,100,101079,100,100691,100,101113,100,100666,200,101177,100,100573,100,101184,100,100566,100,101193,100,100528,100,101327,100,100524,100
2019-06-28 09:53:10.000000000,100952,260,100876,260,100953,256,100862,256,100997,256,100756,256,101022,100,100691,100,101079,100,100666,200,101113,100,100573,100,101177,100,100566,100,101184,100,100528,100,101193,100,100524,100,101327,100,100218,300
2019-06-28 09:53:20.000000000,100952,572,100876,572,100953,100,100862,100,100997,100,100756,100,101022,100,100691,100,101079,100,100666,200,101113,100,100573,100,101177,100,100566,100,101184,100,100528,100,101193,100,100524,100,101327,100,100218,300
2019-06-28 09:53:23.732272275,100952,572,100876,472,100953,100,100862,100,100997,100,100756,100,101022,100,100691,100,101079,100,100666,200,101113,100,100573,100,101177,100,100566,100,101184,100,100528,100,101193,100,100524,100,101327,100,100218,300
2019-06-28 09:53:30.000000000,100952,572,100862,572,100953,100,100756,100,100997,100,100691,100,101022,100,100666,200,101079,100,100573,100,101113,100,100566,100,101177,100,100528,100,101184,100,100524,100,101193,100,100218,300,101327,100,100159,100
2019-06-28 09:53:40.000000000,100952,260,100862,260,100953,256,100756,256,100997,256,100691,256,101022,100,100666,200,101079,100,100573,100,101113,100,100566,100,101177,100,100528,100,101184,100,100524,100,101193,100,100218,300,101327,100,100159,100
2019-06-28 09:53:50.000000000,100952,336,100862,336,100953,336,100756,336,100997,100,100691,100,101022,100,100666,200,101079,100,100573,100,101113,100,100566,100,101177,100,100528,100,101184,100,100524,100,101193,100,100218,300,101327,100,100159,100
2019-06-28 09:53:54.887291222,100952,336,100862,336,100953,336,100777,100,100997,100,100756,336,101022,100,100691,100,101079,100,100666,200,101113,100,100573,100,101177,100,100566,100,101184,100,100528,100,101193,100,100524,100,101327,100,100218,300
2019-06-28 09:54:00.000000000,100952,218,100862,218,100953,218,100777,218,100997,218,100756,218,101022,218,100691,218,101079,100,100666,200,101113,100,100573,100,101177,100,100566,100,101184,100,100528,100,101193,100,100524,100,101327,100,100218,300
2019-06-28 09:54:08.944584550,100942,100,100862,218,100952,218,100777,218,100953,218,100756,218,100997,218,100691,218,101022,218,100666,200,101079,100,100573,100,101113,100,100566,100,101177,100,100528,100,101184,100,100524,100,101193,100,100218,300
2019-06-28 09:54:10.000000000,100942,572,100862,572,100952,100,100777,100,100953,100,100756,100,100997,100,100691,100,101022,100,100666,200,101079,100,100573,100,101113,100,100566,100,101177,100,100528,100,101184,100,100524,100,101193,100,100218,300
2019-06-28 09:54:20.000000000,100942,336,100862,336,100952,336,100777,336,100953,100,100756,100,100997,100,100691,100,101022,100,100666,200,101079,100,100573,100,101113,100,100566,100,101177,100,100528,100,101184,100,100524,100,101193,100,100218,300
2019-06-28 09:54:24.188282948,100880,100,100862,336,100942,336,100777,336,100952,336,100756,100,100953,100,100691,100,100997,100,100666,200,101022,100,100573,100,101079,100,100566,100,101177,100,100528,100,101184,100,100524,100,101193,100,100218,300
2019-06-28 09:54:30.000000000,100880,336,100862,336,100942,336,100777,336,100952,100,100756,100,100953,100,100691,100,100997,100,100666,200,101022,100,100573,100,101079,100,100566,100,101177,100,100528,100,101184,100,100524,100,101193,100,100218,300
2019-06-28 09:54:30.492630686,100880,336,100862,336,100942,436,100777,336,100952,100,100756,100,100953,100,100691,100,100997,100,100666,200,101022,100,100573,100,101079,100,100566,100,101177,100,100528,100,101184,100,100524,100,101193,100,100218,300
2019-06-28 09:54:40.000000000,100880,260,100862,260,100942,356,100777,256,100952,256,100756,256,100953,100,100691,100,100997,100,100666,200,101022,100,100573,100,101079,100,100566,100,101177,100,100528,100,101184,100,100524,100,101193,100,100218,300
2019-06-28 09:54:41.052447523,100880,260,100862,260,100894,100,100777,256,100942,356,100756,256,100952,256,100691,100,100953,100,100666,200,100997,100,100573,100,101022,100,100566,100,101079,100,100528,100,101177,100,100218,300,101184,100,100159,100
2019-06-28 09:54:50.000000000,100880,194,100862,194,100894,194,100777,194,100942,294,100756,194,100952,194,100691,194,100953,194,100666,294,100997,100,100573,100,101022,100,100566,100,101079,100,100528,100,101177,100,100218,300,101184,100,100159,100
2019-06-28 09:54:56.920335258,100880,194,100862,194,100894,194,100777,194,100942,294,100756,194,100952,194,100691,194,100953,194,100667,100,100997,100,100666,294,101022,100,100573,100,101079,100,100566,100,101177,100,100528,100,101184,100,100218,300
2019-06-28 09:54:59.539455545,100880,194,100862,194,100894,194,100777,194,100942,294,100756,194,100952,194,100691,194,100953,194,100667,100,100997,100,100666,294,101022,100,100573,100,101079,100,100567,100,101177,100,100566,100,101184,100,100528,100
2019-06-28 09:55:00.000000000,100880,218,100862,218,100894,218,100777,218,100942,318,100756,218,100952,218,100691,218,100953,100,100667,100,100997,100,100666,200,101022,100,100573,100,101079,100,100567,100,101177,100,100566,100,101184,100,100528,100
2019-06-28 09:55:03.395130517,100880,118,100862,218,100894,218,100777,218,100942,318,100756,218,100952,218,100691,218,100953,100,100667,100,100997,100,100666,200,101022,100,100619,100,101079,100,100573,100,101177,100,100567,100,101184,100,100566,100
2019-06-28 09:55:04.579007317,100880,118,100862,218,100894,218,100777,218,100942,318,100756,218,100952,218,100691,218,100953,100,100667,200,100997,100,100666,200,101022,100,100619,100,101079,100,100573,100,101177,100,100567,100,101184,100,100566,100
2019-06-28 09:55:05.954196187,100880,118,100862,118,100894,218,100777,218,100942,318,100756,218,100952,218,100691,218,100953,100,100667,200,100997,100,100666,200,101022,100,100619,100,101079,100,100573,100,101177,100,100567,100,101184,100,100566,100
2019-06-28 09:55:07.047056213,100880,118,100862,18,100894,218,100777,218,100942,318,100756,218,100952,218,100691,218,100953,100,100667,200,100997,100,100666,200,101022,100,100619,100,101079,100,100573,100,101177,100,100567,100,101184,100,100566,100
2019-06-28 09:55:10.000000000,100894,194,100777,194,100942,294,100756,194,100952,194,100691,194,100953,194,100667,294,100997,194,100666,294,101022,100,100619,100,101079,100,100573,100,101177,100,100567,100,101184,100,100566,100,101193,100,100528,100
2019-06-28 09:55:20.000000000,100894,260,100777,260,100942,356,100756,256,100952,256,100691,256,100953,100,100667,200,100997,100,100666,200,101022,100,100619,100,101079,100,100573,100,101177,100,100567,100,101184,100,100566,100,101193,100,100528,100
2019-06-28 09:55:30.000000000,100894,336,100777,336,100942,436,100756,336,100952,100,100691,100,100953,100,100667,200,100997,100,100666,200,101022,100,100619,100,101079,100,100573,100,101177,100,100567,100,101184,100,100566,100,101193,100,100528,100
2019-06-28 09:55:32.471925635,100894,336,100777,336,100942,436,100756,336,100952,100,100667,200,100953,100,100666,200,100997,100,100619,100,101000,100,100573,100,101022,100,100567,100,101079,100,100566,100,101177,100,100528,100,101184,100,100218,300
2019-06-28 09:55:34.342841393,100862,100,100777,336,100894,336,100756,336,100942,436,100667,200,100952,100,100666,200,100953,100,100619,100,100997,100,100573,100,101000,100,100567,100,101022,100,100566,100,101079,100,100528,100,101177,100,100218,300
2019-06-28 09:55:40.000000000,100862,194,100777,194,100894,194,100756,194,100942,294,100667,294,100952,194,100666,294,100953,194,100619,194,100997,100,100573,100,101000,100,100567,100,101022,100,100566,100,101079,100,100528,100,101177,100,100218,300
2019-06-28 09:55:41.396433820,100862,194,100777,194,100894,194,100756,194,100942,294,100667,294,100952,194,100666,294,100953,194,100620,100,100997,100,100619,194,101000,100,100573,100,101022,100,100567,100,101079,100,100566,100,101177,100,100528,100
2019-06-28 09:55:50.000000000,100862,336,100777,336,100894,336,100756,336,100942,200,100667,200,100952,100,100666,200,100953,100,100620,100,100997,100,100619,100,101000,100,100573,100,101022,100,100567,100,101079,100,100566,100,101177,100,100528,100
2019-06-28 09:56:00.000000000,100862,572,100777,572,100894,100,100756,100,100942,200,100667,200,100952,100,100666,200,100953,100,100620,100,100997,100,100619,100,101000,100,100573,100,101022,100,100567,100,101079,100,100566,100,101177,100,100528,100
2019-06-28 09:56:08.694834009,100862,672,100777,572,100894,100,100756,100,100942,200,100667,200,100952,100,100666,200,100953,100,100620,100,100997,100,100619,100,101000,100,100573,100,101022,100,100567,100,101079,100,100566,100,101177,100,100528,100
2019-06-28 09:56:08.826280748,100862,572,100777,572,100894,100,100756,100,100942,200,100667,200,100952,100,100666,200,100953,100,100620,100,100997,100,100619,100,101000,100,100573,100,101022,100,100567,100,101079,100,100566,100,101177,100,100528,100
2019-06-28 09:56:10.000000000,100862,572,100777,572,100894,100,100756,100,100942,200,100667,200,100952,100,100666,200,100953,100,100620,100,100997,100,100619,100,101000,100,100573,100,101022,100,100567,100,101079,100,100566,100,101177,100,100528,100
2019-06-28 09:56:20.000000000,100862,194,100777,194,100894,194,100756,194,100942,294,100667,294,100952,194,100666,294,100953,194,100620,194,100997,100,100619,100,101000,100,100573,100,101022,100,100567,100,101079,100,100566,100,101177,100,100528,100
2019-06-28 09:56:27.277449411,100862,194,100777,94,100894,194,100756,194,100942,294,100667,294,100952,194,100666,294,100953,194,100620,194,100997,100,100619,100,101000,100,100573,100,101022,100,100566,100,101079,100,100528,100,101177,100,100218,200
2019-06-28 09:56:30.000000000,100862,260,100756,260,100894,256,100667,356,100942,356,100666,356,100952,100,100620,100,100953,100,100619,100,100997,100,100573,100,101000,100,100566,100,101022,100,100528,100,101079,100,100218,200,101177,100,100159,100
2019-06-28 09:56:30.049015470,100862,260,100756,260,100894,256,100667,356,100942,356,100666,356,100952,100,100620,100,100953,100,100619,100,100997,100,100573,100,101000,100,100528,200,101022,100,100218,200,101079,100,100159,100,101177,100,100088,100
2019-06-28 09:56:40.000000000,100862,336,100756,336,100894,336,100667,436,100942,200,100666,200,100952,100,100620,100,100953,100,100619,100,100997,100,100573,100,101000,100,100528,200,101022,100,100218,200,101079,100,100159,100,101177,100,100088,100
2019-06-28 09:56:50.000000000,100862,572,100756,572,100894,100,100667,200,100942,200,100666,200,100952,100,100620,100,100953,100,100619,100,100997,100,100573,100,101000,100,100528,200,101022,100,100218,200,101079,100,100159,100,101177,100,100088,100
2019-06-28 09:57:00.000000000,100862,218,100756,218,100894,218,100667,318,100942,318,100666,318,100952,218,100620,218,100953,100,100619,100,100997,100,100573,100,101000,100,100528,200,101022,100,100218,200,101079,100,100159,100,101177,100,100088,100
2019-06-28 09:57:10.000000000,100862,572,100756,572,100894,100,100667,200,100942,200,100666,200,100952,100,100620,100,100953,100,100619,100,100997,100,100573,100,101000,100,100528,200,101022,100,100218,200,101079,100,100159,100,101177,100,100088,100
2019-06-28 09:57:15.467584673,100862,572,100756,472,100894,100,100667,200,100942,200,100666,200,100952,100,100620,100,100953,100,100619,100,100997,100,100573,100,101000,100,100528,200,101022,100,100218,200,101079,100,100159,100,101177,100,100088,100
2019-06-28 09:57:20.000000000,100862,336,100667,436,100894,336,100666,436,100942,200,100620,100,100952,100,100619,100,100953,100,100573,100,100997,100,100528,200,101000,100,100218,200,101022,100,100159,100,101079,100,100088,100,101177,100,99925,100
2019-06-28 09:57:22.417708206,100862,336,100667,436,100894,336,100666,436,100942,200,100620,100,100952,100,100619,100,100953,100,100573,100,100997,100,100536,100,101000,100,100528,200,101022,100,100218,200,101079,100,100159,100,101177,100,100088,100
2019-06-28 09:57:26.104533060,100777,100,100667,436,100862,336,100666,436,100894,336,100620,100,100942,200,100619,100,100952,100,100573,100,100953,100,100536,100,100997,100,100528,200,101000,100,100218,200,101022,100,100159,100,101079,100,100088,100
2019-06-28 09:57:28.205342531,100777,100,100667,336,100862,336,100666,436,100894,336,100620,100,100942,200,100619,100,100952,100,100573,100,100953,100,100536,100,100997,100,100528,200,101000,100,100218,200,101022,100,100159,100,101079,100,100088,100
2019-06-28 09:57:30.000000000,100777,260,100667,260,100862,256,100666,356,100894,256,100620,256,100942,200,100619,100,100952,100,100573,100,100953,100,100536,100,100997,100,100528,200,101000,100,100218,200,101022,100,100159,100,101079,100,100088,100
2019-06-28 09:57:30.465374688,100777,260,100667,260,100862,256,100666,356,100894,256,100620,256,100942,200,100619,100,100952,100,100573,100,100953,100,100536,100,100997,100,100528,200,101000,100,100391,100,101022,100,100218,200,101079,100,100159,100
2019-06-28 09:57:38.744876800,100777,260,100667,260,100862,256,100666,356,100894,256,100620,256,100942,200,100619,100,100952,100,100573,100,100953,100,100536,100,100997,100,100528,200,101000,100,100391,100,101022,100,100315,100,101079,100,100218,200
2019-06-28 09:57:40.000000000,100777,336,100667,336,100862,336,100666,436,100894,100,100620,100,100942,200,100619,100,100952,100,100573,100,100953,100,100536,100,100997,100,100528,200,101000,100,100391,100,101022,100,100315,100,101079,100,100218,200
2019-06-28 09:57:48.155754043,100777,336,100667,336,100862,336,100666,436,100894,100,100620,100,100942,200,100619,100,100952,100,100573,100,100953,100,100536,100,100997,100,100528,300,101000,100,100391,100,101022,100,100315,100,101079,100,100218,200
2019-06-28 09:57:50.000000000,100777,218,100667,218,100862,218,100666,318,100894,218,100620,218,100942,318,100619,218,100952,100,100573,100,100953,100,100536,100,100997,100,100528,300,101000,100,100391,100,101022,100,100315,100,101079,100,100218,200
2019-06-28 09:58:00.000000000,100777,218,100667,218,100862,218,100666,318,100894,218,100620,218,100942,318,100619,218,100952,100,100573,100,100953,100,100536,100,100997,100,100528,300,101000,100,100391,100,101022,100,100315,100,101079,100,100218,200
2019-06-28 09:58:00.502719617,100756,100,100667,218,100777,218,100666,318,100862,218,100620,218,100894,218,100619,218,100942,318,100573,100,100952,100,100536,100,100953,100,100528,300,100997,100,100391,100,101000,100,100315,100,101022,100,100218,200
2019-06-28 09:58:10.000000000,100756,572,100667,572,100777,100,100666,200,100862,100,100620,100,100894,100,100619,100,100942,200,100573,100,100952,100,100536,100,100953,100,100528,300,100997,100,100391,100,101000,100,100315,100,101022,100,100218,200
2019-06-28 09:58:19.241009359,100756,572,100667,572,100777,100,100666,200,100862,100,100620,100,100894,100,100619,100,100942,200,100573,100,100952,100,100536,100,100953,100,100528,300,100997,100,100391,100,101000,100,100315,100,101022,100,100218,200
2019-06-28 09:58:20.000000000,100756,336,100667,336,100777,336,100666,436,100862,100,100620,100,100894,100,100619,100,100942,200,100573,100,100952,100,100536,100,100953,100,100528,300,100997,100,100391,100,101000,100,100315,100,101022,100,100218,200
2019-06-28 09:58:30.000000000,100756,218,100667,218,100777,218,100666,318,100862,218,100620,218,100894,218,100619,218,100942,200,100573,100,100952,100,100536,100,100953,100,100528,300,100997,100,100391,100,101000,100,100315,100,101022,100,100218,200
2019-06-28 09:58:30.175372573,100756,218,100667,218,100777,218,100666,318,100862,218,100620,218,100894,218,100619,218,100942,200,100573,100,100952,100,100536,100,100953,100,100528,300,100997,100,100391,100,101000,100,100315,100,101022,100,100240,100
2019-06-28 09:58:40.000000000,100756,218,100667,218,100777,218,100666,318,100862,218,100620,218,100894,218,100619,218,100942,200,100573,100,100952,100,100536,100,100953,100,100528,300,100997,100,100391,100,101000,100,100315,100,101022,100,100240,100
2019-06-28 09:58:50.000000000,100756,572,100667,572,100777,100,100666,200,100862,100,100620,100,100894,100,100619,100,100942,200,100573,100,100952,100,100536,100,100953,100,100528,300,100997,100,100391,100,101000,100,100315,100,101022,100,100240,100
2019-06-28 09:58:52.172212914,100756,572,100667,572,100777,100,100666,200,100862,100,100659,100,100894,100,100620,100,100942,200,100619,100,100953,100,100573,100,100997,100,100536,100,101000,100,100528,300,101022,100,100391,100,101177,100,100315,100
2019-06-28 09:59:00.000000000,100756,336,100667,336,100777,336,100666,436,100862,100,100659,100,100894,100,100620,100,100942,200,100619,100,100953,100,100573,100,100997,100,100536,100,101000,100,100528,300,101022,100,100391,100,101177,100,100315,100
2019-06-28 09:59:06.188233916,100676,100,100667,336,100756,336,100666,436,100777,336,100659,100,100862,100,100620,100,100894,100,100619,100,100942,200,100573,100,100997,100,100536,100,101000,100,100528,300,101022,100,100391,100,101177,100,100315,100
2019-06-28 09:59:10.000000000,100676,336,100667,336,100756,336,100666,436,100777,100,100659,100,100862,100,100620,100,100894,100,100619,100,100942,200,100573,100,100997,100,100536,100,101000,100,100528,300,101022,100,100391,100,101177,100,100315,100
2019-06-28 09:59:20.000000000,100676,260,100667,260,100756,256,100666,356,100777,256,100659,256,100862,100,100620,100,100894,100,100619,100,100942,200,100573,100,100997,100,100536,100,101000,100,100528,300,101022,100,100391,100,101177,100,100315,100
2019-06-28 09:59:22.250542354,100676,160,100667,260,100756,256,100666,356,100777,256,100659,256,100862,100,100620,100,100894,100,100619,100,100942,200,100573,100,100997,100,100536,100,101000,100,100528,300,101022,100,100391,100,101177,100,100315,100
2019-06-28 09:59:24.620883329,100676,160,100667,260,100716,100,100666,356,100756,256,100659,256,100777,256,100620,100,100862,100,100619,100,100894,100,100573,100,100942,200,100536,100,100997,100,100528,300,101000,100,100391,100,101022,100,100315,100
2019-06-28 09:59:30.000000000,100716,260,100667,260,100756,256,100666,356,100777,256,100659,256,100862,100,100620,100,100894,100,100619,100,100942,200,100573,100,100997,100,100536,100,101000,100,100528,300,101022,100,100391,100,101177,100,100315,100
2019-06-28 09:59:40.000000000,100716,260,100667,260,100756,256,100666,356,100777,256,100659,256,100862,100,100620,100,100894,100,100619,100,100942,200,100573,100,100997,100,100536,100,101000,100,100528,300,101022,100,100391,100,101177,100,100315,100
2019-06-28 09:59:40.156616120,100716,260,100668,100,100756,256,100667,260,100777,256,100666,256,100862,100,100659,256,100894,100,100620,100,100942,200,100619,100,100997,100,100573,100,101000,100,100536,100,101022,100,100528,300,101177,100,100391,100
2019-06-28 09:59:47.212062939,100716,260,100667,260,100756,256,100666,256,100777,256,100659,256,100862,100,100620,100,100894,100,100619,100,100942,200,100573,100,100997,100,100528,300,101000,100,100391,100,101022,100,100315,100,101177,100,100240,100
2019-06-28 09:59:50.000000000,100716,260,100667,260,100756,256,100666,256,100777,256,100659,256,100862,100,100620,100,100894,100,100619,100,100942,200,100573,100,100997,100,100528,300,101000,100,100391,100,101022,100,100315,100,101177,100,100240,100
2019-06-28 09:59:57.317868308,100716,260,100667,260,100727,100,100666,256,100756,256,100659,256,100777,256,100620,100,100862,100,100619,100,100894,100,100573,100,100942,200,100528,300,100997,100,100391,100,101000,100,100315,100,101022,100,100240,100
2019-06-28 10:00:00.000000000,100716,572,100667,572,100727,100,100666,100,100756,100,100659,100,100777,100,100620,100,100862,100,100619,100,100894,100,100573,100,100942,200,100528,300,100997,100,100391,100,101000,100,100315,100,101022,100,100240,100
2019-06-28 10:00:10.000000000,100716,260,100667,260,100727,256,100666,256,100756,256,100659,256,100777,100,100620,100,100862,100,100619,100,100894,100,100573,100,100942,200,100528,300,100997,100,100391,100,101000,100,100315,100,101022,100,100240,100
2019-06-28 10:00:10.843348653,100716,260,100667,260,100727,256,100666,256,100756,256,100659,256,100777,100,100651,100,100862,100,100620,100,100894,100,100619,100,100942,200,100573,100,100997,100,100528,300,101000,100,100391,100,101022,100,100315,100
2019-06-28 10:00:20.000000000,100716,194,100667,194,100727,194,100666,194,100756,194,100659,194,100777,194,100651,194,100862,194,100620,194,100894,100,100619,100,100942,200,100573,100,100997,100,100528,300,101000,100,100391,100,101022,100,100315,100
2019-06-28 10:00:30.000000000,100716,336,100667,336,100727,336,100666,336,100756,100,100659,100,100777,100,100651,100,100862,100,100620,100,100894,100,100619,100,100942,200,100573,100,100997,100,100528,300,101000,100,100391,100,101022,100,100315,100
2019-06-28 10:00:34.862857207,100716,336,100667,336,100727,336,100666,336,100756,100,100659,100,100777,100,100651,100,100862,100,100620,100,100894,100,100619,100,100942,200,100573,100,100997,100,100528,300,101000,100,100391,100,101022,100,100315,100
2019-06-28 10:00:40.000000000,100716,218,100667,218,100727,218,100666,218,100756,218,100659,218,100777,218,100651,218,100862,100,100620,100,100894,100,100619,100,100942,200,100573,100,100997,100,100528,300,101000,100,100391,100,101022,100,100315,100
2019-06-28 10:00:44.782804858,100675,100,100667,218,100716,218,100666,218,100727,218,100659,218,100756,218,100651,218,100777,218,100620,100,100862,100,100619,100,100894,100,100573,100,100942,200,100528,300,100997,100,100391,100,101000,100,100315,100
2019-06-28 10:00:50.000000000,100675,336,100667,336,100716,336,100666,336,100727,100,100659,100,100756,100,100651,100,100777,100,100620,100,100862,100,100619,100,100894,100,100573,100,100942,200,100528,300,100997,100,100391,100,101000,100,100315,100
2019-06-28 10:00:59.654614238,100675,336,100667,236,100716,336,100666,336,100727,100,100659,100,100756,100,100651,100,100777,100,100620,100,100862,100,100619,100,100894,100,100573,100,100942,200,100528,300,100997,100,100391,100,101000,100,100315,100
2019-06-28 10:01:00.000000000,100675,218,100666,218,100716,218,100659,218,100727,218,100651,218,100756,218,100620,218,100777,100,100619,100,100862,100,100573,100,100894,100,100528,300,100942,200,100391,100,100997,100,100315,100,101000,100,100307,100
2019-06-28 10:01:10.000000000,100675,194,100666,194,100716,194,100659,194,100727,194,100651,194,100756,194,100620,194,100777,194,100619,194,100862,100,100573,100,100894,100,100528,300,100942,200,100391,100,100997,100,100315,100,101000,100,100307,100
2019-06-28 10:01:20.000000000,100675,572,100666,572,100716,100,100659,100,100727,100,100651,100,100756,100,100620,100,100777,100,100619,100,100862,100,100573,100,100894,100,100528,300,100942,200,100391,100,100997,100,100315,100,101000,100,100307,100
2019-06-28 10:01:20.580991298,100675,572,100666,572,100716,100,100659,100,100727,100,100651,100,100756,100,100620,100,100777,100,100619,100,100862,100,100573,100,100894,100,100528,300,100942,200,100391,100,100997,100,100315,100,101000,100,100240,100
2019-06-28 10:01:24.072701547,100675,572,100666,572,100716,100,100659,100,100727,100,100651,100,100756,100,100620,100,100777,100,100619,100,100862,100,100573,100,100894,100,100528,300,100942,200,100391,100,100997,100,100315,100,101000,100,100251,100
2019-06-28 10:01:30.000000000,100675,336,100666,336,100716,336,100659,336,100727,100,100651,100,100756,100,100620,100,100777,100,100619,100,100862,100,100573,100,100894,100,100528,300,100942,200,100391,100,100997,100,100315,100,101000,100,100251,100
2019-06-28 10:01:40.000000000,100675,218,100666,218,100716,218,100659,218,100727,218,100651,218,100756,218,100620,218,100777,100,100619,100,100862,100,100573,100,100894,100,100528,300,100942,200,100391,100,100997,100,100315,100,101000,100,100251,100
2019-06-28 10:01:50.000000000,100675,218,100666,218,100716,218,100659,218,100727,218,100651,218,100756,218,100620,218,100777,100,100619,100,100862,100,100573,100,100894,100,100528,300,100942,200,100391,100,100997,100,100315,100,101000,100,100251,100
2019-06-28 10:01:57.659878964,100675,218,100666,218,100716,218,100659,218,100727,218,100651,218,100756,218,100620,218,100777,100,100619,100,100862,100,100573,100,100894,100,100528,200,100942,200,100474,100,100997,100,100391,100,101000,100,100315,100
2019-06-28 10:02:00.000000000,100675,260,100666,260,100716,256,100659,256,100727,256,100651,256,100756,100,100620,100,100777,100,100619,100,100862,100,100573,100,100894,100,100528,200,100942,200,100474,100,100997,100,100391,100,101000,100,100315,100
2019-06-28 10:02:10.000000000,100675,336,100666,336,100716,336,100659,336,100727,100,100651,100,100756,100,100620,100,100777,100,100619,100,100862,100,100573,100,100894,100,100528,200,100942,200,100474,100,100997,100,100391,100,101000,100,100315,100
2019-06-28 10:02:20.000000000,100675,218,100666,218,100716,218,100659,218,100727,218,100651,218,100756,218,100620,218,100777,100,100619,100,100862,100,100573,100,100894,100,100528,200,100942,200,100474,100,100997,100,100391,100,101000,100,100315,100
2019-06-28 10:02:30.000000000,100675,336,100666,336,100716,336,100659,336,100727,100,100651,100,100756,100,100620,100,100777,100,100619,100,100862,100,100573,100,100894,100,100528,200,100942,200,100474,100,100997,100,100391,100,101000,100,100315,100
2019-06-28 10:02:40.000000000,100675,336,100666,336,100716,336,100659,336,100727,100,100651,100,100756,100,100620,100,100777,100,100619,100,100862,100,100573,100,100894,100,100528,200,100942,200,100474,100,100997,100,100391,100,101000,100,100315,100
2019-06-28 10:02:50.000000000,100675,194,100666,194,100716,194,100659,194,100727,194,100651,194,100756,194,100620,194,100777,194,100619,194,100862,100,100573,100,100894,100,100528,200,100942,200,100474,100,100997,100,100391,100,101000,100,100315,100
2019-06-28 10:02:53.166057853,100675,94,100666,194,100716,194,100659,194,100727,194,100651,194,100756,194,100620,194,100777,194,100619,194,100862,100,100573,100,100894,100,100528,200,100942,200,100474,100,100997,100,100391,100,101000,100,100315,100
2019-06-28 10:03:00.000000000,100716,572,100666,572,100727,100,100659,100,100756,100,100651,100,100777,100,100620,100,100862,100,100619,100,100894,100,100573,100,100942,200,100528,200,100997,100,100474,100,101000,100,100391,100,101022,100,100315,100
2019-06-28 10:03:10.000000000,100716,194,100666,194,100727,194,100659,194,100756,194,100651,194,100777,194,100620,194,100862,194,100619,194,100894,100,100573,100,100942,200,100528,200,100997,100,100474,100,101000,100,100391,100,101022,100,100315,100
2019-06-28 10:03:18.676851859,100707,100,100666,194,100716,194,100659,194,100727,194,100651,194,100756,194,100620,194,100777,194,100619,194,100862,194,100573,100,100894,100,100528,200,100942,200,100474,100,100997,100,100391,100,101000,100,100315,100
2019-06-28 10:03:20.000000000,100707,194,100666,194,100716,194,100659,194,100727,194,100651,194,100756,194,100620,194,100777,194,100619,194,100862,100,100573,100,100894,100,100528,200,100942,200,100474,100,100997,100,100391,100,101000,100,100315,100
2019-06-28 10:03:30.000000000,100707,572,100666,572,100716,100,100659,100,100727,100,100651,100,100756,100,100620,100,100777,100,100619,100,100862,100,100573,100,100894,100,100528,200,100942,200,100474,100,100997,100,100391,100,101000,100,100315,100
2019-06-28 10:03:34.254418312,100707,472,100666,572,100716,100,100659,100,100727,100,100651,100,100756,100,100620,100,100777,100,100619,100,100862,100,100573,100,100894,100,100528,200,100942,200,100474,100,100997,100,100391,100,101000,100,100315,100
2019-06-28 10:03:40.000000000,100716,260,100666,260,100727,256,100659,256,100756,256,100651,256,100777,100,100620,100,100862,100,100619,100,100894,100,100573,100,100942,200,100528,200,100997,100,100474,100,101000,100,100391,100,101022,100,100315,100
2019-06-28 10:03:50.000000000,100716,260,100666,260,100727,256,100659,256,100756,256,100651,256,100777,100,100620,100,100862,100,100619,100,100894,100,100573,100,100942,200,100528,200,100997,100,100474,100,101000,100,100391,100,101022,100,100315,100
2019-06-28 10:04:00.000000000,100716,336,100666,336,100727,336,100659,336,100756,100,100651,100,100777,100,100620,100,100862,100,100619,100,100894,100,100573,100,100942,200,100528,200,100997,100,100474,100,101000,100,100391,100,101022,100,100315,100
2019-06-28 10:04:07.183924156,100716,336,100666,336,100727,336,100659,336,100756,100,100651,100,100777,100,100620,100,100862,100,100619,100,100894,100,100573,100,100942,200,100528,200,100997,100,100474,100,101000,100,100391,100,101022,100,100315,100
2019-06-28 10:04:10.000000000,100716,572,100666,572,100727,100,100659,100,100756,100,100651,100,100777,100,100620,100,100862,100,100619,100,100894,100,100573,100,100942,200,100528,200,100997,100,100474,100,101000,100,100391,100,101022,100,100315,100
