,ask_price_1,ask_size_1,bid_price_1,bid_size_1,ask_price_2,ask_size_2,bid_price_2,bid_size_2,ask_price_3,ask_size_3,bid_price_3,bid_size_3,ask_price_4,ask_size_4,bid_price_4,bid_size_4,ask_price_5,ask_size_5,bid_price_5,bid_size_5,ask_price_6,ask_size_6,bid_price_6,bid_size_6,ask_price_7,ask_size_7,bid_price_7,bid_size_7,ask_price_8,ask_size_8,bid_price_8,bid_size_8,ask_price_9,ask_size_9,bid_price_9,bid_size_9,ask_price_10,ask_size_10,bid_price_10,bid_size_10
2019-06-28 09:30:00.000000000,,,99982,100,,,99960,100,,,,,,,,,,,,,,,,,,,,,,,,,,,,,,,,
2019-06-28 09:30:00.000000002,100004,100,99982,100,,,99960,100,,,,,,,,,,,,,,,,,,,,,,,,,,,,,,,,
2019-06-28 09:30:00.000000003,100001,100,99982,100,100004,100,99960,100,,,,,,,,,,,,,,,,,,,,,,,,,,,,,,,,
2019-06-28 09:30:00.000000006,100001,100,99982,100,100004,100,99960,100,100092,100,99946,100,,,,,,,,,,,,,,,,,,,,,,,,,,,,
2019-06-28 09:30:00.000000007,100001,100,99982,100,100004,100,99960,100,100092,100,99946,100,100111,100,,,,,,,,,,,,,,,,,,,,,,,,,,
2019-06-28 09:30:00.000000009,100001,100,99960,100,100004,100,99946,100,100067,100,99893,100,100092,100,,,100111,100,,,100132,100,,,,,,,,,,,,,,,,,,
2019-06-28 09:30:00.000000010,100001,100,99960,100,100004,100,99946,100,100060,100,99893,100,100067,100,,,100092,100,,,100111,100,,,100132,100,,,,,,,,,,,,,,
2019-06-28 09:30:00.000000011,100004,100,99982,100,100060,100,99960,100,100067,100,99946,100,100092,100,99893,100,100111,100,,,100132,100,,,,,,,,,,,,,,,,,,
2019-06-28 09:30:00.000000012,100004,100,99982,100,100060,100,99960,100,100063,100,99946,100,100067,100,99893,100,100092,100,,,100111,100,,,100132,100,,,,,,,,,,,,,,
2019-06-28 09:30:00.000000013,100004,100,99982,100,100060,100,99960,100,100063,100,99946,100,100067,100,99893,100,100092,100,,,100111,100,,,100120,100,,,100132,100,,,,,,,,,,
2019-06-28 09:30:00.000000015,100004,100,99982,100,100060,100,99973,100,100063,100,99960,100,100067,100,99946,100,100092,100,99893,100,100111,100,,,100120,100,,,100132,100,,,,,,,,,,
2019-06-28 09:30:00.000000017,100004,100,99973,100,100060,100,99960,100,100063,100,99946,100,100067,100,99893,100,100092,100,,,100111,100,,,100120,100,,,100132,100,,,,,,,,,,
2019-06-28 09:30:00.000000023,99988,100,99973,100,100004,100,99960,100,100060,100,99946,100,100063,100,99893,100,100067,100,,,100092,100,,,100111,100,,,100120,100,,,100132,100,,,,,,
2019-06-28 09:30:00.000000024,99988,100,99982,100,100004,100,99973,100,100060,100,99960,100,100063,100,99946,100,100067,100,99893,100,100092,100,,,100111,100,,,100120,100,,,100132,100,,,,,,
2019-06-28 09:30:00.000000025,100004,100,99982,100,100060,100,99973,100,100063,100,99960,100,100067,100,99946,100,100092,100,99893,100,100111,100,,,100120,100,,,100132,100,,,,,,,,,,
2019-06-28 09:30:00.000000027,100004,100,99982,100,100041,100,99973,100,100060,100,99960,100,100063,100,99946,100,100067,100,99893,100,100092,100,,,100111,100,,,100120,100,,,100132,100,,,,,,
2019-06-28 09:30:00.000000028,100004,100,99983,100,100041,100,99982,100,100060,100,99973,100,100063,100,99960,100,100066,100,99946,100,100067,100,99893,100,100092,100,99823,100,100111,100,,,100120,100,,,100132,100,,
2019-06-28 09:30:00.000000031,100004,100,99983,100,100041,100,99982,100,100060,100,99973,100,100063,100,99960,100,100066,100,99946,100,100067,100,99893,100,100092,100,99823,100,100101,100,,,100111,100,,,100120,100,,
2019-06-28 09:30:00.000000033,100004,100,99983,100,100041,100,99982,100,100053,100,99973,100,100060,100,99960,100,100063,100,99946,100,100066,100,99893,100,100067,100,99823,100,100092,100,,,100101,100,,,100111,100,,
2019-06-28 09:30:00.000000034,100004,100,99985,100,100041,100,99983,100,100053,100,99982,100,100060,100,99973,100,100063,100,99960,100,100066,100,99946,100,100067,100,99893,100,100092,100,99823,100,100101,100,,,100111,100,,
2019-06-28 09:30:00.000000035,100004,100,99985,100,100029,100,99983,100,100041,100,99982,100,100053,100,99973,100,100060,100,99960,100,100063,100,99946,100,100066,100,99900,100,100067,100,99893,100,100092,100,99823,100,100101,100,,
2019-06-28 09:30:00.000000037,100004,100,99985,100,100029,100,99983,100,100041,100,99982,100,100053,100,99973,100,100060,100,99960,100,100063,100,99946,100,100066,100,99900,100,100067,100,99893,100,100092,100,99850,100,100101,100,99823,100
2019-06-28 09:30:00.000000038,100004,100,99985,100,100020,100,99983,100,100029,100,99982,100,100041,100,99973,100,100053,100,99960,100,100060,100,99946,100,100063,100,99900,100,100066,100,99893,100,100067,100,99850,100,100092,100,99823,100
2019-06-28 09:30:00.000000039,99992,100,99985,100,100004,100,99983,100,100020,100,99982,100,100029,100,99973,100,100041,100,99960,100,100053,100,99946,100,100060,100,99900,100,100063,100,99893,100,100066,100,99850,100,100067,100,99823,100
2019-06-28 09:30:00.000000044,99992,100,99985,100,100004,100,99983,100,100020,100,99982,100,100029,100,99973,100,100041,100,99960,100,100053,100,99946,100,100060,100,99900,100,100063,100,99893,100,100066,100,99850,100,100067,100,99823,100
2019-06-28 09:30:00.000000045,99992,100,99985,100,100004,100,99983,100,100020,100,99982,100,100029,100,99973,100,100041,100,99960,100,100053,100,99946,100,100060,100,99914,100,100063,100,99900,100,100066,100,99893,100,100067,100,99850,100
2019-06-28 09:30:00.000000049,99992,100,99985,100,100004,100,99983,100,100016,100,99982,100,100020,100,99973,100,100029,100,99960,100,100041,100,99946,100,100053,100,99914,100,100060,100,99900,100,100063,100,99893,100,100066,100,99850,100
2019-06-28 09:30:00.000000053,99988,100,99985,100,99992,100,99983,100,100004,100,99982,100,100016,100,99973,100,100020,100,99960,100,100029,100,99946,100,100041,100,99914,100,100053,100,99900,100,100060,100,99893,100,100063,100,99850,100
2019-06-28 09:30:00.000000054,99988,100,99985,100,99992,100,99983,100,100004,100,99982,100,100016,100,99973,100,100020,100,99960,100,100029,100,99946,100,100041,100,99914,100,100053,100,99900,100,100060,100,99893,100,100063,100,99873,100
2019-06-28 09:30:00.000000060,99988,100,99985,100,99992,100,99983,100,100004,100,99982,100,100016,100,99973,100,100020,100,99960,100,100029,100,99946,100,100041,100,99914,100,100053,100,99900,100,100060,100,99893,100,100063,100,99873,100
2019-06-28 09:30:00.000000061,99988,100,99985,100,99992,100,99983,100,100004,100,99982,100,100016,100,99973,100,100020,100,99960,100,100029,100,99946,100,100041,100,99914,100,100053,100,99900,100,100060,100,99893,100,100063,100,99873,100
2019-06-28 09:30:00.000000063,99988,100,99985,100,99992,100,99983,100,100004,100,99982,100,100016,100,99980,100,100020,100,99973,100,100029,100,99960,100,100041,100,99946,100,100053,100,99914,100,100060,100,99900,100,100063,100,99893,100
2019-06-28 09:30:00.000000064,99988,100,99985,100,99992,100,99983,100,100004,100,99982,100,100016,100,99980,100,100020,100,99973,100,100029,100,99960,100,100041,100,99946,100,100053,100,99914,100,100060,100,99900,100,100063,100,99893,100
2019-06-28 09:30:00.000000065,99988,100,99985,100,99992,100,99983,100,100004,100,99982,100,100016,100,99980,100,100020,100,99973,100,100029,100,99960,100,100041,100,99946,100,100053,100,99914,100,100060,100,99900,100,100063,100,99893,100
2019-06-28 09:30:00.000000066,99992,100,99985,100,100004,100,99983,100,100016,100,99982,100,100020,100,99980,100,100029,100,99973,100,100041,100,99960,100,100053,100,99946,100,100060,100,99914,100,100063,100,99900,100,100066,100,99893,100
2019-06-28 09:30:00.000000067,100004,100,99985,100,100016,100,99983,100,100020,100,99982,100,100029,100,99980,100,100041,100,99973,100,100053,100,99960,100,100060,100,99946,100,100063,100,99914,100,100066,100,99900,100,100067,100,99893,100
2019-06-28 09:30:00.000000070,100004,100,99985,100,100016,100,99983,100,100020,100,99982,100,100029,100,99980,100,100041,100,99973,100,100053,100,99960,100,100060,100,99946,100,100063,100,99914,100,100066,100,99900,100,100067,100,99893,100
2019-06-28 09:30:00.000000073,100016,100,99985,100,100020,100,99983,100,100029,100,99982,100,100041,100,99980,100,100053,100,99973,100,100060,100,99960,100,100063,100,99946,100,100066,100,99914,100,100067,100,99900,100,100073,100,99893,100
2019-06-28 09:30:00.000000074,100016,100,99985,100,100020,100,99983,100,100029,100,99982,100,100041,100,99980,100,100053,100,99973,100,100060,100,99960,100,100063,100,99956,100,100066,100,99946,100,100067,100,99914,100,100073,100,99900,100
2019-06-28 09:30:00.000000076,100016,100,99985,100,100020,100,99983,100,100029,100,99982,100,100041,100,99980,100,100053,100,99973,100,100060,100,99960,100,100063,100,99956,100,100066,100,99948,100,100067,100,99946,100,100073,100,99914,100
2019-06-28 09:30:00.000000078,100004,100,99985,100,100016,100,99983,100,100020,100,99982,100,100029,100,99980,100,100041,100,99973,100,100053,100,99960,100,100060,100,99956,100,100063,100,99948,100,100066,100,99946,100,100067,100,99914,100
2019-06-28 09:30:00.000000079,100004,200,99985,100,100016,100,99983,100,100020,100,99982,100,100029,100,99980,100,100041,100,99973,100,100053,100,99960,100,100060,100,99956,100,100063,100,99948,100,100066,100,99946,100,100067,100,99914,100
2019-06-28 09:30:00.000000082,100001,100,99985,100,100004,200,99983,100,100016,100,99982,100,100020,100,99980,100,100029,100,99973,100,100041,100,99960,100,100053,100,99956,100,100060,100,99948,100,100063,100,99946,100,100066,100,99914,100
2019-06-28 09:30:00.000000083,100001,100,99985,100,100004,200,99983,100,100016,100,99982,100,100020,100,99980,100,100029,100,99973,100,100041,100,99961,100,100053,100,99960,100,100060,100,99956,100,100063,100,99948,100,100066,100,99946,100
2019-06-28 09:30:00.000000089,100001,100,99985,100,100004,200,99983,100,100016,100,99982,100,100020,100,99980,100,100029,100,99973,100,100041,100,99961,100,100053,100,99960,100,100055,100,99956,100,100060,100,99948,100,100063,100,99946,100
2019-06-28 09:30:00.000000092,100001,100,99985,100,100004,200,99983,100,100016,100,99982,100,100020,100,99980,100,100029,100,99973,100,100041,100,99961,100,100053,100,99960,100,100055,100,99956,100,100060,100,99948,100,100063,100,99946,100
2019-06-28 09:30:00.000000094,100001,100,99985,100,100004,200,99983,100,100016,100,99982,100,100020,100,99980,100,100029,100,99973,100,100041,100,99961,100,100053,100,99960,100,100055,100,99956,100,100060,100,99948,100,100063,100,99946,100
2019-06-28 09:30:00.000000098,100001,100,99985,100,100004,200,99983,100,100016,100,99982,100,100020,100,99980,100,100029,100,99973,100,100041,100,99961,100,100053,100,99960,100,100055,100,99956,100,100060,100,99948,100,100063,100,99946,100
2019-06-28 09:30:00.000000099,100001,100,99992,100,100004,200,99985,100,100016,100,99983,100,100020,100,99982,100,100029,100,99980,100,100041,100,99973,100,100053,100,99961,100,100055,100,99960,100,100060,100,99956,100,100063,100,99948,100
2019-06-28 09:30:10.000000000,100001,598,99992,598,100004,200,99985,100,100016,100,99983,100,100020,100,99982,100,100029,100,99980,100,100041,100,99973,100,100053,100,99961,100,100055,100,99960,100,100060,100,99956,100,100063,100,99948,100
2019-06-28 09:30:13.960204095,100001,598,99992,598,100004,200,99985,100,100016,100,99983,100,100018,100,99982,100,100020,100,99980,100,100029,100,99973,100,100041,100,99961,100,100053,100,99960,100,100055,100,99956,100,100060,100,99948,100
2019-06-28 09:30:20.000000000,100001,349,99992,349,100004,449,99985,349,100016,100,99983,100,100018,100,99982,100,100020,100,99980,100,100029,100,99973,100,100041,100,99961,100,100053,100,99960,100,100055,100,99956,100,100060,100,99948,100
2019-06-28 09:30:30.000000000,100001,224,99992,224,100004,324,99985,224,100016,224,99983,224,100018,224,99982,224,100020,100,99980,100,100029,100,99973,100,100041,100,99961,100,100053,100,99960,100,100055,100,99956,100,100060,100,99948,100
2019-06-28 09:30:31.195908392,100001,224,99992,224,100004,324,99985,224,100016,224,99983,224,100018,224,99982,224,100020,100,99980,100,100029,100,99973,100,100041,100,99961,100,100053,100,99960,100,100055,100,99956,100,100060,100,99948,100
2019-06-28 09:30:40.000000000,100001,200,99992,200,100004,300,99985,200,100016,200,99983,200,100018,200,99982,200,100020,200,99980,200,100029,100,99973,100,100041,100,99961,100,100053,100,99960,100,100055,100,99956,100,100060,100,99948,100
2019-06-28 09:30:50.000000000,100001,349,99992,349,100004,449,99985,349,100016,100,99983,100,100018,100,99982,100,100020,100,99980,100,100029,100,99973,100,100041,100,99961,100,100053,100,99960,100,100055,100,99956,100,100060,100,99948,100
2019-06-28 09:30:57.300116422,100001,349,99992,349,100004,449,99985,349,100016,100,99983,100,100018,100,99982,100,100020,100,99980,100,100029,100,99973,100,100041,100,99961,100,100053,100,99960,100,100055,100,99956,100,100060,100,99948,100
2019-06-28 09:31:00.000000000,100001,200,99992,200,100004,300,99985,200,100016,200,99983,200,100018,200,99982,200,100020,200,99980,200,100029,100,99973,100,100041,100,99961,100,100053,100,99960,100,100055,100,99956,100,100060,100,99948,100
2019-06-28 09:31:10.000000000,100001,269,99992,269,100004,364,99985,264,100016,264,99983,264,100018,100,99982,100,100020,100,99980,100,100029,100,99973,100,100041,100,99961,100,100053,100,99960,100,100055,100,99956,100,100060,100,99948,100
2019-06-28 09:31:16.327600505,100001,269,99992,269,100004,364,99985,264,100016,264,99983,264,100018,100,99982,100,100020,100,99980,100,100029,100,99973,100,100041,100,99961,100,100044,100,99960,100,100053,100,99956,100,100055,100,99948,100
2019-06-28 09:31:20.000000000,100001,598,99992,598,100004,200,99985,100,100016,100,99983,100,100018,100,99982,100,100020,100,99980,100,100029,100,99973,100,100041,100,99961,100,100044,100,99960,100,100053,100,99956,100,100055,100,99948,100
2019-06-28 09:31:30.000000000,100001,224,99992,224,100004,324,99985,224,100016,224,99983,224,100018,224,99982,224,100020,100,99980,100,100029,100,99973,100,100041,100,99961,100,100044,100,99960,100,100053,100,99956,100,100055,100,99948,100
2019-06-28 09:31:39.258158847,100001,224,99992,224,100004,324,99985,224,100016,224,99983,224,100018,224,99982,224,100020,100,99980,100,100029,100,99973,100,100041,100,99961,100,100044,100,99960,100,100053,100,99956,100,100055,100,99948,100
2019-06-28 09:31:40.000000000,100001,200,99992,200,100004,300,99985,200,100016,200,99983,200,100018,200,99982,200,100020,200,99980,200,100029,100,99973,100,100041,100,99961,100,100044,100,99960,100,100053,100,99956,100,100055,100,99948,100
2019-06-28 09:31:47.874745222,100001,200,99992,300,100004,300,99985,200,100016,200,99983,200,100018,200,99982,200,100020,200,99980,200,100029,100,99973,100,100041,100,99961,100,100044,100,99960,100,100053,100,99956,100,100055,100,99948,100
2019-06-28 09:31:50.000000000,100001,598,99992,698,100004,200,99985,100,100016,100,99983,100,100018,100,99982,100,100020,100,99980,100,100029,100,99973,100,100041,100,99961,100,100044,100,99960,100,100053,100,99956,100,100055,100,99948,100
2019-06-28 09:32:00.000000000,100001,349,99992,449,100004,449,99985,349,100016,100,99983,100,100018,100,99982,100,100020,100,99980,100,100029,100,99973,100,100041,100,99961,100,100044,100,99960,100,100053,100,99956,100,100055,100,99948,100
2019-06-28 09:32:01.892265173,100001,349,99992,549,100004,449,99985,349,100016,100,99983,100,100018,100,99982,100,100020,100,99980,100,100029,100,99973,100,100041,100,99961,100,100044,100,99960,100,100053,100,99956,100,100055,100,99948,100
2019-06-28 09:32:10.000000000,100001,200,99992,400,100004,300,99985,200,100016,200,99983,200,100018,200,99982,200,100020,200,99980,200,100029,100,99973,100,100041,100,99961,100,100044,100,99960,100,100053,100,99956,100,100055,100,99948,100
2019-06-28 09:32:20.000000000,100001,598,99992,798,100004,200,99985,100,100016,100,99983,100,100018,100,99982,100,100020,100,99980,100,100029,100,99973,100,100041,100,99961,100,100044,100,99960,100,100053,100,99956,100,100055,100,99948,100
2019-06-28 09:32:27.221613358,100001,598,99992,798,100004,300,99985,100,100016,100,99983,100,100018,100,99982,100,100020,100,99980,100,100029,100,99973,100,100041,100,99961,100,100044,100,99960,100,100053,100,99956,100,100055,100,99948,100
2019-06-28 09:32:30.000000000,100001,269,99992,469,100004,464,99985,264,100016,264,99983,264,100018,100,99982,100,100020,100,99980,100,100029,100,99973,100,100041,100,99961,100,100044,100,99960,100,100053,100,99956,100,100055,100,99948,100
2019-06-28 09:32:34.259723212,100001,269,99992,469,100004,564,99985,264,100016,264,99983,264,100018,100,99980,100,100020,100,99973,100,100029,100,99961,100,100041,100,99960,100,100044,100,99956,100,100053,100,99948,100,100055,100,99946,100
2019-06-28 09:32:38.446453411,100001,269,99992,469,100004,664,99985,264,100016,264,99983,264,100018,100,99980,100,100020,100,99973,100,100029,100,99961,100,100041,100,99960,100,100044,100,99956,100,100053,100,99948,100,100055,100,99946,100
2019-06-28 09:32:40.000000000,100001,224,99992,424,100004,624,99985,224,100016,224,99983,224,100018,224,99980,224,100020,100,99973,100,100029,100,99961,100,100041,100,99960,100,100044,100,99956,100,100053,100,99948,100,100055,100,99946,100
2019-06-28 09:32:41.629694462,100001,124,99992,424,100004,624,99985,224,100016,224,99983,224,100018,224,99980,224,100020,100,99973,100,100029,100,99961,100,100041,100,99960,100,100044,100,99956,100,100053,100,99948,100,100055,100,99946,100
2019-06-28 09:32:50.000000000,100004,998,99992,798,100016,100,99985,100,100018,100,99983,100,100020,100,99980,100,100029,100,99973,100,100041,100,99961,100,100044,100,99960,100,100053,100,99956,100,100055,100,99948,100,100060,100,99946,100
2019-06-28 09:32:53.592366837,100004,998,99992,698,100016,100,99985,100,100018,100,99983,100,100020,100,99980,100,100029,100,99973,100,100041,100,99961,100,100044,100,99960,100,100053,100,99956,100,100055,100,99948,100,100060,100,99946,100
2019-06-28 09:33:00.000000000,100004,749,99992,449,100016,349,99985,349,100018,100,99983,100,100020,100,99980,100,100029,100,99973,100,100041,100,99961,100,100044,100,99960,100,100053,100,99956,100,100055,100,99948,100,100060,100,99946,100
2019-06-28 09:33:10.000000000,100004,749,99992,449,100016,349,99985,349,100018,100,99983,100,100020,100,99980,100,100029,100,99973,100,100041,100,99961,100,100044,100,99960,100,100053,100,99956,100,100055,100,99948,100,100060,100,99946,100
2019-06-28 09:33:13.118596140,100000,100,99992,449,100004,749,99985,349,100016,349,99983,100,100018,100,99980,100,100020,100,99973,100,100029,100,99961,100,100041,100,99960,100,100044,100,99956,100,100053,100,99948,100,100055,100,99946,100
2019-06-28 09:33:20.000000000,100000,269,99992,369,100004,664,99985,264,100016,264,99983,264,100018,100,99980,100,100020,100,99973,100,100029,100,99961,100,100041,100,99960,100,100044,100,99956,100,100053,100,99948,100,100055,100,99946,100
2019-06-28 09:33:30.000000000,100000,598,99992,698,100004,500,99985,100,100016,100,99983,100,100018,100,99980,100,100020,100,99973,100,100029,100,99961,100,100041,100,99960,100,100044,100,99956,100,100053,100,99948,100,100055,100,99946,100
2019-06-28 09:33:40.000000000,100000,269,99992,369,100004,664,99985,264,100016,264,99983,264,100018,100,99980,100,100020,100,99973,100,100029,100,99961,100,100041,100,99960,100,100044,100,99956,100,100053,100,99948,100,100055,100,99946,100
2019-06-28 09:33:50.000000000,100000,200,99992,300,100004,600,99985,200,100016,200,99983,200,100018,200,99980,200,100020,200,99973,200,100029,100,99961,100,100041,100,99960,100,100044,100,99956,100,100053,100,99948,100,100055,100,99946,100
2019-06-28 09:34:00.000000000,100000,224,99992,324,100004,624,99985,224,100016,224,99983,224,100018,224,99980,224,100020,100,99973,100,100029,100,99961,100,100041,100,99960,100,100044,100,99956,100,100053,100,99948,100,100055,100,99946,100
2019-06-28 09:34:10.000000000,100000,598,99992,698,100004,500,99985,100,100016,100,99983,100,100018,100,99980,100,100020,100,99973,100,100029,100,99961,100,100041,100,99960,100,100044,100,99956,100,100053,100,99948,100,100055,100,99946,100
2019-06-28 09:34:20.000000000,100000,224,99992,324,100004,624,99985,224,100016,224,99983,224,100018,224,99980,224,100020,100,99973,100,100029,100,99961,100,100041,100,99960,100,100044,100,99956,100,100053,100,99948,100,100055,100,99946,100
2019-06-28 09:34:30.000000000,100000,224,99992,324,100004,624,99985,224,100016,224,99983,224,100018,224,99980,224,100020,100,99973,100,100029,100,99961,100,100041,100,99960,100,100044,100,99956,100,100053,100,99948,100,100055,100,99946,100
2019-06-28 09:34:40.000000000,100000,224,99992,324,100004,624,99985,224,100016,224,99983,224,100018,224,99980,224,100020,100,99973,100,100029,100,99961,100,100041,100,99960,100,100044,100,99956,100,100053,100,99948,100,100055,100,99946,100
2019-06-28 09:34:47.921515086,100000,224,99992,224,100004,624,99985,224,100016,224,99983,224,100018,224,99980,224,100020,100,99973,100,100029,100,99961,100,100041,100,99960,100,100044,100,99956,100,100053,100,99948,100,100055,100,99946,100
2019-06-28 09:34:50.000000000,100000,200,99992,200,100004,600,99985,200,100016,200,99983,200,100018,200,99980,200,100020,200,99973,200,100029,100,99961,100,100041,100,99960,100,100044,100,99956,100,100053,100,99948,100,100055,100,99946,100
2019-06-28 09:35:00.000000000,100000,224,99992,224,100004,624,99985,224,100016,224,99983,224,100018,224,99980,224,100020,100,99973,100,100029,100,99961,100,100041,100,99960,100,100044,100,99956,100,100053,100,99948,100,100055,100,99946,100
2019-06-28 09:35:10.000000000,100000,598,99992,598,100004,500,99985,100,100016,100,99983,100,100018,100,99980,100,100020,100,99973,100,100029,100,99961,100,100041,100,99960,100,100044,100,99956,100,100053,100,99948,100,100055,100,99946,100
2019-06-28 09:35:20.000000000,100000,598,99992,598,100004,500,99985,100,100016,100,99983,100,100018,100,99980,100,100020,100,99973,100,100029,100,99961,100,100041,100,99960,100,100044,100,99956,100,100053,100,99948,100,100055,100,99946,100
2019-06-28 09:35:27.214657017,100000,598,99992,498,100004,500,99985,100,100016,100,99983,100,100018,100,99980,100,100020,100,99973,100,100029,100,99961,100,100041,100,99960,100,100044,100,99956,100,100053,100,99948,100,100055,100,99946,100
2019-06-28 09:35:27.311650858,100000,598,99992,398,100004,500,99985,100,100016,100,99983,100,100018,100,99980,100,100020,100,99973,100,100029,100,99961,100,100041,100,99960,100,100044,100,99956,100,100053,100,99948,100,100055,100,99946,100
2019-06-28 09:35:30.000000000,100000,269,99985,269,100004,664,99983,264,100016,264,99980,264,100018,100,99973,100,100020,100,99961,100,100029,100,99960,100,100041,100,99956,100,100044,100,99948,100,100053,100,99946,100,100055,100,99900,100
2019-06-28 09:35:40.000000000,100000,224,99985,224,100004,624,99983,224,100016,224,99980,224,100018,224,99973,224,100020,100,99961,100,100029,100,99960,100,100041,100,99956,100,100044,100,99948,100,100053,100,99946,100,100055,100,99900,100
2019-06-28 09:35:50.000000000,100000,349,99985,349,100004,749,99983,349,100016,100,99980,100,100018,100,99973,100,100020,100,99961,100,100029,100,99960,100,100041,100,99956,100,100044,100,99948,100,100053,100,99946,100,100055,100,99900,100
2019-06-28 09:36:00.000000000,100000,200,99985,200,100004,600,99983,200,100016,200,99980,200,100018,200,99973,200,100020,200,99961,200,100029,100,99960,100,100041,100,99956,100,100044,100,99948,100,100053,100,99946,100,100055,100,99900,100
2019-06-28 09:36:10.000000000,100000,224,99985,224,100004,624,99983,224,100016,224,99980,224,100018,224,99973,224,100020,100,99961,100,100029,100,99960,100,100041,100,99956,100,100044,100,99948,100,100053,100,99946,100,100055,100,99900,100
2019-06-28 09:36:20.000000000,100000,349,99985,349,100004,749,99983,349,100016,100,99980,100,100018,100,99973,100,100020,100,99961,100,100029,100,99960,100,100041,100,99956,100,100044,100,99948,100,100053,100,99946,100,100055,100,99900,100
2019-06-28 09:36:20.739474932,100000,349,99985,249,100004,749,99983,349,100016,100,99980,100,100018,100,99973,100,100020,100,99961,100,100029,100,99960,100,100041,100,99956,100,100044,100,99948,100,100053,100,99946,100,100055,100,99900,100
2019-06-28 09:36:27.332845003,100000,349,99985,249,100004,749,99983,349,100016,100,99980,100,100018,100,99973,100,100020,100,99961,100,100029,100,99960,100,100041,100,99956,100,100044,100,99948,100,100053,100,99946,100,100055,100,99900,100
2019-06-28 09:36:30.000000000,100000,269,99983,269,100004,664,99980,264,100016,264,99973,264,100018,100,99961,100,100020,100,99960,100,100029,100,99956,100,100041,100,99948,100,100044,100,99946,100,100053,100,99900,100,100055,100,99896,100
2019-06-28 09:36:40.000000000,100000,200,99983,200,100004,600,99980,200,100016,200,99973,200,100018,200,99961,200,100020,200,99960,200,100029,100,99956,100,100041,100,99948,100,100044,100,99946,100,100053,100,99900,100,100055,100,99896,100
2019-06-28 09:36:50.000000000,100000,269,99983,269,100004,664,99980,264,100016,264,99973,264,100018,100,99961,100,100020,100,99960,100,100029,100,99956,100,100041,100,99948,100,100044,100,99946,100,100053,100,99900,100,100055,100,99896,100
2019-06-28 09:36:50.259209246,100000,169,99983,269,100004,664,99980,264,100016,264,99973,264,100018,100,99961,100,100020,100,99960,100,100029,100,99956,100,100041,100,99948,100,100044,100,99946,100,100053,100,99900,100,100055,100,99896,100
2019-06-28 09:37:00.000000000,100004,624,99983,224,100016,224,99980,224,100018,224,99973,224,100020,224,99961,224,100029,100,99960,100,100041,100,99956,100,100044,100,99948,100,100053,100,99946,100,100055,100,99900,100,100060,100,99896,100
2019-06-28 09:37:10.000000000,100004,624,99983,224,100016,224,99980,224,100018,224,99973,224,100020,224,99961,224,100029,100,99960,100,100041,100,99956,100,100044,100,99948,100,100053,100,99946,100,100055,100,99900,100,100060,100,99896,100
2019-06-28 09:37:20.000000000,100004,998,99983,598,100016,100,99980,100,100018,100,99973,100,100020,100,99961,100,100029,100,99960,100,100041,100,99956,100,100044,100,99948,100,100053,100,99946,100,100055,100,99900,100,100060,100,99896,100
2019-06-28 09:37:30.000000000,100004,998,99983,598,100016,100,99980,100,100018,100,99973,100,100020,100,99961,100,100029,100,99960,100,100041,100,99956,100,100044,100,99948,100,100053,100,99946,100,100055,100,99900,100,100060,100,99896,100
2019-06-28 09:37:40.000000000,100004,669,99983,269,100016,264,99980,264,100018,264,99973,264,100020,100,99961,100,100029,100,99960,100,100041,100,99956,100,100044,100,99948,100,100053,100,99946,100,100055,100,99900,100,100060,100,99896,100
2019-06-28 09:37:50.000000000,100004,669,99983,269,100016,264,99980,264,100018,264,99973,264,100020,100,99961,100,100029,100,99960,100,100041,100,99956,100,100044,100,99948,100,100053,100,99946,100,100055,100,99900,100,100060,100,99896,100
2019-06-28 09:37:55.046390085,100004,669,99983,69,100016,264,99980,264,100018,264,99973,264,100020,100,99961,100,100029,100,99960,100,100041,100,99956,100,100044,100,99948,100,100053,100,99946,100,100055,100,99900,100,100060,100,99896,100
2019-06-28 09:38:00.000000000,100004,998,99980,598,100016,100,99973,100,100018,100,99961,100,100020,100,99960,100,100029,100,99956,100,100041,100,99948,100,100044,100,99946,100,100053,100,99900,100,100055,100,99896,100,100060,100,99893,100
2019-06-28 09:38:05.103644079,100004,998,99980,598,100016,100,99973,100,100018,100,99961,100,100020,100,99960,100,100029,100,99956,100,100041,100,99948,100,100044,100,99946,100,100053,100,99900,100,100055,100,99893,100,100060,100,99873,100
2019-06-28 09:38:10.000000000,100004,624,99980,224,100016,224,99973,224,100018,224,99961,224,100020,224,99960,224,100029,100,99956,100,100041,100,99948,100,100044,100,99946,100,100053,100,99900,100,100055,100,99893,100,100060,100,99873,100
2019-06-28 09:38:20.000000000,100004,998,99980,598,100016,100,99973,100,100018,100,99961,100,100020,100,99960,100,100029,100,99956,100,100041,100,99948,100,100044,100,99946,100,100053,100,99900,100,100055,100,99893,100,100060,100,99873,100
2019-06-28 09:38:30.000000000,100004,749,99980,349,100016,349,99973,349,100018,100,99961,100,100020,100,99960,100,100029,100,99956,100,100041,100,99948,100,100044,100,99946,100,100053,100,99900,100,100055,100,99893,100,100060,100,99873,100
2019-06-28 09:38:30.990323859,99999,100,99980,349,100004,749,99973,349,100016,349,99961,100,100018,100,99960,100,100020,100,99956,100,100029,100,99948,100,100041,100,99946,100,100044,100,99900,100,100053,100,99893,100,100055,100,99873,100
2019-06-28 09:38:35.059137373,99999,100,99980,249,100004,749,99973,349,100016,349,99961,100,100018,100,99960,100,100020,100,99956,100,100029,100,99948,100,100041,100,99946,100,100044,100,99900,100,100053,100,99893,100,100055,100,99873,100
2019-06-28 09:38:38.251103081,99999,100,99980,249,100004,749,99973,349,100016,349,99961,100,100018,100,99960,100,100020,100,99956,100,100029,100,99948,100,100041,100,99946,100,100044,100,99900,100,100053,100,99893,100,100055,100,99873,100
2019-06-28 09:38:40.000000000,99999,200,99973,200,100004,600,99961,200,100016,200,99960,200,100018,200,99956,200,100020,200,99948,200,100029,100,99946,100,100041,100,99900,100,100044,100,99893,100,100053,100,99873,100,100055,100,99798,100
2019-06-28 09:38:42.933543486,99999,200,99973,200,100004,600,99961,200,100016,200,99960,200,100018,200,99956,200,100020,200,99948,200,100029,100,99900,100,100041,100,99893,100,100044,100,99873,100,100053,100,99798,100,100055,100,98823,100
2019-06-28 09:38:50.000000000,99999,224,99973,224,100004,624,99961,224,100016,224,99960,224,100018,224,99956,224,100020,100,99948,100,100029,100,99900,100,100041,100,99893,100,100044,100,99873,100,100053,100,99798,100,100055,100,98823,100
2019-06-28 09:38:51.835116206,99983,100,99973,224,99999,224,99961,224,100004,624,99960,224,100016,224,99956,224,100018,224,99948,100,100020,100,99900,100,100029,100,99893,100,100041,100,99873,100,100044,100,99798,100,100053,100,98823,100
2019-06-28 09:39:00.000000000,99983,349,99973,349,99999,349,99961,349,100004,500,99960,100,100016,100,99956,100,100018,100,99948,100,100020,100,99900,100,100029,100,99893,100,100041,100,99873,100,100044,100,99798,100,100053,100,98823,100
2019-06-28 09:39:02.015110949,99983,349,99973,349,99999,349,99961,349,100004,400,99960,100,100016,100,99956,100,100018,100,99948,100,100020,100,99900,100,100029,100,99893,100,100041,100,99873,100,100044,100,99798,100,100053,100,98823,100
2019-06-28 09:39:10.000000000,99983,598,99973,598,99999,100,99961,100,100004,400,99960,100,100016,100,99956,100,100018,100,99948,100,100020,100,99900,100,100029,100,99893,100,100041,100,99873,100,100044,100,99798,100,100053,100,98823,100
2019-06-28 09:39:19.970713043,99983,598,99973,498,99999,100,99961,100,100004,400,99960,100,100018,100,99956,100,100020,100,99948,100,100029,100,99900,100,100041,100,99893,100,100044,100,99873,100,100053,100,99798,100,100055,100,98823,100
2019-06-28 09:39:20.000000000,99983,224,99961,224,99999,224,99960,224,100004,524,99956,224,100018,224,99948,224,100020,100,99900,100,100029,100,99893,100,100041,100,99873,100,100044,100,99798,100,100053,100,98823,100,100055,100,98732,100
2019-06-28 09:39:21.861868195,99983,224,99961,124,99999,224,99960,224,100004,524,99956,224,100018,224,99948,124,100020,100,99900,100,100029,100,99893,100,100041,100,99873,100,100044,100,99798,100,100053,100,98823,100,100055,100,98732,100
2019-06-28 09:39:28.068533143,99983,224,99961,24,99999,224,99960,224,100004,524,99956,224,100018,224,99948,124,100020,100,99900,100,100029,100,99893,100,100041,100,99873,100,100044,100,99798,100,100053,100,98823,100,100055,100,98732,100
2019-06-28 09:39:30.000000000,99983,269,99960,269,99999,264,99956,264,100004,564,99900,264,100018,100,99893,100,100020,100,99873,100,100029,100,99798,100,100041,100,98823,100,100044,100,98732,100,100053,100,,,100055,100,,
2019-06-28 09:39:40.000000000,99983,349,99960,349,99999,349,99956,349,100004,400,99900,100,100018,100,99893,100,100020,100,99873,100,100029,100,99798,100,100041,100,98823,100,100044,100,98732,100,100053,100,,,100055,100,,
2019-06-28 09:39:50.000000000,99983,224,99960,224,99999,224,99956,224,100004,524,99900,224,100018,224,99893,224,100020,100,99873,100,100029,100,99798,100,100041,100,98823,100,100044,100,98732,100,100053,100,,,100055,100,,
2019-06-28 09:39:59.079584769,99983,224,99960,224,99999,224,99956,224,100004,524,99900,224,100018,224,99893,224,100020,100,99873,100,100029,100,99798,100,100041,100,98823,100,100044,100,98794,100,100053,100,98732,100,100055,100,,
2019-06-28 09:40:00.000000000,99983,598,99960,598,99999,100,99956,100,100004,400,99900,100,100018,100,99893,100,100020,100,99873,100,100029,100,99798,100,100041,100,98823,100,100044,100,98794,100,100053,100,98732,100,100055,100,,
2019-06-28 09:40:00.006476437,99983,598,99960,498,99999,100,99956,100,100004,400,99900,100,100018,100,99893,100,100020,100,99873,100,100029,100,99798,100,100041,100,98823,100,100044,100,98794,100,100053,100,98732,100,100055,100,,
2019-06-28 09:40:10.000000000,99983,224,99956,224,99999,224,99900,224,100004,524,99893,224,100018,224,99873,224,100020,100,99798,100,100029,100,98823,100,100041,100,98794,100,100044,100,98732,100,100053,100,,,100055,100,,
2019-06-28 09:40:20.000000000,99983,349,99956,349,99999,349,99900,349,100004,400,99893,100,100018,100,99873,100,100020,100,99798,100,100029,100,98823,100,100041,100,98794,100,100044,100,98732,100,100053,100,,,100055,100,,
2019-06-28 09:40:21.514589460,99961,100,99956,349,99983,349,99900,349,99999,349,99893,100,100004,400,99873,100,100018,100,99798,100,100020,100,98823,100,100029,100,98794,100,100041,100,98732,100,100044,100,,,100053,100,,
2019-06-28 09:40:23.155651746,99961,100,99956,349,99983,349,99900,349,99999,349,99893,100,100004,400,99873,100,100018,100,99798,100,100020,100,98938,100,100029,100,98823,100,100041,100,98794,100,100044,100,98732,100,100053,100,,
2019-06-28 09:40:23.302597455,99961,100,99956,349,99983,349,99900,349,99999,349,99893,100,100004,400,99873,100,100018,100,99798,100,100020,100,99121,100,100029,100,98938,100,100041,100,98823,100,100044,100,98794,100,100053,100,98732,100
2019-06-28 09:40:26.140622648,99961,100,99956,349,99983,349,99900,349,99999,349,99893,100,100004,400,99873,100,100020,100,99798,100,100029,100,99121,100,100041,100,98941,100,100044,100,98938,100,100053,100,98823,100,100055,100,98794,100
2019-06-28 09:40:30.000000000,99961,269,99956,269,99983,264,99900,264,99999,264,99893,264,100004,400,99873,100,100020,100,99798,100,100029,100,99121,100,100041,100,98941,100,100044,100,98938,100,100053,100,98823,100,100055,100,98794,100
2019-06-28 09:40:37.344905980,99961,169,99956,269,99983,264,99900,264,99999,264,99893,264,100004,400,99873,100,100020,100,99798,100,100029,100,99121,100,100041,100,98941,100,100044,100,98938,100,100053,100,98823,100,100055,100,98794,100
2019-06-28 09:40:40.000000000,99983,349,99956,349,99999,349,99900,349,100004,400,99893,100,100020,100,99873,100,100029,100,99798,100,100041,100,99121,100,100044,100,98941,100,100053,100,98938,100,100055,100,98823,100,100060,100,98794,100
2019-06-28 09:40:50.000000000,99983,200,99956,200,99999,200,99900,200,100004,500,99893,200,100020,200,99873,200,100029,200,99798,200,100041,100,99121,100,100044,100,98941,100,100053,100,98938,100,100055,100,98823,100,100060,100,98794,100
2019-06-28 09:40:57.500434584,99983,200,99956,200,99999,200,99900,200,100004,400,99893,200,100020,200,99873,200,100029,200,99798,200,100041,100,99121,100,100044,100,98941,100,100053,100,98938,100,100055,100,98823,100,100060,100,98794,100
2019-06-28 09:40:59.711808587,99983,200,99956,200,99999,100,99900,200,100004,400,99893,200,100020,200,99873,200,100029,200,99798,200,100041,100,99121,100,100044,100,98941,100,100053,100,98938,100,100055,100,98823,100,100060,100,98794,100
2019-06-28 09:41:00.000000000,99983,224,99956,224,100004,424,99900,224,100020,224,99893,224,100029,224,99873,224,100041,100,99798,100,100044,100,99121,100,100053,100,98941,100,100055,100,98938,100,100060,100,98823,100,100063,100,98794,100
2019-06-28 09:41:10.000000000,99983,349,99956,349,100004,549,99900,349,100020,100,99893,100,100029,100,99873,100,100041,100,99798,100,100044,100,99121,100,100053,100,98941,100,100055,100,98938,100,100060,100,98823,100,100063,100,98794,100
2019-06-28 09:41:17.640217453,99983,349,99956,249,100004,549,99900,349,100020,100,99893,100,100029,100,99873,100,100041,100,99798,100,100044,100,99121,100,100055,100,98941,100,100060,100,98938,100,100063,100,98823,100,100066,100,98794,100
2019-06-28 09:41:20.000000000,99983,200,99900,200,100004,400,99893,200,100020,200,99873,200,100029,200,99798,200,100041,200,99121,200,100044,100,98941,100,100055,100,98938,100,100060,100,98823,100,100063,100,98794,100,100066,100,98732,100
2019-06-28 09:41:30.000000000,99983,200,99900,200,100004,400,99893,200,100020,200,99873,200,100029,200,99798,200,100041,200,99121,200,100044,100,98941,100,100055,100,98938,100,100060,100,98823,100,100063,100,98794,100,100066,100,98732,100
2019-06-28 09:41:38.589401203,99983,200,99900,100,100004,400,99893,200,100020,200,99873,200,100029,200,99798,200,100041,200,99121,200,100044,100,98941,100,100055,100,98938,100,100060,100,98823,100,100063,100,98794,100,100066,100,98732,100
2019-06-28 09:41:40.000000000,99983,349,99893,349,100004,549,99873,349,100020,100,99798,100,100029,100,99121,100,100041,100,98941,100,100044,100,98938,100,100055,100,98823,100,100060,100,98794,100,100063,100,98732,100,100066,100,,
2019-06-28 09:41:50.000000000,99983,349,99893,349,100004,549,99873,349,100020,100,99798,100,100029,100,99121,100,100041,100,98941,100,100044,100,98938,100,100055,100,98823,100,100060,100,98794,100,100063,100,98732,100,100066,100,,
2019-06-28 09:42:00.000000000,99983,269,99893,269,100004,464,99873,264,100020,264,99798,264,100029,100,99121,100,100041,100,98941,100,100044,100,98938,100,100055,100,98823,100,100060,100,98794,100,100063,100,98732,100,100066,100,,
2019-06-28 09:42:02.062018709,99983,269,99893,169,100004,464,99873,264,100020,264,99798,264,100029,100,99121,100,100041,100,98941,100,100044,100,98938,100,100055,100,98823,100,100060,100,98794,100,100063,100,98732,100,100066,100,,
2019-06-28 09:42:10.000000000,99983,598,99873,598,100004,300,99798,100,100020,100,99121,100,100029,100,98941,100,100041,100,98938,100,100044,100,98823,100,100055,100,98794,100,100060,100,98732,100,100063,100,,,100066,100,,
2019-06-28 09:42:20.000000000,99983,269,99873,269,100004,464,99798,264,100020,264,99121,264,100029,100,98941,100,100041,100,98938,100,100044,100,98823,100,100055,100,98794,100,100060,100,98732,100,100063,100,,,100066,100,,
2019-06-28 09:42:30.000000000,99983,269,99873,269,100004,464,99798,264,100020,264,99121,264,100029,100,98941,100,100041,100,98938,100,100044,100,98823,100,100055,100,98794,100,100060,100,98732,100,100063,100,,,100066,100,,
2019-06-28 09:42:40.000000000,99983,224,99873,224,100004,424,99798,224,100020,224,99121,224,100029,224,98941,224,100041,100,98938,100,100044,100,98823,100,100055,100,98794,100,100060,100,98732,100,100063,100,,,100066,100,,
2019-06-28 09:42:44.560307407,99983,224,99873,224,100004,424,99798,224,100020,224,99278,100,100029,224,99121,224,100041,100,98941,224,100044,100,98938,100,100055,100,98823,100,100060,100,98794,100,100063,100,98732,100,100066,100,,
2019-06-28 09:42:50.000000000,99983,269,99873,269,100004,464,99798,264,100020,264,99278,264,100029,100,99121,100,100041,100,98941,100,100044,100,98938,100,100055,100,98823,100,100060,100,98794,100,100063,100,98732,100,100066,100,,
2019-06-28 09:42:51.320793849,99983,269,99873,269,100004,464,99798,264,100020,264,99537,100,100029,100,99278,264,100041,100,99121,100,100044,100,98941,100,100055,100,98938,100,100060,100,98823,100,100063,100,98794,100,100066,100,98732,100
2019-06-28 09:42:53.942730870,99983,269,99873,269,100004,464,99798,264,100020,264,99605,100,100029,100,99537,100,100041,100,99278,264,100044,100,99121,100,100055,100,98941,100,100060,100,98938,100,100063,100,98823,100,100066,100,98794,100
2019-06-28 09:43:00.000000000,99983,269,99873,269,100004,464,99798,264,100020,264,99605,264,100029,100,99537,100,100041,100,99278,100,100044,100,99121,100,100055,100,98941,100,100060,100,98938,100,100063,100,98823,100,100066,100,98794,100
2019-06-28 09:43:00.060398230,99900,100,99873,269,99983,269,99798,264,100004,464,99605,264,100020,264,99537,100,100029,100,99278,100,100041,100,99121,100,100044,100,98941,100,100055,100,98938,100,100060,100,98823,100,100063,100,98794,100
2019-06-28 09:43:02.353160156,99900,100,99873,269,99983,269,99798,264,100004,464,99605,264,100020,264,99537,100,100029,100,99529,100,100041,100,99278,100,100044,100,99121,100,100055,100,98941,100,100060,100,98938,100,100063,100,98823,100
2019-06-28 09:43:03.217466445,99900,200,99873,269,99983,269,99798,264,100004,464,99605,264,100020,264,99537,100,100029,100,99529,100,100041,100,99278,100,100044,100,99121,100,100055,100,98941,100,100060,100,98938,100,100063,100,98823,100
2019-06-28 09:43:10.000000000,99900,449,99873,349,99983,349,99798,349,100004,300,99605,100,100020,100,99537,100,100029,100,99529,100,100041,100,99278,100,100044,100,99121,100,100055,100,98941,100,100060,100,98938,100,100063,100,98823,100
2019-06-28 09:43:18.933258952,99900,449,99873,249,99983,349,99798,349,100004,300,99605,100,100020,100,99537,100,100029,100,99529,100,100041,100,99278,100,100044,100,99121,100,100055,100,98941,100,100060,100,98938,100,100063,100,98823,100
2019-06-28 09:43:20.000000000,99900,449,99798,349,99983,349,99605,349,100004,300,99537,100,100020,100,99529,100,100029,100,99278,100,100041,100,99121,100,100044,100,98941,100,100055,100,98938,100,100060,100,98823,100,100063,100,98794,100
2019-06-28 09:43:26.535242072,99900,449,99798,349,99983,349,99605,349,100004,300,99537,100,100020,100,99529,100,100029,100,99436,100,100041,100,99278,100,100044,100,99121,100,100055,100,98941,100,100060,100,98938,100,100063,100,98823,100
2019-06-28 09:43:26.774332866,99900,449,99798,349,99983,349,99605,349,100004,300,99537,100,100020,100,99529,100,100029,100,99436,100,100041,100,99302,100,100044,100,99278,100,100055,100,99121,100,100060,100,98941,100,100063,100,98823,100
2019-06-28 09:43:30.000000000,99900,698,99798,598,99983,100,99605,100,100004,300,99537,100,100020,100,99529,100,100029,100,99436,100,100041,100,99302,100,100044,100,99278,100,100055,100,99121,100,100060,100,98941,100,100063,100,98823,100
2019-06-28 09:43:35.088517144,99900,698,99798,498,99983,100,99605,100,100004,300,99537,100,100020,100,99529,100,100029,100,99302,100,100041,100,99278,100,100044,100,99121,100,100055,100,98941,100,100060,100,98823,100,100063,100,98794,100
2019-06-28 09:43:40.000000000,99900,449,99605,349,99983,349,99537,349,100004,300,99529,100,100020,100,99302,100,100029,100,99278,100,100041,100,99121,100,100044,100,98941,100,100055,100,98823,100,100060,100,98794,100,100063,100,98732,100
2019-06-28 09:43:50.000000000,99900,324,99605,224,99983,224,99537,224,100004,424,99529,224,100020,224,99302,224,100029,100,99278,100,100041,100,99121,100,100044,100,98941,100,100055,100,98823,100,100060,100,98794,100,100063,100,98732,100
2019-06-28 09:44:00.000000000,99900,300,99605,200,99983,200,99537,200,100004,400,99529,200,100020,200,99302,200,100029,200,99278,200,100041,100,99121,100,100044,100,98941,100,100055,100,98823,100,100060,100,98794,100,100063,100,98732,100
2019-06-28 09:44:08.205097985,99900,300,99605,100,99983,200,99537,200,100004,400,99529,200,100020,200,99302,200,100029,200,99278,200,100041,100,99121,100,100044,100,98941,100,100055,100,98823,100,100060,100,98794,100,100063,100,98732,100
2019-06-28 09:44:10.000000000,99900,698,99537,598,99983,100,99529,100,100004,300,99302,100,100020,100,99278,100,100029,100,99121,100,100041,100,98941,100,100044,100,98823,100,100055,100,98794,100,100060,100,98732,100,100063,100,,
2019-06-28 09:44:20.000000000,99900,449,99537,349,99983,349,99529,349,100004,300,99302,100,100020,100,99278,100,100029,100,99121,100,100041,100,98941,100,100044,100,98823,100,100055,100,98794,100,100060,100,98732,100,100063,100,,
2019-06-28 09:44:23.043861321,99900,449,99537,349,99983,349,99532,100,100004,300,99529,349,100020,100,99302,100,100029,100,99278,100,100041,100,99121,100,100044,100,98941,100,100055,100,98823,100,100060,100,98794,100,100063,100,98732,100
2019-06-28 09:44:30.000000000,99900,300,99537,200,99983,200,99532,200,100004,400,99529,200,100020,200,99302,200,100029,200,99278,200,100041,100,99121,100,100044,100,98941,100,100055,100,98823,100,100060,100,98794,100,100063,100,98732,100
2019-06-28 09:44:36.912317026,99574,100,99537,200,99900,300,99532,200,99983,200,99529,200,100004,400,99302,200,100020,200,99278,200,100029,200,99121,100,100041,100,98941,100,100044,100,98823,100,100055,100,98794,100,100060,100,98732,100
2019-06-28 09:44:40.000000000,99574,598,99537,598,99900,200,99532,100,99983,100,99529,100,100004,300,99302,100,100020,100,99278,100,100029,100,99121,100,100041,100,98941,100,100044,100,98823,100,100055,100,98794,100,100060,100,98732,100
2019-06-28 09:44:50.000000000,99574,349,99537,349,99900,449,99532,349,99983,100,99529,100,100004,300,99302,100,100020,100,99278,100,100029,100,99121,100,100041,100,98941,100,100044,100,98823,100,100055,100,98794,100,100060,100,98732,100
2019-06-28 09:45:00.000000000,99574,269,99537,269,99900,364,99532,264,99983,264,99529,264,100004,300,99302,100,100020,100,99278,100,100029,100,99121,100,100041,100,98941,100,100044,100,98823,100,100055,100,98794,100,100060,100,98732,100
2019-06-28 09:45:10.000000000,99574,224,99537,224,99900,324,99532,224,99983,224,99529,224,100004,424,99302,224,100020,100,99278,100,100029,100,99121,100,100041,100,98941,100,100044,100,98823,100,100055,100,98794,100,100060,100,98732,100
2019-06-28 09:45:12.667276775,99574,124,99537,224,99900,324,99532,224,99983,224,99529,224,100004,424,99302,224,100020,100,99278,100,100029,100,99121,100,100041,100,98941,100,100044,100,98823,100,100055,100,98794,100,100060,100,98732,100
2019-06-28 09:45:20.000000000,99900,698,99537,598,99983,100,99532,100,100004,300,99529,100,100020,100,99302,100,100029,100,99278,100,100041,100,99121,100,100044,100,98941,100,100055,100,98823,100,100060,100,98794,100,100063,100,98732,100
2019-06-28 09:45:30.000000000,99900,324,99537,224,99983,224,99532,224,100004,424,99529,224,100020,224,99302,224,100029,100,99278,100,100041,100,99121,100,100044,100,98941,100,100055,100,98823,100,100060,100,98794,100,100063,100,98732,100
2019-06-28 09:45:40.000000000,99900,300,99537,200,99983,200,99532,200,100004,400,99529,200,100020,200,99302,200,100029,200,99278,200,100041,100,99121,100,100044,100,98941,100,100055,100,98823,100,100060,100,98794,100,100063,100,98732,100
2019-06-28 09:45:42.109388106,99900,300,99537,200,99983,200,99532,200,100004,400,99529,200,100020,200,99302,200,100029,200,99278,200,100041,100,99121,100,100044,100,98941,100,100055,100,98823,100,100060,100,98794,100,100063,100,98732,100
2019-06-28 09:45:50.000000000,99900,369,99537,269,99983,264,99532,264,100004,464,99529,264,100020,100,99302,100,100029,100,99278,100,100041,100,99121,100,100044,100,98941,100,100055,100,98823,100,100060,100,98794,100,100063,100,98732,100
2019-06-28 09:45:56.204981899,99900,269,99537,269,99983,264,99532,264,100004,464,99529,264,100020,100,99302,100,100029,100,99278,100,100041,100,99121,100,100044,100,98941,100,100055,100,98823,100,100060,100,98794,100,100063,100,98732,100
2019-06-28 09:45:59.167195463,99900,269,99606,100,99983,264,99537,269,100004,464,99532,264,100020,100,99529,264,100029,100,99302,100,100041,100,99278,100,100044,100,99121,100,100055,100,98941,100,100060,100,98823,100,100063,100,98794,100
2019-06-28 09:46:00.000000000,99900,200,99606,200,99983,200,99537,200,100004,400,99532,200,100020,200,99529,200,100029,200,99302,200,100041,100,99278,100,100044,100,99121,100,100055,100,98941,100,100060,100,98823,100,100063,100,98794,100
2019-06-28 09:46:10.000000000,99900,598,99606,598,99983,100,99537,100,100004,300,99532,100,100020,100,99529,100,100029,100,99302,100,100041,100,99278,100,100044,100,99121,100,100055,100,98941,100,100060,100,98823,100,100063,100,98794,100
2019-06-28 09:46:18.421572373,99900,598,99606,598,99983,100,99537,100,100004,300,99532,100,100020,100,99529,100,100029,100,99302,100,100041,100,99278,100,100044,100,99121,100,100055,100,98941,100,100060,100,98823,100,100063,100,98794,100
2019-06-28 09:46:20.000000000,99900,598,99606,598,99983,100,99537,100,100004,300,99532,100,100020,100,99529,100,100029,100,99302,100,100041,100,99278,100,100044,100,99121,100,100055,100,98941,100,100060,100,98823,100,100063,100,98794,100
2019-06-28 09:46:30.000000000,99900,349,99606,349,99983,349,99537,349,100004,300,99532,100,100020,100,99529,100,100029,100,99302,100,100041,100,99278,100,100044,100,99121,100,100055,100,98941,100,100060,100,98823,100,100063,100,98794,100
2019-06-28 09:46:40.000000000,99900,200,99606,200,99983,200,99537,200,100004,400,99532,200,100020,200,99529,200,100029,200,99302,200,100041,100,99278,100,100044,100,99121,100,100055,100,98941,100,100060,100,98823,100,100063,100,98794,100
2019-06-28 09:46:49.181050042,99900,100,99606,200,99983,200,99537,200,100004,400,99532,200,100020,200,99529,200,100029,200,99302,200,100041,100,99278,100,100044,100,99121,100,100055,100,98941,100,100060,100,98794,100,100063,100,98732,100
2019-06-28 09:46:50.000000000,99983,200,99606,200,100004,400,99537,200,100020,200,99532,200,100029,200,99529,200,100041,200,99302,200,100044,100,99278,100,100055,100,99121,100,100060,100,98941,100,100063,100,98794,100,100067,100,98732,100
2019-06-28 09:46:54.164115151,99983,100,99606,200,100004,400,99537,200,100020,200,99532,200,100029,200,99529,200,100041,200,99302,200,100044,100,99121,100,100055,100,98941,100,100060,100,98794,100,100063,100,98732,100,100067,100,,
2019-06-28 09:46:55.395419329,99983,100,99606,200,100004,400,99537,200,100020,200,99532,200,100029,200,99529,200,100041,200,99302,200,100044,100,99121,100,100055,100,98941,100,100060,100,98794,100,100063,100,98732,100,100067,100,,
2019-06-28 09:47:00.000000000,100004,400,99606,200,100020,200,99537,200,100029,200,99532,200,100041,200,99529,200,100044,200,99302,200,100055,100,99121,100,100060,100,98941,100,100063,100,98794,100,100067,100,98732,100,100073,100,,
2019-06-28 09:47:00.694271428,100004,400,99900,100,100020,200,99606,200,100029,200,99537,200,100041,200,99532,200,100044,200,99529,200,100055,100,99302,200,100060,100,99121,100,100063,100,98941,100,100067,100,98794,100,100073,100,98732,100
2019-06-28 09:47:10.000000000,100004,400,99900,200,100020,200,99606,200,100029,200,99537,200,100041,200,99532,200,100044,200,99529,200,100055,100,99302,100,100060,100,99121,100,100063,100,98941,100,100067,100,98794,100,100073,100,98732,100
2019-06-28 09:47:12.455686454,100004,400,99900,200,100020,200,99606,200,100029,200,99537,200,100041,200,99532,200,100044,200,99529,200,100055,100,99302,100,100060,100,99121,100,100063,100,98941,100,100067,100,98794,100,100073,100,98732,100
2019-06-28 09:47:13.236585571,100004,400,99900,300,100020,200,99606,100,100029,200,99537,200,100041,200,99532,200,100044,200,99529,200,100055,100,99302,100,100060,100,99121,100,100063,100,98941,100,100067,100,98794,100,100073,100,98732,100
2019-06-28 09:47:19.909793529,100004,400,99900,300,100020,200,99606,100,100029,200,99537,200,100041,200,99532,200,100044,200,99529,200,100055,100,99302,100,100060,100,99121,100,100063,100,98941,100,100067,100,98794,100,100073,100,,
2019-06-28 09:47:20.000000000,100004,400,99900,300,100020,200,99537,200,100029,200,99532,200,100041,200,99529,200,100044,200,99302,200,100055,100,99121,100,100060,100,98941,100,100063,100,98794,100,100067,100,,,100073,100,,
2019-06-28 09:47:30.000000000,100004,549,99900,449,100020,349,99537,349,100029,100,99532,100,100041,100,99529,100,100044,100,99302,100,100055,100,99121,100,100060,100,98941,100,100063,100,98794,100,100067,100,,,100073,100,,
2019-06-28 09:47:40.000000000,100004,424,99900,324,100020,224,99537,224,100029,224,99532,224,100041,224,99529,224,100044,100,99302,100,100055,100,99121,100,100060,100,98941,100,100063,100,98794,100,100067,100,,,100073,100,,
2019-06-28 09:47:41.048216162,100004,424,99900,324,100020,224,99537,224,100029,224,99532,224,100041,224,99529,224,100044,100,99302,100,100055,100,99121,100,100060,100,98794,100,100063,100,,,100067,100,,,100073,100,,
2019-06-28 09:47:47.819731886,100004,424,99900,324,100020,224,99537,224,100029,224,99532,224,100041,224,99529,224,100044,100,99302,100,100055,100,99121,100,100060,100,98794,100,100063,100,,,100067,100,,,100073,100,,
2019-06-28 09:47:50.000000000,100004,400,99900,300,100020,200,99537,200,100029,200,99532,200,100041,200,99529,200,100044,200,99302,200,100055,100,99121,100,100060,100,98794,100,100063,100,,,100067,100,,,100073,100,,
2019-06-28 09:47:59.283690143,100004,300,99900,300,100020,200,99537,200,100029,200,99532,200,100041,200,99529,200,100044,200,99302,200,100055,100,99121,100,100060,100,98794,100,100063,100,,,100067,100,,,100073,100,,
2019-06-28 09:48:00.000000000,100004,300,99900,300,100020,200,99537,200,100029,200,99532,200,100041,200,99529,200,100044,200,99302,200,100055,100,99121,100,100060,100,98794,100,100063,100,,,100067,100,,,100073,100,,
2019-06-28 09:48:08.837634393,100004,300,99900,300,100020,200,99537,200,100029,200,99532,200,100041,200,99529,200,100044,200,99302,200,100055,100,99121,100,100060,100,98794,100,100063,100,,,100067,100,,,100073,100,,
2019-06-28 09:48:10.000000000,100004,449,99900,449,100020,349,99537,349,100029,100,99532,100,100041,100,99529,100,100044,100,99302,100,100055,100,99121,100,100060,100,98794,100,100063,100,,,100067,100,,,100073,100,,
2019-06-28 09:48:14.005849224,100004,349,99900,449,100020,349,99537,349,100029,100,99532,100,100041,100,99529,100,100044,100,99302,100,100060,100,99121,100,100063,100,98794,100,100067,100,,,100073,100,,,100097,100,,
2019-06-28 09:48:20.000000000,100004,224,99900,324,100020,224,99537,224,100029,224,99532,224,100041,224,99529,224,100044,100,99302,100,100060,100,99121,100,100063,100,98794,100,100067,100,,,100073,100,,,100097,100,,
2019-06-28 09:48:30.000000000,100004,349,99900,449,100020,349,99537,349,100029,100,99532,100,100041,100,99529,100,100044,100,99302,100,100060,100,99121,100,100063,100,98794,100,100067,100,,,100073,100,,,100097,100,,
2019-06-28 09:48:40.000000000,100004,224,99900,324,100020,224,99537,224,100029,224,99532,224,100041,224,99529,224,100044,100,99302,100,100060,100,99121,100,100063,100,98794,100,100067,100,,,100073,100,,,100097,100,,
2019-06-28 09:48:45.769666752,100004,124,99900,324,100020,224,99537,224,100029,224,99532,224,100041,224,99529,224,100060,100,99302,100,100063,100,99121,100,100067,100,98794,100,100073,100,,,100097,100,,,100110,200,,
2019-06-28 09:48:50.000000000,100020,200,99900,300,100029,200,99537,200,100041,200,99532,200,100060,200,99529,200,100063,200,99302,200,100067,100,99121,100,100073,100,98794,100,100097,100,,,100110,200,,,100130,100,,
2019-06-28 09:49:00.000000000,100020,200,99900,300,100029,200,99537,200,100041,200,99532,200,100060,200,99529,200,100063,200,99302,200,100067,100,99121,100,100073,100,98794,100,100097,100,,,100110,200,,,100130,100,,
2019-06-28 09:49:10.000000000,100020,598,99900,698,100029,100,99537,100,100041,100,99532,100,100060,100,99529,100,100063,100,99302,100,100067,100,99121,100,100073,100,98794,100,100097,100,,,100110,200,,,100130,100,,
2019-06-28 09:49:11.058676827,100020,498,99900,698,100029,100,99537,100,100041,100,99532,100,100060,100,99529,100,100063,100,99302,100,100067,100,99121,100,100073,100,98794,100,100097,100,,,100110,200,,,100130,100,,
2019-06-28 09:49:20.000000000,100029,598,99900,698,100041,100,99537,100,100060,100,99532,100,100063,100,99529,100,100067,100,99302,100,100073,100,99121,100,100097,100,98794,100,100110,200,,,100130,100,,,100132,100,,
2019-06-28 09:49:30.000000000,100029,200,99900,300,100041,200,99537,200,100060,200,99532,200,100063,200,99529,200,100067,200,99302,200,100073,100,99121,100,100097,100,98794,100,100110,200,,,100130,100,,,100132,100,,
2019-06-28 09:49:39.901694085,100029,200,99900,300,100041,200,99537,200,100060,200,99532,200,100063,200,99529,200,100067,200,99302,200,100073,100,99121,100,100097,100,98794,100,100110,200,,,100130,100,,,100132,100,,
2019-06-28 09:49:40.000000000,100029,200,99900,300,100041,200,99537,200,100060,200,99532,200,100063,200,99529,200,100067,200,99302,200,100073,100,99121,100,100097,100,98794,100,100110,200,,,100130,100,,,100132,100,,
2019-06-28 09:49:45.447130963,100029,100,99900,300,100041,200,99537,200,100060,200,99532,200,100063,200,99529,200,100067,200,99302,200,100073,100,99121,100,100097,100,98794,100,100110,200,,,100130,100,,,100132,100,,
2019-06-28 09:49:50.000000000,100041,200,99900,300,100060,200,99537,200,100063,200,99532,200,100067,200,99529,200,100073,200,99302,200,100097,100,99121,100,100110,200,98794,100,100130,100,,,100132,100,,,100247,100,,
2019-06-28 09:49:52.550374344,100041,100,99900,300,100060,200,99537,200,100063,200,99532,200,100067,200,99529,200,100073,200,99302,200,100097,100,99121,100,100110,200,98794,100,100130,100,,,100132,100,,,100247,100,,
2019-06-28 09:50:00.000000000,100060,349,99900,449,100063,349,99537,349,100067,100,99532,100,100073,100,99529,100,100097,100,99302,100,100110,200,99121,100,100130,100,98794,100,100132,100,,,100247,100,,,100395,100,,
2019-06-28 09:50:10.000000000,100060,349,99900,449,100063,349,99537,349,100067,100,99532,100,100073,100,99529,100,100097,100,99302,100,100110,200,99121,100,100130,100,98794,100,100132,100,,,100247,100,,,100395,100,,
2019-06-28 09:50:20.000000000,100060,349,99900,449,100063,349,99537,349,100067,100,99532,100,100073,100,99529,100,100097,100,99302,100,100110,200,99121,100,100130,100,98794,100,100132,100,,,100247,100,,,100395,100,,
2019-06-28 09:50:30.000000000,100060,598,99900,698,100063,100,99537,100,100067,100,99532,100,100073,100,99529,100,100097,100,99302,100,100110,200,99121,100,100130,100,98794,100,100132,100,,,100247,100,,,100395,100,,
2019-06-28 09:50:40.000000000,100060,224,99900,324,100063,224,99537,224,100067,224,99532,224,100073,224,99529,224,100097,100,99302,100,100110,200,99121,100,100130,100,98794,100,100132,100,,,100247,100,,,100395,100,,
2019-06-28 09:50:50.000000000,100060,349,99900,449,100063,349,99537,349,100067,100,99532,100,100073,100,99529,100,100097,100,99302,100,100110,200,99121,100,100130,100,98794,100,100132,100,,,100247,100,,,100395,100,,
2019-06-28 09:50:56.788580463,100060,349,99900,449,100063,349,99537,249,100067,100,99532,100,100073,100,99529,100,100097,100,99302,100,100110,200,99121,100,100130,100,98794,100,100132,100,,,100247,100,,,100395,100,,
2019-06-28 09:51:00.000000000,100060,224,99900,324,100063,224,99532,224,100067,224,99529,224,100073,224,99302,224,100097,100,99121,100,100110,200,98794,100,100130,100,,,100132,100,,,100247,100,,,100395,100,,
2019-06-28 09:51:02.083930915,100060,224,99900,324,100063,124,99532,224,100067,224,99529,224,100073,224,99302,224,100097,100,99121,100,100110,200,98794,100,100130,100,,,100132,100,,,100247,100,,,100395,100,,
2019-06-28 09:51:09.781666276,100060,224,100029,100,100063,124,99900,324,100067,224,99532,224,100073,224,99529,224,100097,100,99302,224,100110,200,99121,100,100130,100,98794,100,100132,100,,,100247,100,,,100395,100,,
2019-06-28 09:51:10.000000000,100060,269,100029,269,100067,264,99900,364,100073,264,99532,264,100097,100,99529,100,100110,200,99302,100,100130,100,99121,100,100132,100,98794,100,100247,100,,,100395,100,,,100494,100,,
2019-06-28 09:51:20.000000000,100060,200,100029,200,100067,200,99900,300,100073,200,99532,200,100097,200,99529,200,100110,300,99302,200,100130,100,99121,100,100132,100,98794,100,100247,100,,,100395,100,,,100494,100,,
2019-06-28 09:51:30.000000000,100060,200,100029,200,100067,200,99900,300,100073,200,99532,200,100097,200,99529,200,100110,300,99302,200,100130,100,99121,100,100132,100,98794,100,100247,100,,,100395,100,,,100494,100,,
2019-06-28 09:51:31.155611102,100060,200,100029,200,100067,200,99900,300,100073,200,99532,200,100097,200,99529,200,100110,300,99302,200,100130,100,99121,100,100132,100,98794,100,100247,100,,,100395,100,,,100494,100,,
2019-06-28 09:51:34.914696395,100060,200,100029,300,100067,200,99900,300,100073,200,99532,200,100097,200,99529,200,100110,300,99302,200,100130,100,99121,100,100132,100,98794,100,100247,100,,,100395,100,,,100494,100,,
2019-06-28 09:51:40.000000000,100060,598,100029,698,100067,100,99900,200,100073,100,99532,100,100097,100,99529,100,100110,200,99302,100,100130,100,99121,100,100132,100,98794,100,100247,100,,,100395,100,,,100494,100,,
2019-06-28 09:51:50.000000000,100060,200,100029,300,100067,200,99900,300,100073,200,99532,200,100097,200,99529,200,100110,300,99302,200,100130,100,99121,100,100132,100,98794,100,100247,100,,,100395,100,,,100494,100,,
2019-06-28 09:51:50.031645448,100060,100,100029,300,100067,200,99900,300,100073,200,99532,200,100097,200,99529,200,100110,200,99302,200,100130,100,99121,100,100132,100,98794,100,100247,100,,,100395,100,,,100494,100,,
2019-06-28 09:51:53.581269052,100067,200,100029,300,100073,200,99900,300,100097,200,99532,200,100110,200,99529,200,100130,100,99302,200,100132,100,99121,100,100247,100,98794,100,100395,100,,,100494,100,,,100527,100,,
2019-06-28 09:51:58.112641954,100067,200,100060,100,100073,200,100029,300,100097,200,99900,300,100110,200,99532,200,100130,100,99529,200,100132,100,99302,200,100247,100,99121,100,100395,100,98794,100,100494,100,,,100527,100,,
2019-06-28 09:52:00.000000000,100067,598,100060,598,100073,100,100029,200,100097,100,99900,200,100110,100,99532,100,100130,100,99529,100,100132,100,99302,100,100247,100,99121,100,100395,100,98794,100,100494,100,,,100527,100,,
2019-06-28 09:52:10.000000000,100067,269,100060,269,100073,264,100029,364,100097,264,99900,364,100110,100,99532,100,100130,100,99529,100,100132,100,99302,100,100247,100,99121,100,100395,100,98794,100,100494,100,,,100527,100,,
2019-06-28 09:52:20.000000000,100067,349,100060,349,100073,349,100029,449,100097,100,99900,200,100110,100,99532,100,100130,100,99529,100,100132,100,99302,100,100247,100,99121,100,100395,100,98794,100,100494,100,,,100527,100,,
2019-06-28 09:52:30.000000000,100067,349,100060,349,100073,349,100029,449,100097,100,99900,200,100110,100,99532,100,100130,100,99529,100,100132,100,99302,100,100247,100,99121,100,100395,100,98794,100,100494,100,,,100527,100,,
2019-06-28 09:52:30.399476507,100067,249,100060,349,100073,349,100029,449,100097,100,99900,200,100130,100,99532,100,100132,100,99529,100,100247,100,99302,100,100395,100,99121,100,100494,100,98794,100,100527,100,,,100763,100,,
2019-06-28 09:52:36.815129053,100067,249,100060,349,100073,349,100029,449,100097,100,99900,200,100130,100,99532,100,100132,100,99529,100,100247,100,99302,100,100395,100,98794,100,100494,100,,,100527,100,,,100763,100,,
2019-06-28 09:52:40.000000000,100073,224,100060,224,100097,224,100029,324,100130,224,99900,324,100132,224,99532,224,100247,100,99529,100,100395,100,99302,100,100494,100,98794,100,100527,100,,,100763,100,,,100891,100,,
2019-06-28 09:52:41.053345908,100073,224,100060,224,100097,224,100029,324,100130,124,99900,324,100132,224,99532,224,100247,100,99529,100,100395,100,99302,100,100494,100,98794,100,100527,100,,,100763,100,,,100891,100,,
2019-06-28 09:52:43.603867187,100073,224,100060,224,100097,224,100029,324,100130,124,99900,324,100132,224,99532,224,100247,100,99529,100,100395,100,99302,100,100494,100,98794,100,100527,100,,,100763,100,,,100891,100,,
2019-06-28 09:52:47.077442711,100073,224,100060,224,100097,224,100029,324,100130,124,99900,324,100132,224,99532,224,100247,100,99529,100,100395,100,99302,100,100494,100,98794,100,100527,100,,,100763,100,,,100891,100,,
2019-06-28 09:52:50.000000000,100073,598,100060,598,100097,100,100029,200,100132,100,99900,200,100247,100,99532,100,100395,100,99529,100,100494,100,99302,100,100527,100,98794,100,100763,100,,,100891,100,,,101151,100,,
2019-06-28 09:53:00.000000000,100073,598,100060,598,100097,100,100029,200,100132,100,99900,200,100247,100,99532,100,100395,100,99529,100,100494,100,99302,100,100527,100,98794,100,100763,100,,,100891,100,,,101151,100,,
2019-06-28 09:53:10.000000000,100073,349,100060,349,100097,349,100029,449,100132,100,99900,200,100247,100,99532,100,100395,100,99529,100,100494,100,99302,100,100527,100,98794,100,100763,100,,,100891,100,,,101151,100,,
2019-06-28 09:53:16.111790912,100073,249,100060,349,100097,349,100029,449,100132,100,99900,200,100247,100,99532,100,100395,100,99529,100,100494,100,99302,100,100527,100,98794,100,100763,100,,,100891,100,,,101151,100,,
2019-06-28 09:53:20.000000000,100097,269,100060,269,100132,264,100029,364,100247,264,99900,364,100395,100,99532,100,100494,100,99529,100,100527,100,99302,100,100763,100,98794,100,100891,100,,,101151,100,,,101233,100,,
2019-06-28 09:53:24.439706102,100097,169,100060,269,100132,264,100029,364,100247,264,99900,364,100395,100,99532,100,100494,100,99529,100,100527,100,99302,100,100891,100,98794,100,101151,100,,,101233,100,,,101253,100,,
2019-06-28 09:53:30.000000000,100132,200,100060,200,100247,200,100029,300,100395,200,99900,300,100494,200,99532,200,100527,200,99529,200,100891,100,99302,100,101151,100,98794,100,101233,100,,,101253,100,,,101369,100,,
2019-06-28 09:53:40.000000000,100132,269,100060,269,100247,264,100029,364,100395,264,99900,364,100494,100,99532,100,100527,100,99529,100,100891,100,99302,100,101151,100,98794,100,101233,100,,,101253,100,,,101369,100,,
2019-06-28 09:53:44.477285306,100132,169,100060,269,100247,264,100029,364,100395,264,99900,364,100494,100,99532,100,100527,100,99529,100,100891,100,99302,100,101151,100,98794,100,101233,100,,,101253,100,,,101369,100,,
2019-06-28 09:53:44.655728439,100132,169,100097,100,100247,264,100060,269,100395,264,100029,264,100494,100,99900,364,100527,100,99532,100,100891,100,99529,100,101151,100,99302,100,101233,100,98794,100,101253,100,,,101369,100,,
2019-06-28 09:53:47.171614355,100132,169,100097,100,100247,264,100060,269,100395,264,100029,264,100494,100,99900,364,100527,100,99532,100,100891,100,99529,100,101151,100,99302,100,101253,100,98794,100,101369,100,,,101393,100,,
2019-06-28 09:53:50.000000000,100247,269,100097,269,100395,264,100060,264,100494,264,100029,264,100527,100,99900,200,100891,100,99532,100,101151,100,99529,100,101253,100,99302,100,101369,100,98794,100,101393,100,,,101552,100,,
2019-06-28 09:53:55.930678010,100247,269,100097,269,100395,264,100060,264,100494,264,100029,264,100527,100,99900,200,100891,100,99532,100,101151,100,99529,100,101253,100,99302,100,101369,100,98794,100,101393,100,,,101394,100,,
2019-06-28 09:54:00.000000000,100247,200,100097,200,100395,200,100060,200,100494,200,100029,200,100527,200,99900,300,100891,200,99532,200,101151,100,99529,100,101253,100,99302,100,101369,100,98794,100,101393,100,,,101394,100,,
2019-06-28 09:54:10.000000000,100247,200,100097,200,100395,200,100060,200,100494,200,100029,200,100527,200,99900,300,100891,200,99532,200,101151,100,99529,100,101253,100,99302,100,101369,100,98794,100,101393,100,,,101394,100,,
2019-06-28 09:54:20.000000000,100247,598,100097,598,100395,100,100060,100,100494,100,100029,100,100527,100,99900,200,100891,100,99532,100,101151,100,99529,100,101253,100,99302,100,101369,100,98794,100,101393,100,,,101394,100,,
2019-06-28 09:54:30.000000000,100247,269,100097,269,100395,264,100060,264,100494,264,100029,264,100527,100,99900,200,100891,100,99532,100,101151,100,99529,100,101253,100,99302,100,101369,100,98794,100,101393,100,,,101394,100,,
2019-06-28 09:54:36.212545628,100247,269,100097,369,100395,264,100060,164,100494,264,100029,264,100527,100,99900,200,100891,100,99532,100,101151,100,99529,100,101253,100,99302,100,101369,100,98794,100,101393,100,,,101394,100,,
2019-06-28 09:54:40.000000000,100247,269,100097,369,100395,264,100029,264,100494,264,99900,364,100527,100,99532,100,100891,100,99529,100,101151,100,99302,100,101253,100,98794,100,101369,100,,,101393,100,,,101394,100,,
2019-06-28 09:54:46.870386918,100247,269,100097,369,100395,264,100029,264,100494,264,99900,364,100527,100,99532,100,100891,100,99529,100,101151,100,99302,100,101253,100,98794,100,101369,100,,,101393,100,,,101394,100,,
2019-06-28 09:54:50.000000000,100247,200,100097,300,100395,200,100029,200,100494,200,99900,300,100527,200,99532,200,100891,200,99529,200,101151,100,99302,100,101253,100,98794,100,101369,100,,,101393,100,,,101394,100,,
2019-06-28 09:54:55.591190255,100247,200,100097,400,100395,200,100029,200,100494,200,99900,300,100527,200,99532,200,100891,200,99529,200,101151,100,99302,100,101253,100,98794,100,101369,100,,,101393,100,,,101394,100,,
2019-06-28 09:55:00.000000000,100247,224,100097,424,100395,224,100029,224,100494,224,99900,324,100527,224,99532,224,100891,100,99529,100,101151,100,99302,100,101253,100,98794,100,101369,100,,,101393,100,,,101394,100,,
2019-06-28 09:55:03.732699169,100247,224,100097,424,100395,224,100029,224,100494,224,99900,324,100527,224,99532,224,100891,100,99529,100,101151,100,99302,100,101253,100,98794,100,101369,100,,,101393,100,,,101394,100,,
2019-06-28 09:55:10.000000000,100247,598,100097,798,100395,100,100029,100,100494,100,99900,200,100527,100,99532,100,100891,100,99529,100,101151,100,99302,100,101253,100,98794,100,101369,100,,,101393,100,,,101394,100,,
2019-06-28 09:55:15.927131183,100247,498,100097,798,100395,100,100029,100,100494,100,99900,200,100527,100,99532,100,100891,100,99529,100,101151,100,99302,100,101253,100,98794,100,101369,100,,,101393,100,,,101394,100,,
2019-06-28 09:55:19.780989803,100247,498,100097,798,100395,100,100029,100,100494,100,99900,200,100527,100,99532,100,100891,100,99529,100,101151,100,99302,100,101253,100,98794,100,101369,100,,,101393,100,,,101394,100,,
2019-06-28 09:55:20.000000000,100395,200,100097,400,100494,200,100029,200,100527,200,99900,300,100891,200,99532,200,101151,200,99529,200,101253,100,99302,100,101369,100,98794,100,101393,100,,,101394,100,,,101538,100,,
2019-06-28 09:55:23.789147600,100395,200,100097,400,100494,200,100029,200,100527,200,99900,300,100891,200,99532,200,101151,200,99529,200,101253,100,99302,100,101369,100,98794,100,101393,100,,,101394,100,,,101536,100,,
2019-06-28 09:55:30.000000000,100395,269,100097,469,100494,264,100029,264,100527,264,99900,364,100891,100,99532,100,101151,100,99529,100,101253,100,99302,100,101369,100,98794,100,101393,100,,,101394,100,,,101536,100,,
2019-06-28 09:55:30.370129291,100395,269,100097,469,100494,264,100029,264,100527,264,99900,364,100891,100,99532,100,101151,100,99529,100,101253,100,99302,100,101369,100,98794,100,101393,100,,,101394,100,,,101474,100,,
2019-06-28 09:55:33.933381588,100395,269,100097,469,100494,264,100029,264,100527,264,99900,364,100891,100,99532,100,101151,100,99529,100,101253,100,99302,100,101369,100,98794,100,101393,100,,,101394,100,,,101446,100,,
2019-06-28 09:55:40.000000000,100395,269,100097,469,100494,264,100029,264,100527,264,99900,364,100891,100,99532,100,101151,100,99529,100,101253,100,99302,100,101369,100,98794,100,101393,100,,,101394,100,,,101446,100,,
2019-06-28 09:55:50.000000000,100395,349,100097,549,100494,349,100029,349,100527,100,99900,200,100891,100,99532,100,101151,100,99529,100,101253,100,99302,100,101369,100,98794,100,101393,100,,,101394,100,,,101446,100,,
2019-06-28 09:55:51.832516639,100395,249,100097,549,100494,349,100029,349,100527,100,99900,200,100891,100,99532,100,101151,100,99529,100,101253,100,99302,100,101369,100,98794,100,101393,100,,,101394,100,,,101446,100,,
2019-06-28 09:56:00.000000000,100494,224,100097,424,100527,224,100029,224,100891,224,99900,324,101151,224,99532,224,101253,100,99529,100,101369,100,99302,100,101393,100,98794,100,101394,100,,,101446,100,,,101474,100,,
2019-06-28 09:56:10.000000000,100494,200,100097,400,100527,200,100029,200,100891,200,99900,300,101151,200,99532,200,101253,200,99529,200,101369,100,99302,100,101393,100,98794,100,101394,100,,,101446,100,,,101474,100,,
2019-06-28 09:56:19.046251884,100494,200,100247,100,100527,200,100097,400,100891,200,100029,200,101151,200,99900,300,101253,200,99532,200,101369,100,99529,200,101393,100,99302,100,101394,100,98794,100,101446,100,,,101474,100,,
2019-06-28 09:56:20.000000000,100494,349,100247,349,100527,349,100097,549,100891,100,100029,100,101151,100,99900,200,101253,100,99532,100,101369,100,99529,100,101393,100,99302,100,101394,100,98794,100,101446,100,,,101474,100,,
2019-06-28 09:56:26.900292199,100494,349,100247,349,100527,349,100097,549,100891,100,100029,100,101151,100,99900,200,101253,100,99532,100,101369,100,99529,100,101393,100,99302,100,101394,100,98794,100,101446,100,,,101474,100,,
2019-06-28 09:56:30.000000000,100494,269,100247,269,100527,264,100097,464,100891,264,100029,264,101151,100,99900,200,101253,100,99532,100,101369,100,99529,100,101393,100,99302,100,101394,100,98794,100,101446,100,,,101474,100,,
2019-06-28 09:56:37.167117344,100494,169,100247,269,100527,264,100097,464,100891,264,100029,264,101151,100,99900,200,101253,100,99532,100,101369,100,99529,100,101393,100,99302,100,101394,100,98794,100,101446,100,,,101474,100,,
2019-06-28 09:56:40.000000000,100527,224,100247,224,100891,224,100097,424,101151,224,100029,224,101253,224,99900,324,101369,100,99532,100,101393,100,99529,100,101394,100,99302,100,101446,100,98794,100,101474,100,,,101536,100,,
2019-06-28 09:56:45.035546354,100527,224,100247,124,100891,224,100097,424,101151,224,100029,224,101253,224,99900,324,101369,100,99532,100,101393,100,99529,100,101394,100,99302,100,101446,100,98794,100,101474,100,,,101536,100,,
2019-06-28 09:56:50.000000000,100527,269,100097,469,100891,264,100029,264,101151,264,99900,364,101253,100,99532,100,101369,100,99529,100,101393,100,99302,100,101394,100,98794,100,101446,100,,,101474,100,,,101536,100,,
2019-06-28 09:56:51.305820673,100527,269,100097,469,100891,264,100029,264,101151,264,99900,364,101253,100,99532,100,101369,100,99529,100,101393,100,99302,100,101394,100,98794,100,101446,100,,,101474,100,,,101536,100,,
2019-06-28 09:57:00.000000000,100527,349,100097,549,100891,349,100029,349,101151,100,99900,200,101253,100,99532,100,101369,100,99529,100,101393,100,99302,100,101394,100,98794,100,101446,100,,,101474,100,,,101536,100,,
2019-06-28 09:57:10.000000000,100527,349,100097,549,100891,349,100029,349,101151,100,99900,200,101253,100,99532,100,101369,100,99529,100,101393,100,99302,100,101394,100,98794,100,101446,100,,,101474,100,,,101536,100,,
2019-06-28 09:57:11.685154778,100527,349,100097,549,100891,349,100029,349,101151,100,99900,200,101253,100,99532,100,101369,100,99302,100,101393,100,98794,100,101394,100,,,101446,100,,,101474,100,,,101536,100,,
2019-06-28 09:57:20.000000000,100527,269,100097,469,100891,264,100029,264,101151,264,99900,364,101253,100,99532,100,101369,100,99302,100,101393,100,98794,100,101394,100,,,101446,100,,,101474,100,,,101536,100,,
2019-06-28 09:57:26.069857427,100527,269,100097,469,100891,264,100029,264,101151,264,99900,364,101253,100,99532,100,101369,100,99302,100,101393,100,,,101394,100,,,101446,100,,,101474,100,,,101536,100,,
2019-06-28 09:57:26.485690304,100527,269,100395,100,100891,264,100097,469,101151,264,100029,264,101253,100,99900,364,101369,100,99532,100,101393,100,99302,100,101394,100,,,101446,100,,,101474,100,,,101536,100,,
2019-06-28 09:57:30.000000000,100527,269,100395,269,100891,264,100097,464,101151,264,100029,264,101253,100,99900,200,101369,100,99532,100,101393,100,99302,100,101394,100,,,101446,100,,,101474,100,,,101536,100,,
2019-06-28 09:57:40.000000000,100527,598,100395,598,100891,100,100097,300,101151,100,100029,100,101253,100,99900,200,101369,100,99532,100,101393,100,99302,100,101394,100,,,101446,100,,,101474,100,,,101536,100,,
2019-06-28 09:57:50.000000000,100527,269,100395,269,100891,264,100097,464,101151,264,100029,264,101253,100,99900,200,101369,100,99532,100,101393,100,99302,100,101394,100,,,101446,100,,,101474,100,,,101536,100,,
2019-06-28 09:58:00.000000000,100527,224,100395,224,100891,224,100097,424,101151,224,100029,224,101253,224,99900,324,101369,100,99532,100,101393,100,99302,100,101394,100,,,101446,100,,,101474,100,,,101536,100,,
2019-06-28 09:58:07.561911342,100527,224,100395,224,100891,224,100097,324,101151,224,100029,224,101253,224,99900,324,101369,100,99532,100,101393,100,99302,100,101394,100,,,101446,100,,,101474,100,,,101536,100,,
2019-06-28 09:58:10.000000000,100527,269,100395,269,100891,264,100097,364,101151,264,100029,264,101253,100,99900,200,101369,100,99532,100,101393,100,99302,100,101394,100,,,101446,100,,,101474,100,,,101536,100,,
2019-06-28 09:58:20.000000000,100527,269,100395,269,100891,264,100097,364,101151,264,100029,264,101253,100,99900,200,101369,100,99532,100,101393,100,99302,100,101394,100,,,101446,100,,,101474,100,,,101536,100,,
2019-06-28 09:58:30.000000000,100527,200,100395,200,100891,200,100097,300,101151,200,100029,200,101253,200,99900,300,101369,200,99532,200,101393,100,99302,100,101394,100,,,101446,100,,,101474,100,,,101536,100,,
2019-06-28 09:58:34.442909206,100527,200,100395,200,100891,200,100097,300,101151,200,100029,200,101253,200,99900,300,101369,200,99532,200,101393,100,99302,100,101394,100,,,101446,100,,,101474,100,,,101536,100,,
2019-06-28 09:58:36.508081818,100527,100,100395,200,100891,200,100097,300,101151,200,100029,200,101253,200,99900,300,101369,200,99532,200,101393,100,99302,100,101394,100,,,101446,100,,,101474,100,,,101536,100,,
2019-06-28 09:58:40.000000000,100891,269,100395,269,101151,264,100097,364,101253,264,100029,264,101369,100,99900,200,101393,100,99532,100,101394,100,99302,100,101446,100,,,101474,100,,,101536,100,,,101538,100,,
2019-06-28 09:58:43.548802314,100891,169,100395,269,101151,264,100097,364,101253,264,100029,264,101369,100,99900,200,101393,100,99532,100,101394,100,99302,100,101446,100,,,101474,100,,,101536,100,,,101538,100,,
2019-06-28 09:58:50.000000000,101151,269,100395,269,101253,264,100097,364,101369,264,100029,264,101393,100,99900,200,101394,100,99532,100,101446,100,99302,100,101474,100,,,101536,100,,,101538,100,,,101701,100,,
2019-06-28 09:58:57.285569583,101151,169,100395,269,101253,264,100097,364,101369,264,100029,264,101393,100,99900,200,101394,100,99532,100,101446,100,99302,100,101474,100,,,101536,100,,,101538,100,,,101701,100,,
2019-06-28 09:59:00.000000000,101253,224,100395,224,101369,224,100097,324,101393,224,100029,224,101394,224,99900,324,101446,100,99532,100,101474,100,99302,100,101536,100,,,101538,100,,,101701,100,,,101890,100,,
2019-06-28 09:59:10.000000000,101253,269,100395,269,101369,264,100097,364,101393,264,100029,264,101394,100,99900,200,101446,100,99532,100,101474,100,99302,100,101536,100,,,101538,100,,,101701,100,,,101890,100,,
2019-06-28 09:59:12.990830104,101253,269,100395,269,101369,264,100097,364,101393,264,100029,264,101394,100,99900,200,101446,100,99532,100,101474,100,99302,100,101536,100,,,101538,100,,,101701,100,,,101890,100,,
2019-06-28 09:59:20.000000000,101253,349,100395,349,101369,349,100097,449,101393,100,100029,100,101394,100,99900,200,101446,100,99532,100,101474,100,99302,100,101536,100,,,101538,100,,,101701,100,,,101890,100,,
2019-06-28 09:59:20.312708858,101253,349,100395,349,101369,349,100097,449,101393,100,100029,100,101394,100,99900,200,101446,100,99532,100,101474,100,99302,100,101536,100,,,101538,100,,,101701,100,,,101890,100,,
2019-06-28 09:59:30.000000000,101253,598,100395,598,101369,100,100097,200,101393,100,100029,100,101394,100,99900,200,101446,100,99532,100,101474,100,99302,100,101536,100,,,101538,100,,,101701,100,,,101890,100,,
2019-06-28 09:59:36.363972963,101253,598,100395,598,101369,100,100097,200,101393,100,100029,100,101394,100,99900,200,101446,100,99532,100,101474,100,,,101536,100,,,101538,100,,,101701,100,,,101890,100,,
2019-06-28 09:59:40.000000000,101253,269,100395,269,101369,264,100097,364,101393,264,100029,264,101394,100,99900,200,101446,100,99532,100,101474,100,,,101536,100,,,101538,100,,,101701,100,,,101890,100,,
2019-06-28 09:59:50.000000000,101253,269,100395,269,101369,264,100097,364,101393,264,100029,264,101394,100,99900,200,101446,100,99532,100,101474,100,,,101536,100,,,101538,100,,,101701,100,,,101890,100,,
2019-06-28 10:00:00.000000000,101253,224,100395,224,101369,224,100097,324,101393,224,100029,224,101394,224,99900,324,101446,100,99532,100,101474,100,,,101536,100,,,101538,100,,,101701,100,,,101890,100,,
2019-06-28 10:00:10.000000000,101253,269,100395,269,101369,264,100097,364,101393,264,100029,264,101394,100,99900,200,101446,100,99532,100,101474,100,,,101536,100,,,101538,100,,,101701,100,,,101890,100,,
2019-06-28 10:00:10.109536262,101253,169,100395,269,101369,264,100097,364,101393,264,100029,264,101394,100,99900,200,101446,100,99532,100,101474,100,,,101536,100,,,101538,100,,,101701,100,,,101890,100,,
2019-06-28 10:00:15.401504844,101253,69,100395,269,101369,264,100097,364,101393,264,100029,264,101394,100,99900,200,101446,100,99532,100,101474,100,,,101536,100,,,101538,100,,,101701,100,,,101950,100,,
2019-06-28 10:00:19.987889565,101369,264,101253,31,101393,164,100395,269,101394,100,100097,364,101446,100,100029,264,101474,100,99900,200,101536,100,99532,100,101538,100,,,101701,100,,,101950,100,,,102006,100,,
2019-06-28 10:00:20.000000000,101369,349,101253,280,101394,349,100395,349,101446,100,100097,200,101474,100,100029,100,101536,100,99900,200,101538,100,99532,100,101701,100,,,101950,100,,,102006,100,,,102146,100,,
2019-06-28 10:00:30.000000000,101369,224,101253,155,101394,224,100395,224,101446,224,100097,324,101474,224,100029,224,101536,100,99900,200,101538,100,99532,100,101701,100,,,101950,100,,,102006,100,,,102146,100,,
2019-06-28 10:00:32.098167489,101369,224,101253,155,101394,224,100395,224,101446,224,100097,324,101474,224,100029,224,101536,100,99900,200,101538,100,99532,100,101701,100,,,102006,100,,,102114,100,,,102146,100,,
2019-06-28 10:00:40.000000000,101369,349,101253,280,101394,349,100395,349,101446,100,100097,200,101474,100,100029,100,101536,100,99900,200,101538,100,99532,100,101701,100,,,102006,100,,,102114,100,,,102146,100,,
2019-06-28 10:00:50.000000000,101369,598,101253,529,101394,100,100395,100,101446,100,100097,200,101474,100,100029,100,101536,100,99900,200,101538,100,99532,100,101701,100,,,102006,100,,,102114,100,,,102146,100,,
2019-06-28 10:00:53.528846447,101369,598,101253,529,101394,100,100395,100,101446,100,100097,200,101474,100,100029,100,101536,100,99900,200,101538,100,99532,100,101701,100,,,102006,100,,,102114,100,,,102146,100,,
2019-06-28 10:00:55.819143854,101369,498,101253,529,101394,100,100395,100,101446,100,100097,200,101474,100,100029,100,101536,100,99900,200,101538,100,99532,100,102006,100,,,102114,100,,,102146,100,,,102217,100,,
2019-06-28 10:01:00.000000000,101394,349,101253,280,101446,349,100395,349,101474,100,100097,200,101536,100,100029,100,101538,100,99900,200,102006,100,99532,100,102114,100,,,102146,100,,,102217,100,,,102240,100,,
2019-06-28 10:01:10.000000000,101394,269,101253,200,101446,264,100395,264,101474,264,100097,364,101536,100,100029,100,101538,100,99900,200,102006,100,99532,100,102114,100,,,102146,100,,,102217,100,,,102240,100,,
2019-06-28 10:01:14.886550115,101394,269,101253,200,101446,264,100395,264,101474,264,100097,364,101536,100,100029,100,101538,100,99900,200,102006,100,99532,100,102085,100,,,102114,100,,,102146,100,,,102217,100,,
2019-06-28 10:01:16.321614474,101394,269,101253,200,101446,264,100395,264,101474,264,100097,364,101536,100,100029,100,101538,100,99900,200,102006,100,99532,100,102085,100,,,102097,100,,,102114,100,,,102146,100,,
2019-06-28 10:01:20.000000000,101394,269,101253,200,101446,264,100395,264,101474,264,100097,364,101536,100,100029,100,101538,100,99900,200,102006,100,99532,100,102085,100,,,102097,100,,,102114,100,,,102146,100,,
2019-06-28 10:01:30.000000000,101394,349,101253,280,101446,349,100395,349,101474,100,100097,200,101536,100,100029,100,101538,100,99900,200,102006,100,99532,100,102085,100,,,102097,100,,,102114,100,,,102146,100,,
2019-06-28 10:01:40.000000000,101394,224,101253,155,101446,224,100395,224,101474,224,100097,324,101536,224,100029,224,101538,100,99900,200,102006,100,99532,100,102085,100,,,102097,100,,,102114,100,,,102146,100,,
2019-06-28 10:01:50.000000000,101394,269,101253,200,101446,264,100395,264,101474,264,100097,364,101536,100,100029,100,101538,100,99900,200,102006,100,99532,100,102085,100,,,102097,100,,,102114,100,,,102146,100,,
2019-06-28 10:01:59.902822977,101394,269,101253,200,101446,264,100395,264,101474,264,100097,364,101536,100,100029,100,101538,100,99900,200,102006,100,99532,100,102046,100,,,102085,100,,,102097,100,,,102114,100,,
2019-06-28 10:02:00.000000000,101394,200,101253,131,101446,200,100395,200,101474,200,100097,300,101536,200,100029,200,101538,200,99900,300,102006,100,99532,100,102046,100,,,102085,100,,,102097,100,,,102114,100,,
2019-06-28 10:02:02.464504075,101394,100,101253,131,101446,200,100395,200,101474,200,100097,300,101536,200,100029,200,101538,200,99900,300,102006,100,99532,100,102046,100,,,102085,100,,,102097,100,,,102114,100,,
2019-06-28 10:02:10.000000000,101446,598,101253,529,101474,100,100395,100,101536,100,100097,200,101538,100,100029,100,102006,100,99900,200,102046,100,99532,100,102085,100,,,102097,100,,,102114,100,,,102146,100,,
2019-06-28 10:02:20.000000000,101446,224,101253,155,101474,224,100395,224,101536,224,100097,324,101538,224,100029,224,102006,100,99900,200,102046,100,99532,100,102085,100,,,102097,100,,,102114,100,,,102146,100,,
2019-06-28 10:02:29.414699279,101446,224,101253,155,101474,224,100395,224,101536,224,100097,324,101538,224,100029,224,101868,100,99900,200,102006,100,99532,100,102046,100,,,102085,100,,,102097,100,,,102114,100,,
2019-06-28 10:02:30.000000000,101446,269,101253,200,101474,264,100395,264,101536,264,100097,364,101538,100,100029,100,101868,100,99900,200,102006,100,99532,100,102046,100,,,102085,100,,,102097,100,,,102114,100,,
2019-06-28 10:02:32.209886538,101446,269,101253,200,101474,264,100395,264,101536,264,100097,364,101538,100,100029,100,101654,100,99900,200,101868,100,99532,100,102006,100,,,102046,100,,,102085,100,,,102097,100,,
2019-06-28 10:02:32.333293014,101446,269,101369,100,101474,264,101253,200,101536,264,100395,264,101538,100,100097,364,101654,100,100029,100,101868,100,99900,200,102006,100,99532,100,102046,100,,,102085,100,,,102097,100,,
2019-06-28 10:02:34.141039464,101446,269,101369,200,101474,264,101253,200,101536,264,100395,264,101538,100,100097,364,101654,100,100029,100,101868,100,99900,200,102006,100,99532,100,102046,100,,,102085,100,,,102097,100,,
2019-06-28 10:02:40.000000000,101446,269,101369,369,101474,264,101253,195,101536,264,100395,264,101538,100,100097,200,101654,100,100029,100,101868,100,99900,200,102006,100,99532,100,102046,100,,,102085,100,,,102097,100,,
2019-06-28 10:02:45.664540517,101446,169,101369,369,101474,264,101253,195,101536,264,100395,264,101538,100,100097,200,101654,100,100029,100,101868,100,99900,200,102006,100,99532,100,102046,100,,,102085,100,,,102097,100,,
2019-06-28 10:02:47.994963048,101446,169,101394,100,101474,264,101369,369,101536,264,101253,195,101538,100,100395,264,101654,100,100097,200,101868,100,99900,200,102006,100,99532,100,102046,100,,,102085,100,,,102097,100,,
2019-06-28 10:02:50.000000000,101474,269,101394,269,101536,264,101369,364,101538,264,101253,195,101654,100,100395,100,101868,100,100097,200,102006,100,99900,200,102046,100,99532,100,102085,100,,,102097,100,,,102114,100,,
2019-06-28 10:03:00.000000000,101474,269,101394,269,101536,264,101369,364,101538,264,101253,195,101654,100,100395,100,101868,100,100097,200,102006,100,99900,200,102046,100,99532,100,102085,100,,,102097,100,,,102114,100,,
2019-06-28 10:03:10.000000000,101474,224,101394,224,101536,224,101369,324,101538,224,101253,155,101654,224,100395,224,101868,100,100097,200,102006,100,99900,200,102046,100,99532,100,102085,100,,,102097,100,,,102114,100,,
2019-06-28 10:03:20.000000000,101474,349,101394,349,101536,349,101369,449,101538,100,101253,31,101654,100,100395,100,101868,100,100097,200,102006,100,99900,200,102046,100,99532,100,102085,100,,,102097,100,,,102114,100,,
2019-06-28 10:03:30.000000000,101474,349,101394,349,101536,349,101369,449,101538,100,101253,31,101654,100,100395,100,101868,100,100097,200,102006,100,99900,200,102046,100,99532,100,102085,100,,,102097,100,,,102114,100,,
2019-06-28 10:03:40.000000000,101474,224,101394,224,101536,224,101369,324,101538,224,101253,155,101654,224,100395,224,101868,100,100097,200,102006,100,99900,200,102046,100,99532,100,102085,100,,,102097,100,,,102114,100,,
2019-06-28 10:03:50.000000000,101474,200,101394,200,101536,200,101369,300,101538,200,101253,131,101654,200,100395,200,101868,200,100097,300,102006,100,99900,200,102046,100,99532,100,102085,100,,,102097,100,,,102114,100,,
2019-06-28 10:04:00.000000000,101474,269,101394,269,101536,264,101369,364,101538,264,101253,195,101654,100,100395,100,101868,100,100097,200,102006,100,99900,200,102046,100,99532,100,102085,100,,,102097,100,,,102114,100,,
2019-06-28 10:04:06.087171161,101474,269,101394,269,101536,264,101369,364,101538,264,101253,195,101654,100,101250,100,101868,100,100395,100,102006,100,100097,200,102046,100,99900,200,102085,100,99532,100,102097,100,,,102114,100,,
2019-06-28 10:04:10.000000000,101474,598,101394,598,101536,100,101369,200,101538,100,101253,31,101654,100,101250,100,101868,100,100395,100,102006,100,100097,200,102046,100,99900,200,102085,100,99532,100,102097,100,,,102114,100,,
2019-06-28 10:04:20.000000000,101474,200,101394,200,101536,200,101369,300,101538,200,101253,131,101654,200,101250,200,101868,200,100395,200,102006,100,100097,200,102046,100,99900,200,102085,100,99532,100,102097,100,,,102114,100,,
2019-06-28 10:04:23.433359624,101474,200,101394,200,101536,200,101369,300,101538,200,101272,100,101654,200,101253,131,101868,200,101250,200,102006,100,100395,200,102046,100,100097,200,102085,100,99900,200,102097,100,99532,100,102114,100,,
2019-06-28 10:04:30.000000000,101474,598,101394,598,101536,100,101369,200,101538,100,101272,100,101654,100,101253,31,101868,100,101250,100,102006,100,100395,100,102046,100,100097,200,102085,100,99900,200,102097,100,99532,100,102114,100,,
2019-06-28 10:04:40.000000000,101474,598,101394,598,101536,100,101369,200,101538,100,101272,100,101654,100,101253,31,101868,100,101250,100,102006,100,100395,100,102046,100,100097,200,102085,100,99900,200,102097,100,99532,100,102114,100,,
2019-06-28 10:04:41.928210536,101474,598,101394,498,101536,100,101369,200,101538,100,101272,100,101654,100,101253,31,101868,100,101250,100,102006,100,100395,100,102046,100,100097,200,102085,100,99900,200,102097,100,99532,100,102114,100,,
2019-06-28 10:04:44.297246373,101474,598,101394,398,101536,100,101369,200,101538,100,101272,100,101654,100,101253,31,101868,100,101250,100,102006,100,100395,100,102046,100,100097,200,102085,100,99900,200,102097,100,99532,100,102114,100,,
2019-06-28 10:04:50.000000000,101474,269,101369,369,101536,264,101272,264,101538,264,101253,195,101654,100,101250,100,101868,100,100395,100,102006,100,100097,200,102046,100,99900,200,102085,100,99532,100,102097,100,,,102114,100,,
2019-06-28 10:05:00.000000000,101474,200,101369,300,101536,200,101272,200,101538,200,101253,131,101654,200,101250,200,101868,200,100395,200,102006,100,100097,200,102046,100,99900,200,102085,100,99532,100,102097,100,,,102114,100,,
2019-06-28 10:05:02.679136618,101445,100,101369,300,101474,200,101272,200,101536,200,101253,131,101538,200,101250,200,101654,200,100395,200,101868,200,100097,200,102006,100,99900,200,102046,100,99532,100,102085,100,,,102097,100,,
2019-06-28 10:05:10.000000000,101445,349,101369,449,101474,349,101272,349,101536,100,101253,31,101538,100,101250,100,101654,100,100395,100,101868,100,100097,200,102006,100,99900,200,102046,100,99532,100,102085,100,,,102097,100,,
2019-06-28 10:05:20.000000000,101445,200,101369,300,101474,200,101272,200,101536,200,101253,131,101538,200,101250,200,101654,200,100395,200,101868,100,100097,200,102006,100,99900,200,102046,100,99532,100,102085,100,,,102097,100,,
2019-06-28 10:05:23.790829211,101445,200,101369,200,101474,200,101272,200,101536,200,101253,131,101538,200,101250,200,101654,200,100395,200,101868,100,100097,200,102006,100,99900,200,102046,100,99532,100,102085,100,,,102097,100,,
2019-06-28 10:05:30.000000000,101445,200,101369,200,101474,200,101272,200,101536,200,101253,131,101538,200,101250,200,101654,200,100395,200,101868,100,100097,200,102006,100,99900,200,102046,100,99532,100,102085,100,,,102097,100,,
2019-06-28 10:05:40.000000000,101445,269,101369,269,101474,264,101272,264,101536,264,101253,195,101538,100,101250,100,101654,100,100395,100,101868,100,100097,200,102006,100,99900,200,102046,100,99532,100,102085,100,,,102097,100,,
2019-06-28 10:05:50.000000000,101445,224,101369,224,101474,224,101272,224,101536,224,101253,155,101538,224,101250,224,101654,100,100395,100,101868,100,100097,200,102006,100,99900,200,102046,100,99532,100,102085,100,,,102097,100,,
2019-06-28 10:05:54.410196148,101445,224,101369,124,101474,124,101272,224,101536,224,101253,155,101538,224,101250,224,101654,100,100395,100,101868,100,100097,200,102006,100,99900,200,102046,100,99532,100,102085,100,,,102097,100,,
2019-06-28 10:05:55.034779487,101445,224,101369,24,101474,124,101272,124,101536,224,101253,155,101538,224,101250,224,101654,100,100395,100,101868,100,100097,200,102006,100,99900,200,102046,100,99532,100,102085,100,,,102097,100,,
2019-06-28 10:06:00.000000000,101445,598,101253,529,101536,100,101250,100,101538,100,100395,100,101654,100,100097,200,101868,100,99900,200,102006,100,99532,100,102046,100,,,102085,100,,,102097,100,,,102114,100,,
2019-06-28 10:06:02.619240828,101445,598,101253,429,101536,100,101250,100,101538,100,100395,100,101654,100,100097,200,101868,100,99900,200,102006,100,99532,100,102046,100,,,102085,100,,,102097,100,,,102114,100,,
2019-06-28 10:06:10.000000000,101445,349,101250,349,101536,349,100395,349,101538,100,100097,200,101654,100,99900,200,101868,100,99532,100,102006,100,,,102046,100,,,102085,100,,,102097,100,,,102114,100,,
2019-06-28 10:06:11.907517492,101445,349,101250,349,101536,349,100395,349,101538,100,100097,200,101654,100,99996,100,101868,100,99900,200,102006,100,99532,100,102046,100,,,102085,100,,,102097,100,,,102114,100,,
2019-06-28 10:06:16.599600197,101369,100,101250,349,101445,349,100395,349,101536,349,100097,200,101538,100,99996,100,101654,100,99900,200,101868,100,99532,100,102006,100,,,102046,100,,,102085,100,,,102097,100,,
2019-06-28 10:06:20.000000000,101369,200,101250,200,101445,200,100395,200,101536,200,100097,300,101538,200,99996,200,101654,200,99900,300,101868,100,99532,100,102006,100,,,102046,100,,,102085,100,,,102097,100,,
2019-06-28 10:06:21.186348103,101369,200,101250,200,101445,200,100395,200,101536,200,100097,300,101538,200,99996,200,101654,200,99900,300,101868,100,99747,100,102006,100,99532,100,102046,100,,,102085,100,,,102097,100,,
2019-06-28 10:06:29.333590610,101369,200,101250,100,101445,200,100395,200,101536,200,100097,300,101538,200,99996,200,101654,200,99900,300,101868,100,99747,100,102006,100,99532,100,102046,100,,,102085,100,,,102097,100,,
2019-06-28 10:06:30.000000000,101369,269,100395,269,101445,264,100097,364,101536,264,99996,264,101538,100,99900,200,101654,100,99747,100,101868,100,99532,100,102006,100,,,102046,100,,,102085,100,,,102097,100,,
2019-06-28 10:06:40.000000000,101369,269,100395,269,101445,264,100097,364,101536,264,99996,264,101538,100,99900,200,101654,100,99747,100,101868,100,99532,100,102006,100,,,102046,100,,,102085,100,,,102097,100,,
2019-06-28 10:06:49.041520434,101369,269,100395,169,101445,264,100097,364,101536,264,99996,264,101538,100,99900,200,101654,100,99747,100,101868,100,99532,100,102006,100,,,102046,100,,,102085,100,,,102097,100,,
2019-06-28 10:06:50.000000000,101369,598,100097,698,101445,100,99996,100,101536,100,99900,200,101538,100,99747,100,101654,100,99532,100,101868,100,,,102006,100,,,102046,100,,,102085,100,,,102097,100,,
2019-06-28 10:07:00.000000000,101369,349,100097,449,101445,349,99996,349,101536,100,99900,200,101538,100,99747,100,101654,100,99532,100,101868,100,,,102006,100,,,102046,100,,,102085,100,,,102097,100,,
2019-06-28 10:07:10.000000000,101369,349,100097,449,101445,349,99996,349,101536,100,99900,200,101538,100,99747,100,101654,100,99532,100,101868,100,,,102006,100,,,102046,100,,,102085,100,,,102097,100,,
2019-06-28 10:07:20.000000000,101369,224,100097,324,101445,224,99996,224,101536,224,99900,324,101538,224,99747,224,101654,100,99532,100,101868,100,,,102006,100,,,102046,100,,,102085,100,,,102097,100,,
2019-06-28 10:07:30.000000000,101369,269,100097,369,101445,264,99996,264,101536,264,99900,364,101538,100,99747,100,101654,100,99532,100,101868,100,,,102006,100,,,102046,100,,,102085,100,,,102097,100,,
2019-06-28 10:07:38.038758375,100985,100,100097,369,101369,269,99996,264,101445,264,99900,364,101536,264,99747,100,101538,100,99532,100,101654,100,,,101868,100,,,102006,100,,,102046,100,,,102085,100,,
2019-06-28 10:07:40.000000000,100985,349,100097,449,101369,349,99996,349,101445,100,99900,200,101536,100,99747,100,101538,100,99532,100,101654,100,,,101868,100,,,102006,100,,,102046,100,,,102085,100,,
2019-06-28 10:07:50.000000000,100985,269,100097,369,101369,264,99996,264,101445,264,99900,364,101536,100,99747,100,101538,100,99532,100,101654,100,,,101868,100,,,102006,100,,,102046,100,,,102085,100,,
2019-06-28 10:07:54.991108018,100985,269,100396,100,101369,264,100097,369,101445,264,99996,264,101536,100,99900,364,101538,100,99747,100,101654,100,99532,100,101868,100,,,102006,100,,,102046,100,,,102085,100,,
2019-06-28 10:08:00.000000000,100985,224,100396,224,101369,224,100097,324,101445,224,99996,224,101536,224,99900,324,101538,100,99747,100,101654,100,99532,100,101868,100,,,102006,100,,,102046,100,,,102085,100,,
2019-06-28 10:08:10.000000000,100985,269,100396,269,101369,264,100097,364,101445,264,99996,264,101536,100,99900,200,101538,100,99747,100,101654,100,99532,100,101868,100,,,102006,100,,,102046,100,,,102085,100,,
2019-06-28 10:08:14.905473955,100985,269,100396,269,101250,100,100097,364,101369,264,99996,264,101445,164,99900,200,101536,100,99747,100,101538,100,99532,100,101654,100,,,101868,100,,,102006,100,,,102046,100,,
2019-06-28 10:08:15.923314476,100985,269,100396,269,101116,100,100097,364,101250,100,99996,264,101369,264,99900,200,101445,164,99747,100,101536,100,99532,100,101538,100,,,101654,100,,,101868,100,,,102006,100,,
2019-06-28 10:08:20.000000000,100985,349,100396,349,101116,349,100097,449,101250,100,99996,100,101369,100,99900,200,101536,100,99747,100,101538,100,99532,100,101654,100,,,101868,100,,,102006,100,,,102046,100,,
2019-06-28 10:08:21.028298261,100985,249,100396,349,101116,349,100097,449,101250,100,99996,100,101369,100,99900,200,101536,100,99747,100,101538,100,99532,100,101654,100,,,101868,100,,,102006,100,,,102046,100,,
2019-06-28 10:08:27.627124544,100985,249,100396,349,101116,349,100097,449,101205,100,99996,100,101250,100,99900,200,101369,100,99747,100,101536,100,99532,100,101538,100,,,101654,100,,,101868,100,,,102006,100,,
2019-06-28 10:08:30.000000000,101116,224,100396,224,101205,224,100097,324,101250,224,99996,224,101369,224,99900,324,101536,100,99747,100,101538,100,99532,100,101654,100,,,101868,100,,,102006,100,,,102046,100,,
2019-06-28 10:08:34.109262736,100984,100,100396,224,101116,224,100097,324,101205,224,99996,224,101250,224,99900,324,101369,224,99747,100,101536,100,99532,100,101538,100,,,101654,100,,,101868,100,,,102006,100,,
2019-06-28 10:08:34.736210991,100939,100,100396,224,100984,100,100097,324,101116,224,99996,224,101205,124,99900,324,101250,224,99747,100,101369,224,99532,100,101536,100,,,101538,100,,,101654,100,,,101868,100,,
2019-06-28 10:08:40.000000000,100939,349,100396,349,100984,349,100097,449,101116,100,99996,100,101250,100,99900,200,101369,100,99747,100,101536,100,99532,100,101538,100,,,101654,100,,,101868,100,,,102006,100,,
2019-06-28 10:08:41.671148611,100939,349,100397,100,100984,349,100396,349,101116,100,100097,449,101250,100,99996,100,101369,100,99900,200,101536,100,99747,100,101538,100,99532,100,101654,100,,,101868,100,,,102006,100,,
2019-06-28 10:08:50.000000000,100939,349,100397,349,100984,349,100396,349,101116,100,100097,200,101250,100,99996,100,101369,100,99900,200,101536,100,99747,100,101538,100,99532,100,101654,100,,,101868,100,,,102006,100,,
2019-06-28 10:08:53.530635504,100939,349,100397,349,100984,349,100396,349,101116,100,100097,200,101250,100,99996,100,101369,100,99900,200,101536,100,99747,100,101538,100,99532,100,101654,100,,,101868,100,,,102006,100,,
