,ask_price_1,ask_size_1,bid_price_1,bid_size_1,ask_price_2,ask_size_2,bid_price_2,bid_size_2,ask_price_3,ask_size_3,bid_price_3,bid_size_3,ask_price_4,ask_size_4,bid_price_4,bid_size_4,ask_price_5,ask_size_5,bid_price_5,bid_size_5,ask_price_6,ask_size_6,bid_price_6,bid_size_6,ask_price_7,ask_size_7,bid_price_7,bid_size_7,ask_price_8,ask_size_8,bid_price_8,bid_size_8,ask_price_9,ask_size_9,bid_price_9,bid_size_9,ask_price_10,ask_size_10,bid_price_10,bid_size_10
2019-06-28 09:30:00.000000003,,,,,,,,,,,,,,,,,,,,,,,,,,,,,,,,,,,,,,,,
2019-06-28 09:30:00.000000006,,,99950,100,,,99917,100,,,,,,,,,,,,,,,,,,,,,,,,,,,,,,,,
2019-06-28 09:30:00.000000007,,,99950,100,,,99917,100,,,99828,100,,,,,,,,,,,,,,,,,,,,,,,,,,,,
2019-06-28 09:30:00.000000009,100083,100,99950,100,,,99917,100,,,99828,100,,,,,,,,,,,,,,,,,,,,,,,,,,,,
2019-06-28 09:30:00.000000012,99963,100,99956,100,100083,100,99950,100,,,99917,100,,,99828,100,,,,,,,,,,,,,,,,,,,,,,,,
2019-06-28 09:30:00.000000014,100083,100,99956,100,,,99950,100,,,99917,100,,,99828,100,,,,,,,,,,,,,,,,,,,,,,,,
2019-06-28 09:30:00.000000019,100013,100,99963,100,100083,100,99956,100,,,99950,100,,,99917,100,,,99828,100,,,,,,,,,,,,,,,,,,,,
2019-06-28 09:30:00.000000020,100013,100,99963,100,100060,100,99956,100,100083,100,99950,100,,,99917,100,,,99828,100,,,,,,,,,,,,,,,,,,,,
2019-06-28 09:30:00.000000021,99992,100,99963,100,100013,100,99956,100,100060,100,99950,100,100083,100,99917,100,,,99828,100,,,,,,,,,,,,,,,,,,,,
2019-06-28 09:30:00.000000023,99992,100,99963,100,100013,100,99956,100,100060,100,99950,100,100083,100,99917,100,100128,100,99828,100,,,,,,,,,,,,,,,,,,,,
2019-06-28 09:30:00.000000024,99992,100,99963,100,100013,100,99956,100,100033,100,99950,100,100060,100,99942,100,100083,100,99917,100,100128,100,99828,100,,,,,,,,,,,,,,,,
2019-06-28 09:30:00.000000027,99992,100,99963,100,100013,100,99956,100,100033,100,99950,100,100060,100,99942,100,100073,100,99917,100,100083,100,99828,100,100128,100,,,,,,,,,,,,,,
2019-06-28 09:30:00.000000030,99992,100,99963,100,100013,100,99956,100,100033,100,99950,100,100060,100,99942,100,100073,100,99917,100,100083,100,99828,100,100128,100,,,100132,100,,,,,,,,,,
2019-06-28 09:30:00.000000034,99992,100,99963,100,100013,100,99956,100,100016,100,99950,100,100033,100,99942,100,100050,100,99917,100,100060,100,99904,100,100073,100,99828,100,100083,100,,,100128,100,,,100132,100,,
2019-06-28 09:30:00.000000035,99992,100,99963,100,100013,100,99956,100,100016,100,99950,100,100033,100,99942,100,100045,100,99917,100,100050,100,99904,100,100060,100,99828,100,100073,100,,,100083,100,,,100128,100,,
2019-06-28 09:30:00.000000036,99992,100,99963,100,100013,100,99956,100,100016,100,99950,100,100033,100,99942,100,100045,100,99941,100,100050,200,99917,100,100060,100,99904,100,100073,100,99828,100,100083,100,,,100128,100,,
2019-06-28 09:30:00.000000039,99992,100,99963,100,100013,100,99956,100,100016,100,99950,100,100033,100,99942,100,100045,100,99941,100,100050,200,99917,100,100060,100,99904,100,100073,100,99859,100,100083,100,99828,100,100128,100,,
2019-06-28 09:30:00.000000040,99992,100,99963,100,100013,100,99956,100,100016,100,99950,100,100033,100,99942,100,100045,100,99941,100,100050,200,99917,100,100060,100,99904,100,100070,100,99859,100,100073,100,99828,100,100083,100,,
2019-06-28 09:30:00.000000041,99992,100,99990,100,100013,100,99963,100,100016,100,99956,100,100033,100,99950,100,100045,100,99942,100,100050,200,99941,100,100060,100,99917,100,100070,100,99904,100,100073,100,99859,100,100083,100,99828,100
2019-06-28 09:30:00.000000042,99992,100,99963,100,100013,100,99956,100,100016,100,99950,100,100033,100,99942,100,100045,100,99941,100,100050,200,99917,100,100060,100,99904,100,100070,100,99859,100,100073,100,99828,100,100083,100,,
2019-06-28 09:30:00.000000043,99992,100,99963,100,100013,100,99956,100,100016,100,99950,100,100033,100,99942,100,100045,100,99941,100,100050,200,99917,100,100060,100,99904,100,100070,100,99859,100,100073,100,99828,100,100083,100,,
2019-06-28 09:30:00.000000045,99992,100,99963,100,99995,100,99956,100,100013,100,99950,100,100016,100,99942,100,100033,100,99941,100,100045,100,99917,100,100050,200,99904,100,100060,100,99859,100,100070,100,99828,100,100073,100,,
2019-06-28 09:30:00.000000047,99992,100,99956,100,99995,100,99950,100,100013,100,99942,100,100016,100,99941,100,100033,100,99917,100,100045,100,99904,100,100050,200,99859,100,100060,100,99828,100,100070,100,99814,100,100073,100,,
2019-06-28 09:30:00.000000049,99992,100,99963,100,99995,100,99956,100,100013,100,99950,100,100016,100,99942,100,100033,100,99941,100,100045,100,99917,100,100050,200,99904,100,100060,100,99859,100,100070,100,99828,100,100073,100,99814,100
2019-06-28 09:30:00.000000050,99992,100,99972,100,99995,100,99963,100,100013,100,99956,100,100016,100,99950,100,100033,100,99942,100,100045,100,99941,100,100050,200,99917,100,100060,100,99904,100,100070,100,99859,100,100073,100,99828,100
2019-06-28 09:30:00.000000053,99995,100,99981,100,100013,100,99972,100,100016,100,99963,100,100033,100,99956,100,100045,100,99950,100,100050,200,99942,100,100060,100,99941,100,100070,100,99917,100,100073,100,99904,100,100083,100,99874,100
2019-06-28 09:30:00.000000054,99995,100,99982,100,100013,100,99981,100,100016,100,99972,100,100033,100,99963,100,100045,100,99956,100,100050,200,99950,100,100060,100,99942,100,100070,100,99941,100,100073,100,99917,100,100083,100,99904,100
2019-06-28 09:30:00.000000055,100013,100,99982,100,100016,100,99981,100,100033,100,99972,100,100045,100,99963,100,100050,200,99956,100,100060,100,99950,100,100070,100,99942,100,100073,100,99941,100,100083,100,99917,100,100128,100,99904,100
2019-06-28 09:30:00.000000056,100013,100,99982,100,100016,100,99981,100,100033,100,99972,100,100045,100,99963,100,100050,200,99956,100,100060,100,99950,100,100070,100,99942,100,100073,100,99941,100,100083,100,99917,100,100128,100,99904,100
2019-06-28 09:30:00.000000063,100013,100,99992,100,100016,100,99982,100,100033,100,99981,100,100045,100,99972,100,100050,200,99963,100,100060,100,99956,100,100070,100,99950,100,100073,100,99942,100,100083,100,99941,100,100088,100,99917,100
2019-06-28 09:30:00.000000065,100013,100,99992,200,100016,100,99982,100,100033,100,99981,100,100045,100,99972,100,100050,200,99963,100,100060,100,99956,200,100070,100,99950,100,100073,100,99946,100,100083,100,99942,100,100088,100,99941,100
2019-06-28 09:30:00.000000068,100013,100,99992,200,100016,100,99982,100,100033,100,99981,100,100045,100,99972,100,100050,200,99963,100,100060,100,99956,200,100070,100,99950,100,100073,100,99946,100,100083,100,99942,100,100088,100,99941,100
2019-06-28 09:30:00.000000069,100016,100,99992,200,100033,100,99982,100,100045,100,99981,100,100050,200,99972,100,100060,100,99963,100,100070,100,99956,200,100073,100,99950,100,100083,100,99946,100,100088,100,99942,100,100128,100,99941,100
2019-06-28 09:30:00.000000071,100016,100,99992,200,100033,100,99982,100,100045,100,99981,100,100050,200,99972,100,100060,100,99963,100,100068,100,99956,200,100070,100,99950,100,100073,100,99946,100,100083,100,99942,100,100088,100,99941,100
2019-06-28 09:30:00.000000073,100013,200,99992,200,100016,100,99982,100,100033,100,99981,100,100045,100,99972,100,100050,200,99963,100,100060,100,99956,200,100068,100,99950,100,100070,100,99946,100,100073,100,99942,100,100083,100,99941,100
2019-06-28 09:30:00.000000076,100013,200,99992,200,100014,100,99982,100,100016,100,99981,100,100033,100,99972,100,100045,100,99963,100,100050,200,99956,200,100060,100,99950,100,100068,100,99946,100,100070,100,99942,100,100073,100,99941,100
2019-06-28 09:30:00.000000077,100013,200,99995,100,100014,100,99992,200,100016,100,99982,100,100033,100,99981,100,100045,100,99972,100,100050,200,99963,100,100060,100,99956,200,100068,100,99950,100,100070,100,99946,100,100073,100,99942,100
2019-06-28 09:30:00.000000085,100013,300,99995,100,100014,100,99992,200,100016,100,99982,100,100033,100,99981,100,100045,100,99972,100,100050,200,99963,100,100060,100,99956,200,100068,100,99950,100,100070,100,99946,100,100073,100,99942,100
2019-06-28 09:30:00.000000094,100013,300,99995,100,100014,100,99992,200,100016,100,99982,100,100033,100,99981,100,100045,100,99972,100,100050,200,99963,100,100060,100,99956,200,100068,100,99950,100,100070,100,99946,100,100073,100,99942,100
2019-06-28 09:30:00.000000095,100013,300,99995,100,100014,100,99992,200,100016,100,99982,100,100033,100,99981,100,100045,100,99972,100,100050,200,99963,100,100060,100,99956,200,100068,100,99950,100,100070,100,99946,100,100073,100,99942,100
2019-06-28 09:30:00.000000096,100013,200,99995,100,100014,100,99992,200,100016,100,99982,100,100033,100,99981,100,100045,100,99972,100,100050,200,99963,100,100060,100,99956,200,100068,100,99950,100,100070,100,99949,100,100073,100,99946,100
2019-06-28 09:30:00.000000099,100013,200,99995,100,100014,100,99992,200,100016,100,99982,100,100033,100,99981,100,100045,100,99972,100,100050,200,99963,100,100060,100,99956,200,100068,100,99950,100,100070,100,99949,100,100073,100,99946,100
2019-06-28 09:30:10.000000000,100013,463,99995,363,100014,100,99992,200,100016,100,99982,100,100033,100,99981,100,100045,100,99972,100,100050,200,99963,100,100060,100,99956,200,100068,100,99950,100,100070,100,99949,100,100073,100,99946,100
2019-06-28 09:30:14.734641354,100013,463,99995,363,100014,100,99992,200,100016,100,99982,100,100033,100,99981,100,100045,100,99972,100,100050,200,99963,100,100060,100,99956,200,100068,100,99950,100,100070,100,99949,100,100073,100,99942,100
2019-06-28 09:30:17.611892685,100013,463,99995,363,100014,100,99992,200,100016,100,99982,100,100033,100,99981,100,100045,100,99972,100,100050,200,99963,100,100060,100,99956,200,100068,100,99950,100,100070,100,99949,100,100073,100,99942,100
2019-06-28 09:30:20.000000000,100013,463,99995,363,100014,100,99992,200,100016,100,99982,100,100033,100,99981,100,100045,100,99972,100,100050,200,99963,100,100060,100,99956,200,100068,100,99950,100,100070,100,99949,100,100073,100,99942,100
2019-06-28 09:30:30.000000000,100013,289,99995,189,100014,187,99992,287,100016,187,99982,187,100033,100,99981,100,100045,100,99972,100,100050,200,99963,100,100060,100,99956,200,100068,100,99950,100,100070,100,99949,100,100073,100,99942,100
2019-06-28 09:30:40.000000000,100013,253,99995,153,100014,153,99992,253,100016,153,99982,153,100033,153,99981,153,100045,153,99972,153,100050,200,99963,100,100060,100,99956,200,100068,100,99950,100,100070,100,99949,100,100073,100,99942,100
2019-06-28 09:30:40.445148189,100013,253,99995,53,100014,153,99992,253,100016,153,99982,153,100033,153,99981,153,100045,153,99972,153,100050,200,99963,100,100060,100,99956,200,100068,100,99950,100,100070,100,99949,100,100073,100,99942,100
2019-06-28 09:30:50.000000000,100013,253,99992,253,100014,153,99982,153,100016,153,99981,153,100033,153,99972,153,100045,153,99963,153,100050,200,99956,200,100060,100,99950,100,100068,100,99949,100,100070,100,99942,100,100073,100,99941,100
2019-06-28 09:31:00.000000000,100013,463,99992,463,100014,100,99982,100,100016,100,99981,100,100033,100,99972,100,100045,100,99963,100,100050,200,99956,200,100060,100,99950,100,100068,100,99949,100,100070,100,99942,100,100073,100,99941,100
2019-06-28 09:31:06.150564600,100013,463,99992,463,100014,100,99982,100,100016,100,99981,100,100033,100,99972,100,100045,100,99963,100,100050,200,99956,200,100060,100,99950,100,100068,100,99949,100,100070,100,99942,100,100073,100,99941,100
2019-06-28 09:31:10.000000000,100013,253,99992,253,100014,153,99982,153,100016,153,99981,153,100033,153,99972,153,100045,153,99963,153,100050,200,99956,200,100060,100,99950,100,100068,100,99949,100,100070,100,99942,100,100073,100,99941,100
2019-06-28 09:31:11.142831401,100013,153,99996,100,100014,153,99992,253,100016,153,99982,153,100033,153,99981,153,100045,153,99972,153,100050,200,99963,153,100060,100,99956,200,100068,100,99950,100,100070,100,99949,100,100073,100,99942,100
2019-06-28 09:31:14.948575584,100013,153,99996,100,100014,153,99992,253,100016,153,99982,153,100033,153,99981,153,100045,153,99972,153,100050,200,99963,153,100068,100,99956,200,100070,100,99950,100,100073,100,99949,100,100083,100,99942,100
2019-06-28 09:31:20.000000000,100013,363,99996,363,100014,100,99992,200,100016,100,99982,100,100033,100,99981,100,100045,100,99972,100,100050,200,99963,100,100068,100,99956,200,100070,100,99950,100,100073,100,99949,100,100083,100,99942,100
2019-06-28 09:31:26.136238459,100013,263,99996,363,100014,100,99992,200,100016,100,99982,100,100033,100,99981,100,100045,100,99972,100,100050,100,99963,100,100068,100,99956,200,100070,100,99950,100,100073,100,99949,100,100083,100,99942,100
2019-06-28 09:31:30.000000000,100014,189,99996,189,100016,187,99992,287,100033,187,99982,187,100045,100,99981,100,100050,100,99972,100,100068,100,99963,100,100070,100,99956,200,100073,100,99950,100,100083,100,99949,100,100088,100,99942,100
2019-06-28 09:31:40.000000000,100014,189,99996,189,100016,187,99992,287,100033,187,99982,187,100045,100,99981,100,100050,100,99972,100,100068,100,99963,100,100070,100,99956,200,100073,100,99950,100,100083,100,99949,100,100088,100,99942,100
2019-06-28 09:31:40.107470834,100014,89,99996,189,100016,187,99992,287,100033,187,99982,187,100045,100,99981,100,100050,100,99972,100,100068,100,99963,100,100070,100,99956,200,100073,100,99950,100,100083,100,99949,100,100088,100,99942,100
2019-06-28 09:31:50.000000000,100016,153,99996,153,100033,153,99992,253,100045,153,99982,153,100050,153,99981,153,100068,153,99972,153,100070,100,99963,100,100073,100,99956,200,100083,100,99950,100,100088,100,99949,100,100128,100,99942,100
2019-06-28 09:32:00.000000000,100016,363,99996,363,100033,100,99992,200,100045,100,99982,100,100050,100,99981,100,100068,100,99972,100,100070,100,99963,100,100073,100,99956,200,100083,100,99950,100,100088,100,99949,100,100128,100,99942,100
2019-06-28 09:32:10.000000000,100016,232,99996,232,100033,232,99992,332,100045,100,99982,100,100050,100,99981,100,100068,100,99972,100,100070,100,99963,100,100073,100,99956,200,100083,100,99950,100,100088,100,99949,100,100128,100,99942,100
2019-06-28 09:32:11.454769561,100016,232,99996,232,100033,232,99992,332,100045,100,99982,100,100050,100,99981,100,100068,100,99972,100,100070,100,99963,100,100073,100,99956,100,100083,100,99950,100,100088,100,99949,100,100128,100,99942,100
2019-06-28 09:32:12.695812960,100016,132,99996,232,100033,232,99992,332,100045,100,99982,100,100050,100,99981,100,100068,100,99972,100,100070,100,99963,100,100073,100,99956,100,100083,100,99950,100,100088,100,99949,100,100128,100,99942,100
2019-06-28 09:32:20.000000000,100033,153,99996,153,100045,153,99992,253,100050,153,99982,153,100068,153,99981,153,100070,153,99972,153,100073,100,99963,100,100083,100,99956,100,100088,100,99950,100,100128,100,99949,100,100132,100,99942,100
2019-06-28 09:32:25.397877290,100033,53,99996,153,100045,153,99992,253,100050,153,99982,153,100068,153,99981,153,100070,153,99972,153,100073,100,99963,100,100083,100,99956,100,100088,100,99950,100,100128,100,99949,100,100132,100,99941,100
2019-06-28 09:32:30.000000000,100045,189,99996,189,100050,187,99992,287,100068,187,99982,187,100070,100,99981,100,100073,100,99972,100,100083,100,99963,100,100088,100,99956,100,100128,100,99950,100,100132,100,99949,100,100139,100,99941,100
2019-06-28 09:32:39.456856445,100045,189,99996,189,100050,187,99992,287,100068,87,99982,187,100070,100,99981,100,100073,100,99972,100,100083,100,99963,100,100088,100,99956,100,100128,100,99950,100,100132,100,99949,100,100139,100,99941,100
2019-06-28 09:32:40.000000000,100045,363,99996,363,100050,100,99992,200,100070,100,99982,100,100073,100,99981,100,100083,100,99972,100,100088,100,99963,100,100128,100,99956,100,100132,100,99950,100,100139,100,99949,100,100181,100,99941,100
2019-06-28 09:32:44.506658816,100045,263,99996,363,100050,100,99992,200,100070,100,99982,100,100073,100,99981,100,100083,100,99972,100,100088,100,99963,100,100128,100,99956,100,100132,100,99950,100,100139,100,99949,100,100181,100,99941,100
2019-06-28 09:32:49.653305722,100045,163,99996,363,100050,100,99992,200,100070,100,99982,100,100073,100,99981,100,100083,100,99972,100,100088,100,99963,100,100128,100,99956,100,100132,100,99950,100,100139,100,99949,100,100181,100,99941,100
2019-06-28 09:32:50.000000000,100050,153,99996,153,100070,153,99992,253,100073,153,99982,153,100083,153,99981,153,100088,153,99972,153,100128,100,99963,100,100132,100,99956,100,100139,100,99950,100,100181,100,99949,100,100201,100,99941,100
2019-06-28 09:32:55.982909337,100050,153,99996,153,100070,153,99992,253,100073,153,99982,153,100083,153,99981,153,100088,153,99972,153,100128,100,99963,100,100132,100,99956,100,100139,100,99950,100,100181,100,99949,100,100201,100,99941,100
2019-06-28 09:33:00.000000000,100050,363,99996,363,100070,100,99992,200,100073,100,99982,100,100083,100,99981,100,100088,100,99972,100,100128,100,99963,100,100132,100,99956,100,100139,100,99950,100,100181,100,99949,100,100201,100,99941,100
2019-06-28 09:33:04.374157971,100050,263,99996,363,100070,100,99992,200,100073,100,99982,100,100083,100,99981,100,100088,100,99972,100,100128,100,99963,100,100132,100,99956,100,100139,100,99950,100,100181,100,99949,100,100201,100,99941,100
2019-06-28 09:33:07.363567861,100050,263,99996,363,100070,100,99992,200,100073,100,99982,100,100083,100,99981,100,100088,100,99972,100,100128,100,99963,100,100132,100,99956,100,100181,100,99950,100,100201,100,99949,100,100360,100,99941,100
2019-06-28 09:33:07.435651755,100049,100,99996,363,100050,263,99992,200,100070,100,99982,100,100073,100,99981,100,100083,100,99972,100,100088,100,99963,100,100128,100,99956,100,100132,100,99950,100,100181,100,99949,100,100201,100,99941,100
2019-06-28 09:33:10.000000000,100049,189,99996,189,100070,187,99992,287,100073,187,99982,187,100083,100,99981,100,100088,100,99972,100,100128,100,99963,100,100132,100,99956,100,100181,100,99950,100,100201,100,99949,100,100360,100,99941,100
2019-06-28 09:33:20.000000000,100049,153,99996,153,100070,153,99992,253,100073,153,99982,153,100083,153,99981,153,100088,153,99972,153,100128,100,99963,100,100132,100,99956,100,100181,100,99950,100,100201,100,99949,100,100360,100,99941,100
2019-06-28 09:33:30.000000000,100049,189,99996,189,100070,187,99992,287,100073,187,99982,187,100083,100,99981,100,100088,100,99972,100,100128,100,99963,100,100132,100,99956,100,100181,100,99950,100,100201,100,99949,100,100360,100,99941,100
2019-06-28 09:33:40.000000000,100049,153,99996,153,100070,153,99992,253,100073,153,99982,153,100083,153,99981,153,100088,153,99972,153,100128,100,99963,100,100132,100,99956,100,100181,100,99950,100,100201,100,99949,100,100360,100,99941,100
2019-06-28 09:33:50.000000000,100049,153,99996,153,100070,153,99992,253,100073,153,99982,153,100083,153,99981,153,100088,153,99972,153,100128,100,99963,100,100132,100,99956,100,100181,100,99950,100,100201,100,99949,100,100360,100,99941,100
2019-06-28 09:34:00.000000000,100049,363,99996,363,100070,100,99992,200,100073,100,99982,100,100083,100,99981,100,100088,100,99972,100,100128,100,99963,100,100132,100,99956,100,100181,100,99950,100,100201,100,99949,100,100360,100,99941,100
2019-06-28 09:34:04.243054317,100049,363,99996,363,100070,100,99992,200,100073,100,99982,100,100083,100,99981,100,100088,100,99972,100,100128,100,99963,100,100132,100,99956,100,100181,100,99950,100,100201,100,99949,100,100360,100,99941,100
2019-06-28 09:34:10.000000000,100049,363,99996,363,100070,100,99992,200,100073,100,99982,100,100083,100,99981,100,100088,100,99972,100,100128,100,99963,100,100132,100,99956,100,100181,100,99950,100,100201,100,99949,100,100360,100,99941,100
2019-06-28 09:34:14.689175659,100049,363,99996,363,100070,100,99992,100,100073,100,99982,100,100083,100,99981,100,100088,100,99972,100,100128,100,99963,100,100132,100,99956,100,100181,100,99950,100,100201,100,99949,100,100360,100,99941,100
2019-06-28 09:34:16.190056422,100049,363,100045,100,100070,100,99996,363,100073,100,99992,100,100083,100,99982,100,100088,100,99981,100,100128,100,99972,100,100132,100,99963,100,100181,100,99956,100,100201,100,99950,100,100360,100,99949,100
2019-06-28 09:34:20.000000000,100049,166,100045,166,100070,166,99996,166,100073,166,99992,166,100083,166,99982,166,100088,100,99981,100,100128,100,99972,100,100132,100,99963,100,100181,100,99956,100,100201,100,99950,100,100360,100,99949,100
2019-06-28 09:34:21.830025776,100049,166,100045,166,100070,166,99996,166,100073,166,99992,166,100083,166,99982,166,100088,100,99981,100,100128,100,99972,100,100132,100,99963,100,100181,100,99956,100,100201,100,99950,100,100360,100,99949,100
2019-06-28 09:34:30.000000000,100049,232,100045,232,100070,232,99996,232,100073,100,99992,100,100083,100,99982,100,100088,100,99981,100,100128,100,99972,100,100132,100,99963,100,100181,100,99956,100,100201,100,99950,100,100360,100,99949,100
2019-06-28 09:34:40.000000000,100049,363,100045,363,100070,100,99996,100,100073,100,99992,100,100083,100,99982,100,100088,100,99981,100,100128,100,99972,100,100132,100,99963,100,100181,100,99956,100,100201,100,99950,100,100360,100,99949,100
2019-06-28 09:34:50.000000000,100049,189,100045,189,100070,187,99996,187,100073,187,99992,187,100083,100,99982,100,100088,100,99981,100,100128,100,99972,100,100132,100,99963,100,100181,100,99956,100,100201,100,99950,100,100360,100,99949,100
2019-06-28 09:34:50.124297065,100049,189,100045,289,100070,187,99996,187,100073,187,99992,187,100083,100,99982,100,100088,100,99981,100,100128,100,99972,100,100132,100,99963,100,100181,100,99956,100,100201,100,99950,100,100360,100,99949,100
2019-06-28 09:35:00.000000000,100049,166,100045,266,100070,166,99996,166,100073,166,99992,166,100083,166,99982,166,100088,100,99981,100,100128,100,99972,100,100132,100,99963,100,100181,100,99956,100,100201,100,99950,100,100360,100,99949,100
2019-06-28 09:35:05.829757870,100049,166,100045,266,100070,166,99996,166,100073,166,99992,166,100083,166,99982,166,100088,100,99981,100,100128,100,99972,100,100132,100,99963,100,100181,100,99956,100,100201,100,99950,100,100360,100,99949,100
2019-06-28 09:35:06.919368702,100049,66,100045,266,100070,166,99996,166,100073,166,99992,166,100083,166,99982,166,100088,100,99981,100,100128,100,99972,100,100132,100,99963,100,100181,100,99956,100,100201,100,99950,100,100360,100,99949,100
2019-06-28 09:35:10.000000000,100070,166,100045,266,100073,166,99996,166,100083,166,99992,166,100088,166,99982,166,100128,100,99981,100,100132,100,99972,100,100181,100,99963,100,100201,100,99956,100,100360,100,99950,100,100406,100,99949,100
2019-06-28 09:35:17.190308496,100070,66,100045,266,100073,166,99996,166,100083,166,99992,166,100088,166,99982,166,100128,100,99981,100,100132,100,99972,100,100181,100,99963,100,100201,100,99956,100,100360,100,99950,100,100406,100,99949,100
2019-06-28 09:35:20.000000000,100073,189,100045,289,100083,187,99996,187,100088,187,99992,187,100128,100,99982,100,100132,100,99981,100,100181,100,99972,100,100201,100,99963,100,100360,100,99956,100,100406,100,99950,100,100411,100,99949,100
2019-06-28 09:35:30.000000000,100073,189,100045,289,100083,187,99996,187,100088,187,99992,187,100128,100,99982,100,100132,100,99981,100,100181,100,99972,100,100201,100,99963,100,100360,100,99956,100,100406,100,99950,100,100411,100,99949,100
2019-06-28 09:35:40.000000000,100073,363,100045,463,100083,100,99996,100,100088,100,99992,100,100128,100,99982,100,100132,100,99981,100,100181,100,99972,100,100201,100,99963,100,100360,100,99956,100,100406,100,99950,100,100411,100,99949,100
2019-06-28 09:35:44.730892643,100073,263,100045,463,100083,100,99996,100,100088,100,99992,100,100128,100,99982,100,100132,100,99981,100,100181,100,99972,100,100201,100,99963,100,100360,100,99956,100,100411,100,99950,100,100471,100,99949,100
2019-06-28 09:35:50.000000000,100083,363,100045,463,100088,100,99996,100,100128,100,99992,100,100132,100,99982,100,100181,100,99981,100,100201,100,99972,100,100360,100,99963,100,100411,100,99956,100,100471,100,99950,100,100477,100,99949,100
2019-06-28 09:36:00.000000000,100083,232,100045,332,100088,232,99996,232,100128,100,99992,100,100132,100,99982,100,100181,100,99981,100,100201,100,99972,100,100360,100,99963,100,100411,100,99956,100,100471,100,99950,100,100477,100,99949,100
2019-06-28 09:36:03.622174191,100083,232,100045,232,100088,232,99996,232,100128,100,99992,100,100132,100,99982,100,100181,100,99981,100,100201,100,99972,100,100360,100,99963,100,100411,100,99956,100,100471,100,99950,100,100477,100,99949,100
2019-06-28 09:36:04.284698997,100072,100,100045,132,100083,232,99996,232,100088,232,99992,100,100128,100,99982,100,100132,100,99981,100,100181,100,99972,100,100201,100,99963,100,100360,100,99956,100,100411,100,99950,100,100471,100,99949,100
2019-06-28 09:36:10.000000000,100072,153,99996,153,100083,153,99992,153,100088,153,99982,153,100128,153,99981,153,100132,153,99972,153,100181,100,99963,100,100201,100,99956,100,100360,100,99950,100,100411,100,99949,100,100471,100,99941,100
2019-06-28 09:36:20.000000000,100072,189,99996,189,100083,187,99992,187,100088,187,99982,187,100128,100,99981,100,100132,100,99972,100,100181,100,99963,100,100201,100,99956,100,100360,100,99950,100,100411,100,99949,100,100471,100,99941,100
2019-06-28 09:36:20.074048209,100072,289,99996,189,100083,187,99992,187,100088,187,99982,187,100128,100,99981,100,100132,100,99972,100,100181,100,99963,100,100201,100,99956,100,100360,100,99950,100,100411,100,99949,100,100471,100,99941,100
2019-06-28 09:36:30.000000000,100072,253,99996,153,100083,153,99992,153,100088,153,99982,153,100128,153,99981,153,100132,153,99972,153,100181,100,99963,100,100201,100,99956,100,100360,100,99950,100,100411,100,99949,100,100471,100,99941,100
2019-06-28 09:36:40.000000000,100072,253,99996,153,100083,153,99992,153,100088,153,99982,153,100128,153,99981,153,100132,153,99972,153,100181,100,99963,100,100201,100,99956,100,100360,100,99950,100,100411,100,99949,100,100471,100,99941,100
2019-06-28 09:36:47.138621167,100072,153,99996,153,100083,153,99992,153,100088,153,99982,153,100128,153,99981,153,100132,153,99972,53,100181,100,99963,100,100201,100,99956,100,100360,100,99950,100,100411,100,99949,100,100471,100,99941,100
2019-06-28 09:36:50.000000000,100072,166,99996,166,100083,166,99992,166,100088,166,99982,166,100128,166,99981,166,100132,100,99963,100,100181,100,99956,100,100201,100,99950,100,100360,100,99949,100,100411,100,99941,100,100471,100,99926,100
2019-06-28 09:37:00.000000000,100072,153,99996,153,100083,153,99992,153,100088,153,99982,153,100128,153,99981,153,100132,153,99963,153,100181,100,99956,100,100201,100,99950,100,100360,100,99949,100,100411,100,99941,100,100471,100,99926,100
2019-06-28 09:37:10.000000000,100072,189,99996,189,100083,187,99992,187,100088,187,99982,187,100128,100,99981,100,100132,100,99963,100,100181,100,99956,100,100201,100,99950,100,100360,100,99949,100,100411,100,99941,100,100471,100,99926,100
2019-06-28 09:37:20.000000000,100072,166,99996,166,100083,166,99992,166,100088,166,99982,166,100128,166,99981,166,100132,100,99963,100,100181,100,99956,100,100201,100,99950,100,100360,100,99949,100,100411,100,99941,100,100471,100,99926,100
2019-06-28 09:37:30.000000000,100072,232,99996,232,100083,232,99992,232,100088,100,99982,100,100128,100,99981,100,100132,100,99963,100,100181,100,99956,100,100201,100,99950,100,100360,100,99949,100,100411,100,99941,100,100471,100,99926,100
2019-06-28 09:37:40.000000000,100072,363,99996,363,100083,100,99992,100,100088,100,99982,100,100128,100,99981,100,100132,100,99963,100,100181,100,99956,100,100201,100,99950,100,100360,100,99949,100,100411,100,99941,100,100471,100,99926,100
2019-06-28 09:37:50.000000000,100072,166,99996,166,100083,166,99992,166,100088,166,99982,166,100128,166,99981,166,100132,100,99963,100,100181,100,99956,100,100201,100,99950,100,100360,100,99949,100,100411,100,99941,100,100471,100,99926,100
2019-06-28 09:37:55.345659423,100034,100,99996,166,100072,166,99992,166,100083,166,99982,166,100088,166,99981,166,100128,166,99963,100,100132,100,99956,100,100181,100,99950,100,100201,100,99949,100,100360,100,99941,100,100411,100,99926,100
2019-06-28 09:38:00.000000000,100034,189,99996,189,100072,187,99992,187,100083,187,99982,187,100088,100,99981,100,100128,100,99963,100,100132,100,99956,100,100181,100,99950,100,100201,100,99949,100,100360,100,99941,100,100411,100,99926,100
2019-06-28 09:38:10.000000000,100034,153,99996,153,100072,153,99992,153,100083,153,99982,153,100088,153,99981,153,100128,153,99963,153,100132,100,99956,100,100181,100,99950,100,100201,100,99949,100,100360,100,99941,100,100411,100,99926,100
2019-06-28 09:38:16.512363233,100034,153,99996,153,100072,153,99992,153,100083,153,99982,153,100088,153,99981,153,100128,153,99963,153,100132,100,99956,100,100181,100,99950,100,100201,100,99949,100,100360,100,99941,100,100411,100,99940,100
2019-06-28 09:38:19.406253421,100034,153,100020,100,100072,153,99996,153,100083,153,99992,153,100088,153,99982,153,100128,153,99981,153,100132,100,99963,153,100181,100,99956,100,100201,100,99950,100,100360,100,99949,100,100411,100,99941,100
2019-06-28 09:38:20.000000000,100034,232,100020,232,100072,232,99996,232,100083,100,99992,100,100088,100,99982,100,100128,100,99981,100,100132,100,99963,100,100181,100,99956,100,100201,100,99950,100,100360,100,99949,100,100411,100,99941,100
2019-06-28 09:38:30.000000000,100034,166,100020,166,100072,166,99996,166,100083,166,99992,166,100088,166,99982,166,100128,100,99981,100,100132,100,99963,100,100181,100,99956,100,100201,100,99950,100,100360,100,99949,100,100411,100,99941,100
2019-06-28 09:38:40.000000000,100034,153,100020,153,100072,153,99996,153,100083,153,99992,153,100088,153,99982,153,100128,153,99981,153,100132,100,99963,100,100181,100,99956,100,100201,100,99950,100,100360,100,99949,100,100411,100,99941,100
2019-06-28 09:38:43.192997716,100034,53,100020,153,100072,153,99996,153,100083,153,99992,153,100088,153,99982,153,100128,153,99981,53,100132,100,99963,100,100181,100,99956,100,100201,100,99950,100,100360,100,99949,100,100411,100,99941,100
2019-06-28 09:38:50.000000000,100072,363,100020,363,100083,100,99996,100,100088,100,99992,100,100128,100,99982,100,100132,100,99963,100,100181,100,99956,100,100201,100,99950,100,100360,100,99949,100,100411,100,99941,100,100471,100,99940,100
2019-06-28 09:38:59.874615482,100072,363,100020,363,100083,100,99996,100,100088,100,99992,100,100128,100,99982,100,100132,100,99963,100,100181,100,99956,100,100201,100,99950,100,100360,100,99949,100,100411,100,99941,100,100448,100,99940,100
2019-06-28 09:39:00.000000000,100072,232,100020,232,100083,232,99996,232,100088,100,99992,100,100128,100,99982,100,100132,100,99963,100,100181,100,99956,100,100201,100,99950,100,100360,100,99949,100,100411,100,99941,100,100448,100,99940,100
2019-06-28 09:39:00.962122014,100072,132,100020,232,100083,232,99996,232,100088,100,99992,100,100128,100,99982,100,100132,100,99963,100,100181,100,99956,100,100201,100,99950,100,100360,100,99949,100,100411,100,99941,100,100448,100,99940,100
2019-06-28 09:39:07.671237907,100072,32,100020,232,100083,232,99996,232,100088,100,99992,100,100128,100,99982,100,100132,100,99963,100,100181,100,99956,100,100201,100,99950,100,100360,100,99949,100,100411,100,99941,100,100448,100,99940,100
2019-06-28 09:39:10.000000000,100083,189,100020,189,100088,187,99996,187,100128,187,99992,187,100132,100,99982,100,100181,100,99963,100,100201,100,99956,100,100360,100,99950,100,100411,100,99949,100,100448,100,99941,100,100471,100,99940,100
2019-06-28 09:39:19.290042079,100083,189,100020,189,100088,187,99996,187,100128,187,99992,187,100132,100,99982,100,100181,100,99963,100,100201,100,99956,100,100360,100,99950,100,100411,100,99949,100,100448,100,99941,100,100471,100,99940,100
2019-06-28 09:39:20.000000000,100083,189,100020,189,100088,187,99996,187,100128,187,99992,187,100132,100,99982,100,100181,100,99963,100,100201,100,99956,100,100360,100,99950,100,100411,100,99949,100,100448,100,99941,100,100471,100,99940,100
2019-06-28 09:39:22.776339185,100083,89,100020,189,100088,187,99996,187,100128,187,99992,187,100132,100,99982,100,100181,100,99963,100,100201,100,99956,100,100411,100,99950,100,100448,100,99949,100,100471,100,99941,100,100477,100,99940,100
2019-06-28 09:39:27.936335603,100088,187,100083,11,100128,187,100020,189,100132,100,99996,187,100181,100,99992,187,100201,100,99982,100,100411,100,99963,100,100448,100,99956,100,100471,100,99950,100,100477,100,99949,100,100523,100,99941,100
2019-06-28 09:39:28.712775928,100088,187,100083,111,100128,187,100020,189,100132,100,99996,187,100181,100,99992,187,100201,100,99982,100,100411,100,99963,100,100448,100,99956,100,100471,100,99950,100,100477,100,99949,100,100523,100,99941,100
2019-06-28 09:39:30.000000000,100088,166,100083,177,100128,166,100020,166,100132,166,99996,166,100181,166,99992,166,100201,100,99982,100,100411,100,99963,100,100448,100,99956,100,100471,100,99950,100,100477,100,99949,100,100523,100,99941,100
2019-06-28 09:39:40.000000000,100088,189,100083,200,100128,187,100020,187,100132,187,99996,187,100181,100,99992,100,100201,100,99982,100,100411,100,99963,100,100448,100,99956,100,100471,100,99950,100,100477,100,99949,100,100523,100,99941,100
2019-06-28 09:39:48.283145869,100088,89,100083,200,100128,187,100020,187,100132,187,99996,187,100181,100,99992,100,100201,100,99982,100,100411,100,99963,100,100448,100,99956,100,100471,100,99950,100,100477,100,99949,100,100523,100,99941,100
2019-06-28 09:39:50.000000000,100128,232,100083,243,100132,232,100020,232,100181,100,99996,100,100201,100,99992,100,100411,100,99982,100,100448,100,99963,100,100471,100,99956,100,100477,100,99950,100,100523,100,99949,100,100538,100,99941,100
2019-06-28 09:39:58.587144328,100128,232,100083,243,100132,232,100020,232,100181,100,99996,100,100201,100,99992,100,100411,100,99982,100,100448,100,99963,100,100471,100,99956,100,100477,100,99953,100,100523,100,99949,100,100538,100,99941,100
2019-06-28 09:40:00.000000000,100128,189,100083,200,100132,187,100020,187,100181,187,99996,187,100201,100,99992,100,100411,100,99982,100,100448,100,99963,100,100471,100,99956,100,100477,100,99953,100,100523,100,99949,100,100538,100,99941,100
2019-06-28 09:40:10.000000000,100128,363,100083,374,100132,100,100020,100,100181,100,99996,100,100201,100,99992,100,100411,100,99982,100,100448,100,99963,100,100471,100,99956,100,100477,100,99953,100,100523,100,99949,100,100538,100,99941,100
2019-06-28 09:40:10.414431841,100128,363,100083,374,100132,100,100020,100,100183,100,99996,100,100201,100,99992,100,100411,100,99982,100,100448,100,99963,100,100471,100,99956,100,100477,100,99953,100,100523,100,99949,100,100538,100,99941,100
2019-06-28 09:40:16.029593799,100128,363,100084,100,100132,100,100083,374,100183,100,100020,100,100201,100,99996,100,100411,100,99992,100,100448,100,99982,100,100471,100,99963,100,100477,100,99956,100,100523,100,99953,100,100538,100,99949,100
2019-06-28 09:40:19.058945121,100128,363,100084,100,100132,100,100083,374,100183,100,100020,100,100201,100,99996,100,100326,100,99992,100,100411,100,99982,100,100448,100,99963,100,100471,100,99956,100,100477,100,99953,100,100523,100,99949,100
2019-06-28 09:40:20.000000000,100128,232,100084,232,100132,232,100083,243,100183,100,100020,100,100201,100,99996,100,100326,100,99992,100,100411,100,99982,100,100448,100,99963,100,100471,100,99956,100,100477,100,99953,100,100523,100,99949,100
2019-06-28 09:40:21.448123611,100128,232,100084,232,100132,232,100083,243,100183,100,100020,100,100201,100,99996,100,100217,100,99992,100,100326,100,99982,100,100411,100,99963,100,100448,100,99956,100,100471,100,99953,100,100477,100,99949,100
2019-06-28 09:40:21.978193909,100128,232,100084,332,100132,232,100083,243,100183,100,100020,100,100201,100,99996,100,100217,100,99992,100,100326,100,99982,100,100411,100,99956,100,100448,100,99953,100,100471,100,99949,100,100477,100,99941,100
2019-06-28 09:40:22.288027400,100128,132,100084,232,100132,232,100083,243,100183,100,100020,100,100201,100,99996,100,100217,100,99992,100,100326,100,99982,100,100411,100,99956,100,100448,100,99953,100,100471,100,99949,100,100477,100,99941,100
2019-06-28 09:40:30.000000000,100132,189,100084,189,100183,187,100083,198,100201,187,100020,187,100217,100,99996,100,100326,100,99992,100,100411,100,99982,100,100448,100,99956,100,100471,100,99953,100,100477,100,99949,100,100523,100,99941,100
2019-06-28 09:40:40.000000000,100132,232,100084,232,100183,232,100083,243,100201,100,100020,100,100217,100,99996,100,100326,100,99992,100,100411,100,99982,100,100448,100,99956,100,100471,100,99953,100,100477,100,99949,100,100523,100,99941,100
2019-06-28 09:40:47.847338584,100132,132,100084,232,100183,232,100083,243,100201,100,100020,100,100217,100,99996,100,100326,100,99992,100,100411,100,99982,100,100448,100,99956,100,100471,100,99953,100,100477,100,99949,100,100523,100,99941,100
2019-06-28 09:40:50.000000000,100183,232,100084,232,100201,232,100083,243,100217,100,100020,100,100326,100,99996,100,100411,100,99992,100,100448,100,99982,100,100471,100,99956,100,100477,100,99953,100,100523,100,99949,100,100538,100,99941,100
2019-06-28 09:41:00.000000000,100183,363,100084,363,100201,100,100083,111,100217,100,100020,100,100326,100,99996,100,100411,100,99992,100,100448,100,99982,100,100471,100,99956,100,100477,100,99953,100,100523,100,99949,100,100538,100,99941,100
2019-06-28 09:41:07.998797683,100183,363,100084,363,100201,100,100083,111,100217,100,100020,100,100326,100,99996,100,100411,100,99992,100,100448,100,99982,100,100471,100,99956,100,100477,100,99953,100,100523,100,99949,100,100538,100,99941,100
2019-06-28 09:41:10.000000000,100183,363,100084,363,100201,100,100083,111,100217,100,100020,100,100326,100,99996,100,100411,100,99992,100,100448,100,99982,100,100471,100,99956,100,100477,100,99953,100,100523,100,99949,100,100538,100,99941,100
2019-06-28 09:41:14.183695239,100183,363,100084,363,100201,100,100083,111,100217,100,100020,200,100326,100,99996,100,100411,100,99992,100,100448,100,99982,100,100471,100,99956,100,100477,100,99953,100,100523,100,99949,100,100538,100,99941,100
2019-06-28 09:41:18.935834635,100127,100,100084,363,100183,363,100083,111,100201,100,100020,200,100217,100,99996,100,100326,100,99992,100,100411,100,99982,100,100448,100,99956,100,100471,100,99953,100,100477,100,99949,100,100523,100,99941,100
2019-06-28 09:41:20.000000000,100127,189,100084,189,100183,187,100083,198,100201,187,100020,287,100217,100,99996,100,100326,100,99992,100,100411,100,99982,100,100448,100,99956,100,100471,100,99953,100,100477,100,99949,100,100523,100,99941,100
2019-06-28 09:41:20.208667190,100127,189,100084,189,100183,187,100083,198,100201,187,100020,287,100217,100,99996,100,100326,100,99992,100,100411,100,99982,100,100448,100,99956,100,100471,100,99953,100,100477,100,99949,100,100523,100,99941,100
2019-06-28 09:41:30.000000000,100127,363,100084,363,100183,100,100083,111,100201,100,100020,200,100217,100,99996,100,100326,100,99992,100,100411,100,99982,100,100448,100,99956,100,100471,100,99953,100,100477,100,99949,100,100523,100,99941,100
2019-06-28 09:41:40.000000000,100127,153,100084,153,100183,153,100083,164,100201,153,100020,253,100217,153,99996,153,100326,153,99992,153,100411,100,99982,100,100448,100,99956,100,100471,100,99953,100,100477,100,99949,100,100523,100,99941,100
2019-06-28 09:41:40.572072829,100127,253,100084,153,100183,153,100083,164,100201,153,100020,253,100217,153,99996,153,100326,153,99992,153,100411,100,99982,100,100448,100,99956,100,100471,100,99953,100,100477,100,99949,100,100523,100,99941,100
2019-06-28 09:41:45.755034023,100127,253,100084,153,100183,153,100083,164,100201,153,100067,100,100217,153,100020,253,100326,153,99996,153,100411,100,99992,153,100448,100,99982,100,100471,100,99956,100,100477,100,99953,100,100523,100,99949,100
2019-06-28 09:41:50.000000000,100127,266,100084,166,100183,166,100083,177,100201,166,100067,166,100217,166,100020,266,100326,100,99996,100,100411,100,99992,100,100448,100,99982,100,100471,100,99956,100,100477,100,99953,100,100523,100,99949,100
2019-06-28 09:41:55.122050598,100127,166,100084,166,100183,166,100083,177,100201,166,100067,166,100217,166,100020,266,100326,100,99996,100,100411,100,99992,100,100448,100,99982,100,100471,100,99956,100,100477,100,99953,100,100523,100,99949,100
2019-06-28 09:41:59.471667321,100115,100,100084,166,100127,166,100083,177,100183,166,100067,166,100201,166,100020,266,100217,166,99996,100,100326,100,99992,100,100411,100,99982,100,100471,100,99956,100,100477,100,99953,100,100523,100,99949,100
2019-06-28 09:42:00.000000000,100115,189,100084,189,100127,187,100083,198,100183,187,100067,187,100201,100,100020,200,100217,100,99996,100,100326,100,99992,100,100411,100,99982,100,100471,100,99956,100,100477,100,99953,100,100523,100,99949,100
2019-06-28 09:42:10.000000000,100115,189,100084,189,100127,187,100083,198,100183,187,100067,187,100201,100,100020,200,100217,100,99996,100,100326,100,99992,100,100411,100,99982,100,100471,100,99956,100,100477,100,99953,100,100523,100,99949,100
2019-06-28 09:42:20.000000000,100115,363,100084,363,100127,100,100083,111,100183,100,100067,100,100201,100,100020,200,100217,100,99996,100,100326,100,99992,100,100411,100,99982,100,100471,100,99956,100,100477,100,99953,100,100523,100,99949,100
2019-06-28 09:42:30.000000000,100115,363,100084,363,100127,100,100083,111,100183,100,100067,100,100201,100,100020,200,100217,100,99996,100,100326,100,99992,100,100411,100,99982,100,100471,100,99956,100,100477,100,99953,100,100523,100,99949,100
2019-06-28 09:42:36.716848417,100115,263,100084,363,100127,100,100083,111,100183,100,100067,100,100201,100,100020,200,100217,100,99996,100,100326,100,99992,100,100411,100,99982,100,100471,100,99956,100,100477,100,99953,100,100523,100,99949,100
2019-06-28 09:42:40.000000000,100127,363,100084,363,100183,100,100083,111,100201,100,100067,100,100217,100,100020,200,100326,100,99996,100,100411,100,99992,100,100471,100,99982,100,100477,100,99956,100,100523,100,99953,100,100538,100,99949,100
2019-06-28 09:42:50.000000000,100127,166,100084,166,100183,166,100083,177,100201,166,100067,166,100217,166,100020,266,100326,100,99996,100,100411,100,99992,100,100471,100,99982,100,100477,100,99956,100,100523,100,99953,100,100538,100,99949,100
2019-06-28 09:42:51.480710460,100127,66,100084,166,100183,166,100083,177,100201,166,100067,166,100217,166,100020,266,100326,100,99996,100,100411,100,99992,100,100471,100,99982,100,100477,100,99956,100,100523,100,99953,100,100538,100,99949,100
2019-06-28 09:43:00.000000000,100183,189,100084,189,100201,187,100083,198,100217,187,100067,187,100326,100,100020,200,100411,100,99996,100,100471,100,99992,100,100477,100,99982,100,100523,100,99956,100,100538,100,99953,100,100665,100,99949,100
2019-06-28 09:43:10.000000000,100183,153,100084,153,100201,153,100083,164,100217,153,100067,153,100326,153,100020,253,100411,153,99996,153,100471,100,99992,100,100477,100,99982,100,100523,100,99956,100,100538,100,99953,100,100665,100,99949,100
2019-06-28 09:43:14.484087516,100183,53,100084,153,100201,153,100083,164,100217,153,100067,153,100326,153,100020,253,100411,153,99996,153,100471,100,99992,100,100477,100,99982,100,100523,100,99956,100,100538,100,99953,100,100665,100,99949,100
2019-06-28 09:43:20.000000000,100201,166,100084,166,100217,166,100083,177,100326,166,100067,166,100411,166,100020,266,100471,100,99996,100,100477,100,99992,100,100523,100,99982,100,100538,100,99956,100,100665,100,99953,100,,,99949,100
2019-06-28 09:43:25.694300745,100201,66,100084,166,100215,100,100083,177,100217,166,100067,166,100326,166,100020,266,100411,166,99996,100,100471,100,99992,100,100477,100,99982,100,100523,100,99956,100,100538,100,99953,100,100665,100,99949,100
2019-06-28 09:43:30.000000000,100215,189,100084,189,100217,187,100083,198,100326,187,100067,187,100411,100,100020,200,100471,100,99996,100,100477,100,99992,100,100523,100,99982,100,100538,100,99956,100,100665,100,99953,100,,,99949,100
2019-06-28 09:43:34.752490787,100215,189,100084,189,100217,187,100083,198,100326,187,100067,187,100409,100,100020,200,100411,100,99996,100,100471,100,99992,100,100477,100,99982,100,100523,100,99956,100,100538,100,99953,100,100665,100,99949,100
2019-06-28 09:43:40.000000000,100215,232,100084,232,100217,232,100083,243,100326,100,100067,100,100409,100,100020,200,100411,100,99996,100,100471,100,99992,100,100477,100,99982,100,100523,100,99956,100,100538,100,99953,100,100665,100,99949,100
2019-06-28 09:43:42.372494348,100215,232,100189,100,100217,232,100084,232,100326,100,100083,243,100409,100,100067,100,100411,100,100020,200,100471,100,99996,100,100477,100,99992,100,100523,100,99982,100,100538,100,99956,100,100665,100,99953,100
2019-06-28 09:43:50.000000000,100215,153,100189,153,100217,153,100084,153,100326,153,100083,164,100409,153,100067,153,100411,153,100020,253,100471,100,99996,100,100477,100,99992,100,100523,100,99982,100,100538,100,99956,100,100665,100,99953,100
2019-06-28 09:44:00.000000000,100215,153,100189,153,100217,153,100084,153,100326,153,100083,164,100409,153,100067,153,100411,153,100020,253,100471,100,99996,100,100477,100,99992,100,100523,100,99982,100,100538,100,99956,100,100665,100,99953,100
2019-06-28 09:44:10.000000000,100215,363,100189,363,100217,100,100084,100,100326,100,100083,111,100409,100,100067,100,100411,100,100020,200,100471,100,99996,100,100477,100,99992,100,100523,100,99982,100,100538,100,99956,100,100665,100,99953,100
2019-06-28 09:44:16.051263285,100215,363,100189,363,100217,100,100084,100,100326,100,100083,111,100409,100,100067,100,100411,100,100020,200,100471,100,99996,100,100477,100,99992,100,100523,100,99982,100,100538,100,99956,100,100665,100,99953,100
2019-06-28 09:44:20.000000000,100215,166,100189,166,100217,166,100084,166,100326,166,100083,177,100409,166,100067,166,100411,100,100020,200,100471,100,99996,100,100477,100,99992,100,100523,100,99982,100,100538,100,99956,100,100665,100,99953,100
2019-06-28 09:44:30.000000000,100215,153,100189,153,100217,153,100084,153,100326,153,100083,164,100409,153,100067,153,100411,153,100020,253,100471,100,99996,100,100477,100,99992,100,100523,100,99982,100,100538,100,99956,100,100665,100,99953,100
2019-06-28 09:44:34.323852200,100215,153,100189,153,100217,153,100084,153,100326,153,100083,164,100409,153,100067,153,100411,153,100020,253,100471,100,99996,100,100477,100,99992,100,100523,100,99982,100,100538,100,99956,100,100665,100,99953,100
2019-06-28 09:44:40.000000000,100215,166,100189,166,100217,166,100084,166,100326,166,100083,177,100409,166,100067,166,100411,100,100020,200,100471,100,99996,100,100477,100,99992,100,100523,100,99982,100,100538,100,99956,100,100665,100,99953,100
2019-06-28 09:44:50.000000000,100215,153,100189,153,100217,153,100084,153,100326,153,100083,164,100409,153,100067,153,100411,153,100020,253,100471,100,99996,100,100477,100,99992,100,100523,100,99982,100,100538,100,99956,100,100665,100,99953,100
2019-06-28 09:44:53.558443289,100215,153,100189,153,100217,153,100084,153,100326,153,100083,164,100409,153,100067,153,100411,153,100020,253,100471,100,99996,100,100477,100,99992,100,100523,100,99982,100,100538,100,99956,100,100665,100,99953,100
2019-06-28 09:45:00.000000000,100215,363,100189,363,100217,100,100084,100,100326,100,100083,111,100409,100,100067,100,100411,100,100020,200,100471,100,99996,100,100477,100,99992,100,100523,100,99982,100,100538,100,99956,100,100665,100,99953,100
2019-06-28 09:45:10.000000000,100215,189,100189,189,100217,187,100084,187,100326,187,100083,198,100409,100,100067,100,100411,100,100020,200,100471,100,99996,100,100477,100,99992,100,100523,100,99982,100,100538,100,99956,100,100665,100,99953,100
2019-06-28 09:45:20.000000000,100215,189,100189,189,100217,187,100084,187,100326,187,100083,198,100409,100,100067,100,100411,100,100020,200,100471,100,99996,100,100477,100,99992,100,100523,100,99982,100,100538,100,99956,100,100665,100,99953,100
2019-06-28 09:45:30.000000000,100215,232,100189,232,100217,232,100084,232,100326,100,100083,111,100409,100,100067,100,100411,100,100020,200,100471,100,99996,100,100477,100,99992,100,100523,100,99982,100,100538,100,99956,100,100665,100,99953,100
2019-06-28 09:45:31.071680796,100215,232,100189,132,100217,232,100084,232,100326,100,100083,111,100409,100,100067,100,100411,100,100020,200,100471,100,99996,100,100477,100,99992,100,100523,100,99982,100,100538,100,99956,100,100665,100,99953,100
2019-06-28 09:45:40.000000000,100215,363,100084,363,100217,100,100083,111,100326,100,100067,100,100409,100,100020,200,100411,100,99996,100,100471,100,99992,100,100477,100,99982,100,100523,100,99956,100,100538,100,99953,100,100665,100,99949,100
2019-06-28 09:45:50.000000000,100215,189,100084,189,100217,187,100083,198,100326,187,100067,187,100409,100,100020,200,100411,100,99996,100,100471,100,99992,100,100477,100,99982,100,100523,100,99956,100,100538,100,99953,100,100665,100,99949,100
2019-06-28 09:46:00.000000000,100215,166,100084,166,100217,166,100083,177,100326,166,100067,166,100409,166,100020,266,100411,100,99996,100,100471,100,99992,100,100477,100,99982,100,100523,100,99956,100,100538,100,99953,100,100665,100,99949,100
2019-06-28 09:46:10.000000000,100215,232,100084,232,100217,232,100083,243,100326,100,100067,100,100409,100,100020,200,100411,100,99996,100,100471,100,99992,100,100477,100,99982,100,100523,100,99956,100,100538,100,99953,100,100665,100,99949,100
2019-06-28 09:46:13.589102853,100215,232,100084,232,100217,232,100083,243,100326,100,100067,100,100409,100,100020,200,100411,100,99996,100,100471,100,99992,100,100477,100,99982,100,100523,100,99956,100,100538,100,99953,100,100665,100,99949,100
2019-06-28 09:46:20.000000000,100215,166,100084,166,100217,166,100083,177,100326,166,100067,166,100409,166,100020,266,100411,100,99996,100,100471,100,99992,100,100477,100,99982,100,100523,100,99956,100,100538,100,99953,100,100665,100,99949,100
2019-06-28 09:46:26.325299530,100215,166,100084,166,100217,166,100083,177,100326,166,100067,166,100409,166,100020,266,100411,100,99996,100,100471,100,99992,100,100477,100,99982,100,100523,100,99956,100,100538,100,99953,100,100665,100,99949,100
2019-06-28 09:46:30.000000000,100215,153,100084,153,100217,153,100083,164,100326,153,100067,153,100409,153,100020,253,100411,153,99996,153,100471,100,99992,100,100477,100,99982,100,100523,100,99956,100,100538,100,99953,100,100665,100,99949,100
2019-06-28 09:46:40.000000000,100215,166,100084,166,100217,166,100083,177,100326,166,100067,166,100409,166,100020,266,100411,100,99996,100,100471,100,99992,100,100477,100,99982,100,100523,100,99956,100,100538,100,99953,100,100665,100,99949,100
2019-06-28 09:46:42.841831809,100215,166,100084,166,100217,166,100083,177,100326,166,100067,166,100409,166,100020,266,100411,100,99996,100,100471,100,99992,100,100477,100,99982,100,100523,100,99956,100,100538,100,99953,100,100665,100,99949,100
2019-06-28 09:46:50.000000000,100215,363,100084,363,100217,100,100083,111,100326,100,100067,100,100409,100,100020,200,100411,100,99996,100,100471,100,99992,100,100477,100,99982,100,100523,100,99956,100,100538,100,99953,100,100665,100,99949,100
2019-06-28 09:46:57.335098534,100215,363,100084,263,100217,100,100083,111,100326,100,100067,100,100409,100,100020,200,100411,100,99996,100,100471,100,99992,100,100477,100,99982,100,100523,100,99956,100,100538,100,99953,100,100665,100,99949,100
2019-06-28 09:47:00.000000000,100215,363,100083,374,100217,100,100067,100,100326,100,100020,200,100409,100,99996,100,100411,100,99992,100,100471,100,99982,100,100477,100,99956,100,100523,100,99953,100,100538,100,99949,100,100665,100,99941,100
2019-06-28 09:47:01.538801365,100215,363,100083,274,100217,100,100067,100,100326,100,100020,200,100409,100,99996,100,100411,100,99992,100,100471,100,99982,100,100477,100,99956,100,100523,100,99953,100,100538,100,99949,100,100665,100,99941,100
2019-06-28 09:47:10.000000000,100215,166,100083,77,100217,166,100067,166,100326,166,100020,266,100409,166,99996,166,100411,100,99992,100,100471,100,99982,100,100477,100,99956,100,100523,100,99953,100,100538,100,99949,100,100665,100,99941,100
2019-06-28 09:47:10.521994825,100083,23,100067,166,100215,166,100020,266,100217,166,99996,166,100326,166,99992,100,100409,166,99982,100,100411,100,99956,100,100471,100,99953,100,100477,100,99949,100,100523,100,99941,100,100538,100,99926,100
2019-06-28 09:47:20.000000000,100083,286,100067,363,100215,100,100020,200,100217,100,99996,100,100326,100,99992,100,100409,100,99982,100,100411,100,99956,100,100471,100,99953,100,100477,100,99949,100,100523,100,99941,100,100538,100,99926,100
2019-06-28 09:47:26.071781328,100083,286,100067,363,100084,100,100020,200,100215,100,99996,100,100217,100,99982,100,100326,100,99956,100,100409,100,99953,100,100411,100,99949,100,100471,100,99941,100,100477,100,99926,100,100523,100,99885,100
2019-06-28 09:47:30.000000000,100083,155,100067,232,100084,232,100020,332,100215,100,99996,100,100217,100,99982,100,100326,100,99956,100,100409,100,99953,100,100411,100,99949,100,100471,100,99941,100,100477,100,99926,100,100523,100,99885,100
2019-06-28 09:47:34.026265071,100083,155,100067,232,100084,232,100020,332,100215,100,99996,100,100217,100,99982,100,100326,100,99956,100,100409,100,99953,100,100411,100,99949,100,100471,100,99941,100,100477,100,99926,100,100523,100,99885,100
2019-06-28 09:47:40.000000000,100083,155,100067,232,100084,232,100020,332,100215,100,99996,100,100217,100,99982,100,100326,100,99956,100,100409,100,99953,100,100411,100,99949,100,100471,100,99941,100,100477,100,99926,100,100523,100,99885,100
2019-06-28 09:47:40.106439625,100083,155,100067,232,100084,332,100020,332,100215,100,99996,100,100217,100,99982,100,100326,100,99956,100,100409,100,99953,100,100411,100,99949,100,100471,100,99941,100,100477,100,99926,100,100523,100,99885,100
2019-06-28 09:47:44.474894447,100083,155,100067,232,100084,432,100020,332,100215,100,99996,100,100217,100,99982,100,100326,100,99956,100,100409,100,99953,100,100411,100,99949,100,100471,100,99941,100,100477,100,99926,100,100523,100,99885,100
2019-06-28 09:47:50.000000000,100083,112,100067,189,100084,387,100020,287,100215,187,99996,187,100217,100,99982,100,100326,100,99956,100,100409,100,99953,100,100411,100,99949,100,100471,100,99941,100,100477,100,99926,100,100523,100,99885,100
2019-06-28 09:48:00.000000000,100083,155,100067,232,100084,432,100020,332,100215,100,99996,100,100217,100,99982,100,100326,100,99956,100,100409,100,99953,100,100411,100,99949,100,100471,100,99941,100,100477,100,99926,100,100523,100,99885,100
2019-06-28 09:48:10.000000000,100083,89,100067,166,100084,366,100020,266,100215,166,99996,166,100217,166,99982,166,100326,100,99956,100,100409,100,99953,100,100411,100,99949,100,100471,100,99941,100,100477,100,99926,100,100523,100,99885,100
2019-06-28 09:48:16.194141377,100083,89,100067,166,100084,466,100020,266,100215,166,99996,166,100217,166,99982,166,100326,100,99956,100,100409,100,99953,100,100411,100,99949,100,100471,100,99941,100,100477,100,99926,100,100523,100,99885,100
2019-06-28 09:48:20.000000000,100083,89,100067,166,100084,466,100020,266,100215,166,99996,166,100217,166,99982,166,100326,100,99956,100,100409,100,99953,100,100411,100,99949,100,100471,100,99941,100,100477,100,99926,100,100523,100,99885,100
2019-06-28 09:48:30.000000000,100083,89,100067,166,100084,466,100020,266,100215,166,99996,166,100217,166,99982,166,100326,100,99956,100,100409,100,99953,100,100411,100,99949,100,100471,100,99941,100,100477,100,99926,100,100523,100,99885,100
2019-06-28 09:48:38.522514341,100083,89,100067,166,100084,566,100020,266,100215,166,99996,166,100217,166,99982,166,100326,100,99956,100,100409,100,99953,100,100411,100,99949,100,100471,100,99941,100,100477,100,99926,100,100523,100,99885,100
2019-06-28 09:48:40.000000000,100083,155,100067,232,100084,632,100020,332,100215,100,99996,100,100217,100,99982,100,100326,100,99956,100,100409,100,99953,100,100411,100,99949,100,100471,100,99941,100,100477,100,99926,100,100523,100,99885,100
2019-06-28 09:48:50.000000000,100083,112,100067,189,100084,587,100020,287,100215,187,99996,187,100217,100,99982,100,100326,100,99956,100,100409,100,99953,100,100411,100,99949,100,100471,100,99941,100,100477,100,99926,100,100523,100,99885,100
2019-06-28 09:48:52.180122977,100083,112,100067,89,100084,587,100020,287,100215,187,99996,187,100217,100,99982,100,100326,100,99953,100,100409,100,99949,100,100411,100,99941,100,100471,100,99926,100,100477,100,99885,100,100523,100,99861,100
2019-06-28 09:49:00.000000000,100083,112,100020,289,100084,587,99996,187,100215,187,99982,187,100217,100,99953,100,100326,100,99949,100,100409,100,99941,100,100411,100,99926,100,100471,100,99885,100,100477,100,99861,100,100523,100,99858,100
2019-06-28 09:49:10.000000000,100083,76,100020,253,100084,553,99996,153,100215,153,99982,153,100217,153,99953,153,100326,153,99949,153,100409,100,99941,100,100411,100,99926,100,100471,100,99885,100,100477,100,99861,100,100523,100,99858,100
2019-06-28 09:49:20.000000000,100083,286,100020,463,100084,500,99996,100,100215,100,99982,100,100217,100,99953,100,100326,100,99949,100,100409,100,99941,100,100411,100,99926,100,100471,100,99885,100,100477,100,99861,100,100523,100,99858,100
2019-06-28 09:49:28.133306316,100083,286,100020,463,100084,500,99996,100,100215,100,99982,100,100217,100,99953,100,100326,100,99949,100,100409,100,99941,100,100411,100,99926,100,100471,100,99885,100,100477,100,99858,100,100523,100,99832,100
2019-06-28 09:49:30.000000000,100083,89,100020,266,100084,566,99996,166,100215,166,99982,166,100217,166,99953,166,100326,100,99949,100,100409,100,99941,100,100411,100,99926,100,100471,100,99885,100,100477,100,99858,100,100523,100,99832,100
2019-06-28 09:49:40.000000000,100083,155,100020,332,100084,632,99996,232,100215,100,99982,100,100217,100,99953,100,100326,100,99949,100,100409,100,99941,100,100411,100,99926,100,100471,100,99885,100,100477,100,99858,100,100523,100,99832,100
2019-06-28 09:49:41.178814350,100083,155,100020,332,100084,632,99996,232,100215,100,99982,100,100217,100,99949,100,100326,100,99941,100,100409,100,99926,100,100411,100,99885,100,100471,100,99858,100,100477,100,99832,100,100523,100,99742,100
2019-06-28 09:49:43.334108109,100082,100,100020,332,100083,155,99996,232,100084,532,99982,100,100215,100,99949,100,100217,100,99941,100,100326,100,99926,100,100409,100,99885,100,100411,100,99858,100,100471,100,99832,100,100477,100,99742,100
2019-06-28 09:49:44.227989922,100082,100,100020,332,100083,132,99996,232,100084,532,99982,100,100215,100,99949,100,100217,100,99941,100,100326,100,99926,100,100409,100,99885,100,100411,100,99858,100,100471,100,99832,100,100477,100,99742,100
2019-06-28 09:49:50.000000000,100082,166,100020,266,100084,466,99996,166,100215,166,99982,166,100217,166,99949,166,100326,100,99941,100,100409,100,99926,100,100411,100,99885,100,100471,100,99858,100,100477,100,99832,100,100523,100,99742,100
2019-06-28 09:50:00.000000000,100082,166,100020,266,100084,466,99996,166,100215,166,99982,166,100217,166,99949,166,100326,100,99941,100,100409,100,99926,100,100411,100,99885,100,100471,100,99858,100,100477,100,99832,100,100523,100,99742,100
2019-06-28 09:50:10.000000000,100082,153,100020,253,100084,453,99996,153,100215,153,99982,153,100217,153,99949,153,100326,153,99941,153,100409,100,99926,100,100411,100,99885,100,100471,100,99858,100,100477,100,99832,100,100523,100,99742,100
2019-06-28 09:50:20.000000000,100082,232,100020,332,100084,532,99996,232,100215,100,99982,100,100217,100,99949,100,100326,100,99941,100,100409,100,99926,100,100411,100,99885,100,100471,100,99858,100,100477,100,99832,100,100523,100,99742,100
2019-06-28 09:50:25.822132258,100082,232,100020,232,100084,532,99996,232,100215,100,99982,100,100217,100,99949,100,100326,100,99941,100,100411,100,99926,100,100471,100,99885,100,100477,100,99858,100,100523,100,99832,100,100538,100,99742,100
2019-06-28 09:50:26.374402756,100082,232,100020,132,100084,532,99996,232,100215,100,99982,100,100217,100,99949,100,100326,100,99941,100,100411,100,99926,100,100471,100,99885,100,100477,100,99858,100,100523,100,99832,100,100538,100,99742,100
2019-06-28 09:50:30.000000000,100082,189,99996,189,100084,487,99982,187,100215,187,99949,187,100217,100,99941,100,100326,100,99926,100,100411,100,99885,100,100471,100,99858,100,100477,100,99832,100,100523,100,99742,100,100538,100,99638,100
2019-06-28 09:50:36.924063544,100020,100,99996,189,100082,189,99982,187,100084,487,99949,187,100215,187,99941,100,100217,100,99926,100,100326,100,99885,100,100411,100,99858,100,100471,100,99832,100,100477,100,99742,100,100523,100,99638,100
2019-06-28 09:50:40.000000000,100020,363,99996,363,100082,100,99982,100,100084,400,99949,100,100215,100,99941,100,100217,100,99926,100,100326,100,99885,100,100411,100,99858,100,100471,100,99832,100,100477,100,99742,100,100523,100,99638,100
2019-06-28 09:50:49.139052887,100020,363,99996,263,100082,100,99982,100,100084,400,99949,100,100215,100,99941,100,100217,100,99926,100,100326,100,99885,100,100411,100,99858,100,100471,100,99832,100,100477,100,99742,100,100523,100,99638,100
2019-06-28 09:50:50.000000000,100020,363,99982,363,100082,100,99949,100,100084,400,99941,100,100215,100,99926,100,100217,100,99885,100,100326,100,99858,100,100411,100,99832,100,100471,100,99742,100,100477,100,99638,100,100523,100,99322,100
2019-06-28 09:50:57.807337790,100020,363,99982,263,100082,100,99949,100,100084,400,99941,100,100215,100,99926,100,100217,100,99885,100,100326,100,99858,100,100411,100,99742,100,100471,100,99638,100,100477,100,99322,100,100523,100,99309,100
2019-06-28 09:51:00.000000000,100020,232,99949,232,100082,232,99941,232,100084,400,99926,100,100215,100,99885,100,100217,100,99858,100,100326,100,99742,100,100411,100,99638,100,100471,100,99322,100,100477,100,99309,100,100523,100,99262,100
2019-06-28 09:51:10.000000000,100020,232,99949,232,100082,232,99941,232,100084,400,99926,100,100215,100,99885,100,100217,100,99858,100,100326,100,99742,100,100411,100,99638,100,100471,100,99322,100,100477,100,99309,100,100523,100,99262,100
2019-06-28 09:51:15.555558836,100020,232,99949,232,100082,232,99941,232,100084,400,99926,100,100215,100,99885,100,100217,100,99858,100,100326,100,99742,100,100411,100,99638,100,100471,100,99322,100,100477,100,99309,100,100523,100,99262,100
2019-06-28 09:51:15.846300755,100020,232,99949,232,100082,232,99941,232,100084,400,99926,100,100215,100,99885,100,100217,100,99858,100,100326,100,99742,100,100411,100,99638,100,100471,100,99322,100,100477,100,99309,100,100523,100,99262,100
2019-06-28 09:51:20.000000000,100020,232,99949,232,100082,232,99941,232,100084,400,99926,100,100215,100,99885,100,100217,100,99858,100,100326,100,99742,100,100411,100,99638,100,100471,100,99322,100,100477,100,99309,100,100523,100,99262,100
2019-06-28 09:51:30.000000000,100020,363,99949,363,100082,100,99941,100,100084,400,99926,100,100215,100,99885,100,100217,100,99858,100,100326,100,99742,100,100411,100,99638,100,100471,100,99322,100,100477,100,99309,100,100523,100,99262,100
2019-06-28 09:51:30.199770468,100020,363,99949,363,100082,100,99941,100,100084,400,99926,100,100215,100,99885,100,100217,100,99858,100,100326,100,99742,100,100411,100,99638,100,100471,100,99322,100,100477,100,99309,100,100523,100,99262,100
2019-06-28 09:51:34.325399547,100020,363,99949,363,100082,100,99941,100,100084,400,99926,100,100215,100,99885,100,100217,100,99858,100,100326,100,99742,100,100411,100,99638,100,100471,100,99322,100,100477,100,99309,100,100523,100,99262,100
2019-06-28 09:51:34.500747944,100020,363,99949,263,100082,100,99941,100,100084,400,99926,100,100215,100,99885,100,100217,100,99858,100,100326,100,99742,100,100411,100,99638,100,100471,100,99322,100,100477,100,99309,100,100523,100,99262,100
2019-06-28 09:51:38.522440209,100020,363,99949,163,100082,100,99941,100,100084,400,99926,100,100215,100,99885,100,100217,100,99858,100,100326,100,99742,100,100411,100,99638,100,100471,100,99322,100,100477,100,99309,100,100523,100,99262,100
2019-06-28 09:51:40.000000000,100020,232,99941,232,100082,232,99926,232,100084,400,99885,100,100215,100,99858,100,100217,100,99742,100,100326,100,99638,100,100411,100,99322,100,100471,100,99309,100,100477,100,99262,100,100523,100,99086,100
2019-06-28 09:51:50.000000000,100020,363,99941,363,100082,100,99926,100,100084,400,99885,100,100215,100,99858,100,100217,100,99742,100,100326,100,99638,100,100411,100,99322,100,100471,100,99309,100,100477,100,99262,100,100523,100,99086,100
2019-06-28 09:51:55.659700479,100020,363,99941,263,100082,100,99926,100,100084,400,99885,100,100215,100,99858,100,100217,100,99742,100,100326,100,99638,100,100411,100,99322,100,100471,100,99309,100,100477,100,99262,100,100523,100,99086,100
2019-06-28 09:52:00.000000000,100020,232,99926,232,100082,232,99885,232,100084,400,99858,100,100215,100,99742,100,100217,100,99638,100,100326,100,99322,100,100411,100,99309,100,100471,100,99262,100,100477,100,99086,100,100523,100,99016,100
2019-06-28 09:52:03.157461177,100020,232,99926,132,100082,232,99885,232,100084,400,99742,100,100215,100,99638,100,100217,100,99322,100,100326,100,99309,100,100411,100,99262,100,100471,100,99086,100,100477,100,99016,100,100523,100,98958,100
2019-06-28 09:52:10.000000000,100020,166,99885,166,100082,166,99742,166,100084,466,99638,166,100215,166,99322,166,100217,100,99309,100,100326,100,99262,100,100411,100,99086,100,100471,100,99016,100,100477,100,98958,100,100523,100,98826,100
2019-06-28 09:52:20.000000000,100020,166,99885,166,100082,166,99742,166,100084,466,99638,166,100215,166,99322,166,100217,100,99309,100,100326,100,99262,100,100411,100,99086,100,100471,100,99016,100,100477,100,98958,100,100523,100,98826,100
2019-06-28 09:52:24.276917610,100020,166,99885,66,100082,166,99742,166,100084,466,99638,166,100215,166,99322,166,100217,100,99309,100,100326,100,99262,100,100411,100,99086,100,100471,100,99016,100,100477,100,98958,100,100523,100,98826,100
2019-06-28 09:52:30.000000000,100020,363,99742,363,100082,100,99638,100,100084,400,99322,100,100215,100,99309,100,100217,100,99262,100,100326,100,99086,100,100411,100,99016,100,100471,100,98958,100,100477,100,98826,100,100523,100,98822,100
2019-06-28 09:52:34.334273561,100020,363,99742,263,100082,100,99638,100,100084,400,99322,100,100215,100,99309,100,100217,100,99262,100,100326,100,99086,100,100411,100,99016,100,100471,100,98958,100,100477,100,98826,100,100523,100,98822,100
2019-06-28 09:52:40.000000000,100020,232,99638,232,100082,232,99322,232,100084,400,99309,100,100215,100,99262,100,100217,100,99086,100,100326,100,99016,100,100411,100,98958,100,100471,100,98826,100,100477,100,98822,100,100523,100,98671,100
2019-06-28 09:52:50.000000000,100020,232,99638,232,100082,232,99322,232,100084,400,99309,100,100215,100,99262,100,100217,100,99086,100,100326,100,99016,100,100411,100,98958,100,100471,100,98826,100,100477,100,98822,100,100523,100,98671,100
2019-06-28 09:53:00.000000000,100020,189,99638,189,100082,187,99322,187,100084,487,99309,187,100215,100,99262,100,100217,100,99086,100,100326,100,99016,100,100411,100,98958,100,100471,100,98826,100,100477,100,98822,100,100523,100,98671,100
2019-06-28 09:53:04.371248740,100020,189,99638,89,100082,187,99322,187,100084,487,99309,187,100215,100,99262,100,100217,100,99086,100,100326,100,99016,100,100411,100,98958,100,100471,100,98826,100,100477,100,98822,100,100523,100,98671,100
2019-06-28 09:53:10.000000000,100020,189,99322,189,100082,187,99309,187,100084,487,99262,187,100215,100,99086,100,100217,100,99016,100,100326,100,98958,100,100411,100,98826,100,100471,100,98822,100,100477,100,98671,100,100523,100,98623,200
2019-06-28 09:53:20.000000000,100020,232,99322,232,100082,232,99309,232,100084,400,99262,100,100215,100,99086,100,100217,100,99016,100,100326,100,98958,100,100411,100,98826,100,100471,100,98822,100,100477,100,98671,100,100523,100,98623,200
2019-06-28 09:53:22.550392557,100020,232,99322,132,100082,232,99309,232,100084,400,99262,100,100215,100,99086,100,100217,100,99016,100,100326,100,98958,100,100411,100,98822,100,100471,100,98671,100,100477,100,98623,200,100523,100,,
2019-06-28 09:53:30.000000000,100020,153,99309,153,100082,153,99262,153,100084,453,99086,153,100215,153,99016,153,100217,153,98958,153,100326,100,98822,100,100411,100,98671,100,100471,100,98623,200,100477,100,,,100523,100,,
2019-06-28 09:53:40.000000000,100020,363,99309,363,100082,100,99262,100,100084,400,99086,100,100215,100,99016,100,100217,100,98958,100,100326,100,98822,100,100411,100,98671,100,100471,100,98623,200,100477,100,,,100523,100,,
2019-06-28 09:53:50.000000000,100020,153,99309,153,100082,153,99262,153,100084,453,99086,153,100215,153,99016,153,100217,153,98958,153,100326,100,98822,100,100411,100,98671,100,100471,100,98623,200,100477,100,,,100523,100,,
2019-06-28 09:53:53.852826192,99638,100,99309,153,100020,153,99262,153,100082,153,99086,153,100084,353,99016,153,100215,153,98958,153,100217,153,98822,100,100326,100,98671,100,100411,100,98623,200,100471,100,,,100477,100,,
2019-06-28 09:54:00.000000000,99638,232,99309,232,100020,232,99262,232,100082,100,99086,100,100084,300,99016,100,100215,100,98958,100,100217,100,98822,100,100326,100,98671,100,100411,100,98623,200,100471,100,,,100477,100,,
2019-06-28 09:54:04.080194151,99638,332,99309,232,100020,232,99262,232,100082,100,99086,100,100084,300,99016,100,100215,100,98958,100,100217,100,98822,100,100326,100,98671,100,100411,100,98623,200,100471,100,,,100477,100,,
2019-06-28 09:54:07.901944371,99638,332,99309,232,100020,232,99262,232,100082,100,99086,100,100084,300,99016,100,100215,100,98958,100,100217,100,98822,100,100326,100,98808,100,100411,100,98671,100,100471,100,98623,200,100477,100,,
2019-06-28 09:54:10.000000000,99638,253,99309,153,100020,153,99262,153,100082,153,99086,153,100084,353,99016,153,100215,153,98958,153,100217,100,98822,100,100326,100,98808,100,100411,100,98671,100,100471,100,98623,200,100477,100,,
2019-06-28 09:54:14.361234223,99638,253,99309,153,100020,153,99262,153,100082,153,99086,153,100084,353,99016,153,100215,153,98958,153,100217,100,98822,100,100326,100,98808,100,100411,100,98743,100,100471,100,98671,100,100477,100,98623,200
2019-06-28 09:54:20.000000000,99638,253,99309,153,100020,153,99262,153,100082,153,99086,153,100084,353,99016,153,100215,153,98958,153,100217,100,98822,100,100326,100,98808,100,100411,100,98743,100,100471,100,98671,100,100477,100,98623,200
2019-06-28 09:54:25.082729017,99638,253,99309,153,100020,153,99262,153,100082,153,99086,153,100084,353,99016,153,100215,153,98958,53,100217,100,98847,100,100326,100,98822,100,100411,100,98808,100,100471,100,98743,100,100477,100,98671,100
2019-06-28 09:54:30.000000000,99638,266,99309,166,100020,166,99262,166,100082,166,99086,166,100084,366,99016,166,100215,100,98847,100,100217,100,98822,100,100326,100,98808,100,100411,100,98743,100,100471,100,98671,100,100477,100,98623,200
2019-06-28 09:54:36.235174224,99638,266,99309,66,100020,166,99262,166,100082,166,99086,166,100084,366,99016,166,100215,100,98847,100,100217,100,98822,100,100326,100,98808,100,100411,100,98743,100,100471,100,98671,100,100477,100,98623,200
2019-06-28 09:54:40.000000000,99638,463,99262,363,100020,100,99086,100,100082,100,99016,100,100084,300,98847,100,100215,100,98822,100,100217,100,98808,100,100326,100,98743,100,100411,100,98671,100,100471,100,98623,200,100477,100,,
2019-06-28 09:54:50.000000000,99638,289,99262,189,100020,187,99086,187,100082,187,99016,187,100084,300,98847,100,100215,100,98822,100,100217,100,98808,100,100326,100,98743,100,100411,100,98671,100,100471,100,98623,200,100477,100,,
2019-06-28 09:55:00.000000000,99638,289,99262,189,100020,187,99086,187,100082,187,99016,187,100084,300,98847,100,100215,100,98822,100,100217,100,98808,100,100326,100,98743,100,100411,100,98671,100,100471,100,98623,200,100477,100,,
2019-06-28 09:55:10.000000000,99638,463,99262,363,100020,100,99086,100,100082,100,99016,100,100084,300,98847,100,100215,100,98822,100,100217,100,98808,100,100326,100,98743,100,100411,100,98671,100,100471,100,98623,200,100477,100,,
2019-06-28 09:55:19.832645474,99638,463,99262,363,100020,100,99086,100,100082,100,99016,100,100084,300,98847,100,100215,100,98822,100,100217,100,98808,100,100326,100,98743,100,100411,100,98671,100,100471,100,98623,200,100477,100,98130,100
2019-06-28 09:55:20.000000000,99638,332,99262,232,100020,232,99086,232,100082,100,99016,100,100084,300,98847,100,100215,100,98822,100,100217,100,98808,100,100326,100,98743,100,100411,100,98671,100,100471,100,98623,200,100477,100,98130,100
2019-06-28 09:55:30.000000000,99638,266,99262,166,100020,166,99086,166,100082,166,99016,166,100084,366,98847,166,100215,100,98822,100,100217,100,98808,100,100326,100,98743,100,100411,100,98671,100,100471,100,98623,200,100477,100,98130,100
2019-06-28 09:55:32.339635760,99638,266,99262,166,100020,166,99086,166,100082,166,99016,166,100084,266,98847,166,100215,100,98822,100,100217,100,98808,100,100326,100,98743,100,100411,100,98671,100,100471,100,98623,200,100477,100,98130,100
2019-06-28 09:55:40.000000000,99638,253,99262,153,100020,153,99086,153,100082,153,99016,153,100084,253,98847,153,100215,153,98822,153,100217,100,98808,100,100326,100,98743,100,100411,100,98671,100,100471,100,98623,200,100477,100,98130,100
2019-06-28 09:55:50.000000000,99638,332,99262,232,100020,232,99086,232,100082,100,99016,100,100084,200,98847,100,100215,100,98822,100,100217,100,98808,100,100326,100,98743,100,100411,100,98671,100,100471,100,98623,200,100477,100,98130,100
2019-06-28 09:55:50.537555012,99638,332,99262,132,100020,232,99086,232,100082,100,99016,100,100084,200,98847,100,100215,100,98822,100,100217,100,98808,100,100326,100,98743,100,100411,100,98671,100,100471,100,98623,100,100477,100,98130,100
2019-06-28 09:56:00.000000000,99638,463,99086,363,100020,100,99016,100,100082,100,98847,100,100084,200,98822,100,100215,100,98808,100,100217,100,98743,100,100326,100,98671,100,100411,100,98623,100,100471,100,98130,100,100477,100,,
2019-06-28 09:56:10.000000000,99638,266,99086,166,100020,166,99016,166,100082,166,98847,166,100084,266,98822,166,100215,100,98808,100,100217,100,98743,100,100326,100,98671,100,100411,100,98623,100,100471,100,98130,100,100477,100,,
2019-06-28 09:56:20.000000000,99638,253,99086,153,100020,153,99016,153,100082,153,98847,153,100084,253,98822,153,100215,153,98808,153,100217,100,98743,100,100326,100,98671,100,100411,100,98623,100,100471,100,98130,100,100477,100,,
2019-06-28 09:56:30.000000000,99638,463,99086,363,100020,100,99016,100,100082,100,98847,100,100084,200,98822,100,100215,100,98808,100,100217,100,98743,100,100326,100,98671,100,100411,100,98623,100,100471,100,98130,100,100477,100,,
2019-06-28 09:56:40.000000000,99638,463,99086,363,100020,100,99016,100,100082,100,98847,100,100084,200,98822,100,100215,100,98808,100,100217,100,98743,100,100326,100,98671,100,100411,100,98623,100,100471,100,98130,100,100477,100,,
2019-06-28 09:56:41.126240334,99638,463,99086,263,100020,100,99016,100,100082,100,98847,100,100084,200,98822,100,100215,100,98808,100,100217,100,98743,100,100326,100,98671,100,100411,100,98623,100,100471,100,98130,100,100477,100,,
2019-06-28 09:56:41.567102783,99638,463,99086,263,100020,100,99016,100,100082,100,98884,100,100084,200,98847,100,100215,100,98822,100,100217,100,98808,100,100326,100,98743,100,100411,100,98671,100,100471,100,98623,100,100477,100,98130,100
2019-06-28 09:56:50.000000000,99638,289,99016,189,100020,187,98884,187,100082,187,98847,187,100084,200,98822,100,100215,100,98808,100,100217,100,98743,100,100326,100,98671,100,100411,100,98623,100,100471,100,98130,100,100477,100,,
2019-06-28 09:57:00.000000000,99638,266,99016,166,100020,166,98884,166,100082,166,98847,166,100084,266,98822,166,100215,100,98808,100,100217,100,98743,100,100326,100,98671,100,100411,100,98623,100,100471,100,98130,100,100477,100,,
2019-06-28 09:57:10.000000000,99638,332,99016,232,100020,232,98884,232,100082,100,98847,100,100084,200,98822,100,100215,100,98808,100,100217,100,98743,100,100326,100,98671,100,100411,100,98623,100,100471,100,98130,100,100477,100,,
2019-06-28 09:57:15.761892196,99638,332,99016,132,100020,232,98884,232,100082,100,98847,100,100084,200,98808,100,100215,100,98743,100,100217,100,98671,100,100326,100,98623,100,100411,100,98130,100,100471,100,,,100477,100,,
2019-06-28 09:57:20.000000000,99638,253,98884,153,100020,153,98847,153,100082,153,98808,153,100084,253,98743,153,100215,153,98671,153,100217,100,98623,100,100326,100,98130,100,100411,100,,,100471,100,,,100477,100,,
2019-06-28 09:57:21.424410271,99638,253,99045,100,100020,153,98884,153,100082,153,98847,153,100084,253,98808,153,100215,153,98743,153,100217,100,98671,153,100326,100,98623,100,100411,100,98130,100,100471,100,,,100477,100,,
2019-06-28 09:57:24.669841125,99638,253,99045,100,100020,53,99017,100,100082,153,98884,153,100084,253,98847,153,100215,153,98808,153,100217,100,98743,153,100326,100,98671,153,100411,100,98623,100,100471,100,98130,100,100477,100,,
2019-06-28 09:57:28.665440543,99638,253,99087,100,100020,53,99045,100,100082,153,99017,100,100084,253,98884,153,100215,153,98847,153,100217,100,98808,153,100326,100,98743,153,100411,100,98671,153,100471,100,98623,100,100477,100,98130,100
2019-06-28 09:57:30.000000000,99638,289,99087,189,100082,187,99045,187,100084,287,99017,187,100215,100,98884,100,100217,100,98847,100,100326,100,98808,100,100411,100,98743,100,100471,100,98671,100,100477,100,98623,100,100523,100,98130,100
2019-06-28 09:57:34.702395105,99638,289,99087,189,100082,187,99045,187,100084,287,99017,187,100215,100,99006,100,100217,100,98884,100,100326,100,98847,100,100411,100,98808,100,100471,100,98743,100,100477,100,98671,100,100523,100,98623,100
2019-06-28 09:57:34.800274471,99638,289,99087,89,100082,187,99045,187,100084,287,99017,187,100215,100,99006,100,100217,100,98884,100,100326,100,98847,100,100411,100,98808,100,100471,100,98743,100,100477,100,98671,100,100523,100,98623,100
2019-06-28 09:57:40.000000000,99638,289,99045,189,100082,187,99017,187,100084,287,99006,187,100215,100,98884,100,100217,100,98847,100,100326,100,98808,100,100411,100,98743,100,100471,100,98671,100,100477,100,98623,100,100523,100,98130,100
2019-06-28 09:57:43.671061216,99638,289,99045,189,100082,187,99017,187,100084,287,99006,187,100215,100,98967,100,100217,100,98884,100,100326,100,98847,100,100411,100,98808,100,100471,100,98743,100,100477,100,98671,100,100523,100,98623,100
2019-06-28 09:57:50.000000000,99638,266,99045,166,100082,166,99017,166,100084,266,99006,166,100215,166,98967,166,100217,100,98884,100,100326,100,98847,100,100411,100,98808,100,100471,100,98743,100,100477,100,98671,100,100523,100,98623,100
2019-06-28 09:58:00.000000000,99638,253,99045,153,100082,153,99017,153,100084,253,99006,153,100215,153,98967,153,100217,153,98884,153,100326,100,98847,100,100411,100,98808,100,100471,100,98743,100,100477,100,98671,100,100523,100,98623,100
2019-06-28 09:58:04.590239570,99638,253,99045,53,100082,153,99017,153,100084,253,99006,153,100215,153,98967,153,100217,53,98884,153,100326,100,98847,100,100411,100,98808,100,100471,100,98743,100,100477,100,98671,100,100523,100,98623,100
2019-06-28 09:58:09.519341982,99087,100,99045,53,99638,253,99017,153,100082,153,99006,153,100084,253,98967,153,100215,153,98884,153,100217,53,98847,100,100326,100,98808,100,100411,100,98743,100,100471,100,98671,100,100477,100,98623,100
2019-06-28 09:58:10.000000000,99087,363,99017,363,99638,200,99006,100,100082,100,98967,100,100084,200,98884,100,100215,100,98847,100,100326,100,98808,100,100411,100,98743,100,100471,100,98671,100,100477,100,98623,100,100523,100,98130,100
2019-06-28 09:58:17.388239350,99087,363,99017,363,99638,200,99006,100,100082,100,98967,100,100084,200,98884,100,100215,100,98864,100,100326,100,98847,100,100411,100,98808,100,100471,100,98743,100,100477,100,98671,100,100523,100,98623,100
2019-06-28 09:58:20.000000000,99087,189,99017,189,99638,287,99006,187,100082,187,98967,187,100084,200,98884,100,100215,100,98864,100,100326,100,98847,100,100411,100,98808,100,100471,100,98743,100,100477,100,98671,100,100523,100,98623,100
2019-06-28 09:58:30.000000000,99087,232,99017,232,99638,332,99006,232,100082,100,98967,100,100084,200,98884,100,100215,100,98864,100,100326,100,98847,100,100411,100,98808,100,100471,100,98743,100,100477,100,98671,100,100523,100,98623,100
2019-06-28 09:58:40.000000000,99087,153,99017,153,99638,253,99006,153,100082,153,98967,153,100084,253,98884,153,100215,153,98864,153,100326,100,98847,100,100411,100,98808,100,100471,100,98743,100,100477,100,98671,100,100523,100,98623,100
2019-06-28 09:58:50.000000000,99087,166,99017,166,99638,266,99006,166,100082,166,98967,166,100084,266,98884,166,100215,100,98864,100,100326,100,98847,100,100411,100,98808,100,100471,100,98743,100,100477,100,98671,100,100523,100,98623,100
2019-06-28 09:59:00.000000000,99087,189,99017,189,99638,287,99006,187,100082,187,98967,187,100084,200,98884,100,100215,100,98864,100,100326,100,98847,100,100411,100,98808,100,100471,100,98743,100,100477,100,98671,100,100523,100,98623,100
2019-06-28 09:59:10.000000000,99087,363,99017,363,99638,200,99006,100,100082,100,98967,100,100084,200,98884,100,100215,100,98864,100,100326,100,98847,100,100411,100,98808,100,100471,100,98743,100,100477,100,98671,100,100523,100,98623,100
2019-06-28 09:59:20.000000000,99087,189,99017,189,99638,287,99006,187,100082,187,98967,187,100084,200,98884,100,100215,100,98864,100,100326,100,98847,100,100411,100,98808,100,100471,100,98743,100,100477,100,98671,100,100523,100,98623,100
2019-06-28 09:59:21.895569210,99060,100,99017,189,99087,189,99006,187,99638,287,98967,187,100082,187,98884,100,100084,200,98864,100,100215,100,98847,100,100326,100,98808,100,100411,100,98743,100,100471,100,98671,100,100477,100,98623,100
2019-06-28 09:59:30.000000000,99060,232,99017,232,99087,232,99006,232,99638,200,98967,100,100082,100,98884,100,100084,200,98864,100,100215,100,98847,100,100326,100,98808,100,100411,100,98743,100,100471,100,98671,100,100477,100,98623,100
2019-06-28 09:59:40.000000000,99060,363,99017,363,99087,100,99006,100,99638,200,98967,100,100082,100,98884,100,100084,200,98864,100,100215,100,98847,100,100326,100,98808,100,100411,100,98743,100,100471,100,98671,100,100477,100,98623,100
2019-06-28 09:59:50.000000000,99060,189,99017,189,99087,187,99006,187,99638,287,98967,187,100082,100,98884,100,100084,200,98864,100,100215,100,98847,100,100326,100,98808,100,100411,100,98743,100,100471,100,98671,100,100477,100,98623,100
2019-06-28 09:59:58.131326261,99060,89,99017,189,99087,187,99006,187,99638,287,98967,187,100082,100,98884,100,100084,200,98864,100,100215,100,98847,100,100326,100,98808,100,100411,100,98743,100,100471,100,98671,100,100477,100,98623,100
2019-06-28 10:00:00.000000000,99087,232,99017,232,99638,332,99006,232,100082,100,98967,100,100084,200,98884,100,100215,100,98864,100,100326,100,98847,100,100411,100,98808,100,100471,100,98743,100,100477,100,98671,100,100523,100,98623,100
2019-06-28 10:00:10.000000000,99087,189,99017,189,99638,287,99006,187,100082,187,98967,187,100084,200,98884,100,100215,100,98864,100,100326,100,98847,100,100411,100,98808,100,100471,100,98743,100,100477,100,98671,100,100523,100,98623,100
2019-06-28 10:00:20.000000000,99087,232,99017,232,99638,332,99006,232,100082,100,98967,100,100084,200,98884,100,100215,100,98864,100,100326,100,98847,100,100411,100,98808,100,100471,100,98743,100,100477,100,98671,100,100523,100,98623,100
2019-06-28 10:00:30.000000000,99087,189,99017,189,99638,287,99006,187,100082,187,98967,187,100084,200,98884,100,100215,100,98864,100,100326,100,98847,100,100411,100,98808,100,100471,100,98743,100,100477,100,98671,100,100523,100,98623,100
2019-06-28 10:00:31.772784726,99087,189,99017,189,99638,287,99006,187,100082,187,98967,187,100084,200,98884,100,100215,100,98864,100,100326,100,98847,100,100347,100,98808,100,100411,100,98743,100,100471,100,98671,100,100477,100,98623,100
2019-06-28 10:00:40.000000000,99087,153,99017,153,99638,253,99006,153,100082,153,98967,153,100084,253,98884,153,100215,153,98864,153,100326,100,98847,100,100347,100,98808,100,100411,100,98743,100,100471,100,98671,100,100477,100,98623,100
2019-06-28 10:00:50.000000000,99087,166,99017,166,99638,266,99006,166,100082,166,98967,166,100084,266,98884,166,100215,100,98864,100,100326,100,98847,100,100347,100,98808,100,100411,100,98743,100,100471,100,98671,100,100477,100,98623,100
2019-06-28 10:01:00.000000000,99087,363,99017,363,99638,200,99006,100,100082,100,98967,100,100084,200,98884,100,100215,100,98864,100,100326,100,98847,100,100347,100,98808,100,100411,100,98743,100,100471,100,98671,100,100477,100,98623,100
2019-06-28 10:01:10.000000000,99087,153,99017,153,99638,253,99006,153,100082,153,98967,153,100084,253,98884,153,100215,153,98864,153,100326,100,98847,100,100347,100,98808,100,100411,100,98743,100,100471,100,98671,100,100477,100,98623,100
2019-06-28 10:01:20.000000000,99087,189,99017,189,99638,287,99006,187,100082,187,98967,187,100084,200,98884,100,100215,100,98864,100,100326,100,98847,100,100347,100,98808,100,100411,100,98743,100,100471,100,98671,100,100477,100,98623,100
2019-06-28 10:01:30.000000000,99087,363,99017,363,99638,200,99006,100,100082,100,98967,100,100084,200,98884,100,100215,100,98864,100,100326,100,98847,100,100347,100,98808,100,100411,100,98743,100,100471,100,98671,100,100477,100,98623,100
2019-06-28 10:01:31.370183303,99087,263,99017,363,99638,200,99006,100,100082,100,98967,100,100084,200,98884,100,100215,100,98864,100,100326,100,98847,100,100347,100,98808,100,100411,100,98743,100,100471,100,98671,100,100477,100,98623,100
2019-06-28 10:01:34.365058954,99087,263,99060,100,99638,200,99017,363,100082,100,99006,100,100084,200,98967,100,100215,100,98884,100,100326,100,98864,100,100347,100,98847,100,100411,100,98808,100,100471,100,98743,100,100477,100,98671,100
2019-06-28 10:01:36.249303038,99087,263,99060,100,99638,200,99017,363,100082,100,99006,100,100084,200,98967,100,100215,100,98884,100,100326,100,98864,100,100347,100,98808,100,100411,100,98743,100,100463,100,98671,100,100471,100,98623,100
2019-06-28 10:01:40.000000000,99638,253,99060,153,100082,153,99017,153,100084,253,99006,153,100215,153,98967,153,100326,153,98884,153,100347,100,98864,100,100411,100,98808,100,100463,100,98743,100,100471,100,98671,100,100477,100,98623,100
2019-06-28 10:01:50.000000000,99638,253,99060,153,100082,153,99017,153,100084,253,99006,153,100215,153,98967,153,100326,153,98884,153,100347,100,98864,100,100411,100,98808,100,100463,100,98743,100,100471,100,98671,100,100477,100,98623,100
2019-06-28 10:02:00.000000000,99638,332,99060,232,100082,232,99017,232,100084,200,99006,100,100215,100,98967,100,100326,100,98884,100,100347,100,98864,100,100411,100,98808,100,100463,100,98743,100,100471,100,98671,100,100477,100,98623,100
2019-06-28 10:02:01.439554619,99638,232,99060,232,100082,232,99017,232,100084,200,99006,100,100215,100,98967,100,100326,100,98884,100,100347,100,98864,100,100411,100,98808,100,100463,100,98743,100,100471,100,98671,100,100523,100,98623,100
2019-06-28 10:02:10.000000000,99638,363,99060,363,100082,100,99017,100,100084,200,99006,100,100215,100,98967,100,100326,100,98884,100,100347,100,98864,100,100411,100,98808,100,100463,100,98743,100,100471,100,98671,100,100523,100,98623,100
2019-06-28 10:02:10.902464164,99638,363,99087,100,100082,100,99060,363,100084,200,99017,100,100215,100,99006,100,100326,100,98967,100,100347,100,98884,100,100411,100,98864,100,100463,100,98808,100,100471,100,98743,100,100523,100,98671,100
2019-06-28 10:02:20.000000000,99638,232,99087,232,100082,232,99060,232,100084,200,99017,100,100215,100,99006,100,100326,100,98967,100,100347,100,98884,100,100411,100,98864,100,100463,100,98808,100,100471,100,98743,100,100523,100,98671,100
2019-06-28 10:02:30.000000000,99638,232,99087,232,100082,232,99060,232,100084,200,99017,100,100215,100,99006,100,100326,100,98967,100,100347,100,98884,100,100411,100,98864,100,100463,100,98808,100,100471,100,98743,100,100523,100,98671,100
2019-06-28 10:02:38.615398756,99638,132,99087,232,100082,232,99060,232,100084,200,99017,100,100215,100,99006,100,100326,100,98967,100,100347,100,98884,100,100411,100,98864,100,100463,100,98808,100,100471,100,98743,100,100523,100,98671,100
2019-06-28 10:02:40.000000000,100082,166,99087,166,100084,266,99060,166,100215,166,99017,166,100326,166,99006,166,100347,100,98967,100,100411,100,98884,100,100463,100,98864,100,100471,100,98808,100,100523,100,98743,100,100538,100,98671,100
2019-06-28 10:02:44.081341969,100082,66,99638,100,100084,266,99087,166,100215,166,99060,166,100326,166,99017,166,100347,100,99006,166,100411,100,98967,100,100463,100,98884,100,100471,100,98864,100,100523,100,98808,100,100538,100,98743,100
2019-06-28 10:02:50.000000000,100084,253,99638,153,100215,153,99087,153,100326,153,99060,153,100347,153,99017,153,100411,153,99006,153,100463,100,98967,100,100471,100,98884,100,100523,100,98864,100,100538,100,98808,100,100665,100,98743,100
2019-06-28 10:02:50.595582524,100084,253,99638,153,100215,153,99087,153,100326,153,99060,153,100347,153,99017,153,100387,100,99006,153,100411,153,98967,100,100463,100,98884,100,100471,100,98864,100,100523,100,98808,100,100538,100,98743,100
2019-06-28 10:02:59.983280893,100084,153,99638,153,100215,153,99087,153,100326,153,99060,153,100347,153,99017,153,100387,100,99006,153,100411,153,98967,100,100463,100,98884,100,100471,100,98864,100,100523,100,98808,100,100538,100,98743,100
2019-06-28 10:03:00.000000000,100084,363,99638,363,100215,100,99087,100,100326,100,99060,100,100347,100,99017,100,100387,100,99006,100,100411,100,98967,100,100463,100,98884,100,100471,100,98864,100,100523,100,98808,100,100538,100,98743,100
2019-06-28 10:03:07.680874959,100084,263,99638,363,100215,100,99087,100,100326,100,99060,100,100347,100,99017,100,100387,100,99006,100,100411,100,98967,100,100463,100,98884,100,100471,100,98864,100,100523,100,98808,100,100538,100,98743,100
2019-06-28 10:03:10.000000000,100215,232,99638,232,100326,232,99087,232,100347,100,99060,100,100387,100,99017,100,100411,100,99006,100,100463,100,98967,100,100471,100,98884,100,100523,100,98864,100,100538,100,98808,100,100665,100,98743,100
2019-06-28 10:03:10.205100422,100215,132,99638,232,100326,232,99087,232,100347,100,99060,100,100387,100,99017,100,100411,100,99006,100,100463,100,98967,100,100471,100,98884,100,100523,100,98864,100,100538,100,98808,100,100665,100,98743,100
2019-06-28 10:03:13.213074222,100215,132,99638,232,100326,232,99087,232,100347,100,99060,100,100387,100,99017,100,100411,100,99006,100,100463,100,98967,100,100471,100,98884,100,100478,100,98864,100,100523,100,98808,100,100538,100,98743,100
2019-06-28 10:03:20.000000000,100326,189,99638,189,100347,187,99087,187,100387,187,99060,187,100411,100,99017,100,100463,100,99006,100,100471,100,98967,100,100478,100,98884,100,100523,100,98864,100,100538,100,98808,100,100665,100,98743,100
2019-06-28 10:03:23.197758068,100326,89,99638,189,100347,187,99087,187,100387,187,99060,187,100411,100,99017,100,100463,100,99006,100,100471,100,98967,100,100478,100,98884,100,100523,100,98864,100,100538,100,98808,100,,,98743,100
2019-06-28 10:03:25.985105023,100347,187,100326,11,100387,187,99638,189,100411,100,99087,187,100463,100,99060,187,100471,100,99017,100,100478,100,99006,100,100523,100,98967,100,100538,100,98884,100,,,98864,100,,,98808,100
2019-06-28 10:03:29.656064459,100347,187,100326,11,100387,187,99638,189,100400,100,99087,187,100411,100,99060,187,100463,100,99017,100,100471,100,99006,100,100478,100,98967,100,100523,100,98884,100,100538,100,98864,100,,,98808,100
2019-06-28 10:03:30.000000000,100347,166,100326,77,100387,166,99638,166,100400,166,99087,166,100411,166,99060,166,100463,100,99017,100,100471,100,99006,100,100478,100,98967,100,100523,100,98884,100,100538,100,98864,100,,,98808,100
2019-06-28 10:03:39.724995807,100326,23,99638,166,100347,166,99087,166,100387,166,99060,166,100400,166,99017,100,100411,166,99006,100,100463,100,98967,100,100471,100,98884,100,100478,100,98864,100,100523,100,98808,100,100538,100,98671,100
2019-06-28 10:03:40.000000000,100326,89,99638,166,100347,166,99087,166,100387,166,99060,166,100400,166,99017,166,100411,100,99006,100,100463,100,98967,100,100471,100,98884,100,100478,100,98864,100,100523,100,98808,100,100538,100,98671,100
2019-06-28 10:03:50.000000000,100326,76,99638,153,100347,153,99087,153,100387,153,99060,153,100400,153,99017,153,100411,153,99006,153,100463,100,98967,100,100471,100,98884,100,100478,100,98864,100,100523,100,98808,100,100538,100,98671,100
2019-06-28 10:04:00.000000000,100326,89,99638,166,100347,166,99087,166,100387,166,99060,166,100400,166,99017,166,100411,100,99006,100,100463,100,98967,100,100471,100,98884,100,100478,100,98864,100,100523,100,98808,100,100538,100,98671,100
2019-06-28 10:04:10.000000000,100326,155,99638,232,100347,232,99087,232,100387,100,99060,100,100400,100,99017,100,100411,100,99006,100,100463,100,98967,100,100471,100,98884,100,100478,100,98864,100,100523,100,98808,100,100538,100,98671,100
2019-06-28 10:04:14.833090788,100326,55,99638,232,100347,232,99087,232,100387,100,99060,100,100400,100,99017,100,100411,100,99006,100,100463,100,98967,100,100471,100,98884,100,100478,100,98864,100,100523,100,98808,100,100538,100,98671,100
2019-06-28 10:04:17.982515023,100326,55,99638,232,100347,232,99087,232,100377,100,99060,100,100387,100,99017,100,100400,100,99006,100,100411,100,98967,100,100463,100,98884,100,100471,100,98864,100,100478,100,98808,100,100523,100,98671,100
2019-06-28 10:04:20.000000000,100347,363,99638,363,100377,100,99087,100,100387,100,99060,100,100400,100,99017,100,100411,100,99006,100,100463,100,98967,100,100471,100,98884,100,100478,100,98864,100,100523,100,98808,100,100538,100,98671,100
2019-06-28 10:04:21.634098253,100347,263,99638,363,100377,100,99087,100,100387,100,99060,100,100400,100,99017,100,100411,100,99006,100,100463,100,98967,100,100471,100,98884,100,100478,100,98864,100,100523,100,98808,100,100538,100,98671,100
2019-06-28 10:04:30.000000000,100377,232,99638,232,100387,232,99087,232,100400,100,99060,100,100411,100,99017,100,100463,100,99006,100,100471,100,98967,100,100478,100,98884,100,100523,100,98864,100,100538,100,98808,100,,,98671,100
2019-06-28 10:04:40.000000000,100377,189,99638,189,100387,187,99087,187,100400,187,99060,187,100411,100,99017,100,100463,100,99006,100,100471,100,98967,100,100478,100,98884,100,100523,100,98864,100,100538,100,98808,100,,,98671,100
2019-06-28 10:04:42.907350717,100377,189,100326,100,100387,187,99638,189,100400,187,99087,187,100411,100,99060,187,100463,100,99017,100,100471,100,99006,100,100478,100,98967,100,100523,100,98884,100,100538,100,98864,100,,,98808,100
2019-06-28 10:04:50.000000000,100377,189,100326,189,100387,187,99638,187,100400,187,99087,187,100411,100,99060,100,100463,100,99017,100,100471,100,99006,100,100478,100,98967,100,100523,100,98884,100,100538,100,98864,100,,,98808,100
2019-06-28 10:04:53.208936731,100377,189,100326,89,100387,187,99638,187,100400,187,99087,187,100411,100,99060,100,100463,100,99017,100,100471,100,99006,100,100478,100,98967,100,100523,100,98884,100,100538,100,98864,100,,,98808,100
2019-06-28 10:05:00.000000000,100377,153,99638,153,100387,153,99087,153,100400,153,99060,153,100411,153,99017,153,100463,153,99006,153,100471,100,98967,100,100478,100,98884,100,100523,100,98864,100,100538,100,98808,100,,,98671,100
2019-06-28 10:05:00.177017538,100377,153,100161,100,100387,153,99638,153,100400,153,99087,153,100411,153,99060,153,100463,153,99017,153,100471,100,99006,153,100478,100,98967,100,100523,100,98884,100,100538,100,98864,100,,,98808,100
2019-06-28 10:05:10.000000000,100377,153,100161,153,100387,153,99638,153,100400,153,99087,153,100411,153,99060,153,100463,153,99017,153,100471,100,99006,100,100478,100,98967,100,100523,100,98884,100,100538,100,98864,100,,,98808,100
2019-06-28 10:05:13.221494853,100377,153,100161,53,100387,153,99638,153,100400,153,99087,153,100411,153,99060,153,100463,153,99017,153,100471,100,99006,100,100478,100,98967,100,100523,100,98884,100,100538,100,98864,100,,,98808,100
2019-06-28 10:05:18.120512329,100377,153,100161,53,100387,153,100044,100,100400,153,99638,153,100411,153,99087,153,100463,153,99060,153,100471,100,99017,153,100478,100,99006,100,100523,100,98967,100,100538,100,98884,100,,,98864,100
2019-06-28 10:05:20.000000000,100377,153,100044,153,100387,153,99638,153,100400,153,99087,153,100411,153,99060,153,100463,153,99017,153,100471,100,99006,100,100478,100,98967,100,100523,100,98884,100,100538,100,98864,100,,,98808,100
2019-06-28 10:05:30.000000000,100377,363,100044,363,100387,100,99638,100,100400,100,99087,100,100411,100,99060,100,100463,100,99017,100,100471,100,99006,100,100478,100,98967,100,100523,100,98884,100,100538,100,98864,100,,,98808,100
2019-06-28 10:05:37.057578234,100338,100,100044,363,100377,363,99638,100,100387,100,99087,100,100400,100,99060,100,100411,100,99017,100,100463,100,99006,100,100471,100,98967,100,100478,100,98884,100,100523,100,98864,100,100538,100,98808,100
2019-06-28 10:05:38.680329697,100338,100,100044,363,100377,363,99928,100,100387,100,99638,100,100400,100,99087,100,100411,100,99060,100,100463,100,99017,100,100478,100,99006,100,100523,100,98967,100,100538,100,98884,100,,,98864,100
2019-06-28 10:05:40.000000000,100338,189,100044,189,100377,187,99928,187,100387,187,99638,187,100400,100,99087,100,100411,100,99060,100,100463,100,99017,100,100478,100,99006,100,100523,100,98967,100,100538,100,98884,100,,,98864,100
2019-06-28 10:05:45.008927418,100326,100,100044,189,100338,189,99928,187,100377,187,99638,187,100387,187,99087,100,100400,100,99060,100,100411,100,99017,100,100463,100,99006,100,100478,100,98967,100,100523,100,98884,100,100538,100,98864,100
2019-06-28 10:05:50.000000000,100326,166,100044,166,100338,166,99928,166,100377,166,99638,166,100387,166,99087,166,100400,100,99060,100,100411,100,99017,100,100463,100,99006,100,100478,100,98967,100,100523,100,98884,100,100538,100,98864,100
2019-06-28 10:05:56.892813972,100201,100,100044,166,100326,166,99928,166,100338,166,99638,166,100377,166,99087,166,100387,166,99060,100,100400,100,99017,100,100411,100,99006,100,100463,100,98967,100,100478,100,98884,100,100523,100,98864,100
2019-06-28 10:06:00.000000000,100201,153,100044,153,100326,153,99928,153,100338,153,99638,153,100377,153,99087,153,100387,153,99060,153,100400,100,99017,100,100411,100,99006,100,100463,100,98967,100,100478,100,98884,100,100523,100,98864,100
2019-06-28 10:06:00.589088311,100201,153,100066,100,100326,153,100044,153,100338,153,99928,153,100377,153,99638,153,100387,153,99087,153,100400,100,99060,153,100411,100,99017,100,100463,100,99006,100,100478,100,98967,100,100523,100,98884,100
2019-06-28 10:06:10.000000000,100201,189,100066,189,100326,187,100044,187,100338,187,99928,187,100377,100,99638,100,100387,100,99087,100,100400,100,99060,100,100411,100,99017,100,100463,100,99006,100,100478,100,98967,100,100523,100,98884,100
2019-06-28 10:06:11.597278769,100201,189,100066,189,100326,287,100044,187,100338,187,99928,187,100377,100,99638,100,100387,100,99087,100,100400,100,99060,100,100411,100,99017,100,100463,100,99006,100,100478,100,98967,100,100523,100,98884,100
2019-06-28 10:06:20.000000000,100201,153,100066,153,100326,253,100044,153,100338,153,99928,153,100377,153,99638,153,100387,153,99087,153,100400,100,99060,100,100411,100,99017,100,100463,100,99006,100,100478,100,98967,100,100523,100,98884,100
2019-06-28 10:06:30.000000000,100201,363,100066,363,100326,200,100044,100,100338,100,99928,100,100377,100,99638,100,100387,100,99087,100,100400,100,99060,100,100411,100,99017,100,100463,100,99006,100,100478,100,98967,100,100523,100,98884,100
2019-06-28 10:06:35.398385715,100201,363,100066,263,100326,200,100044,100,100338,100,99928,100,100377,100,99638,100,100387,100,99087,100,100400,100,99060,100,100411,100,99017,100,100463,100,99006,100,100478,100,98967,100,100523,100,98884,100
2019-06-28 10:06:37.548774382,100201,363,100066,163,100326,200,100044,100,100338,100,99928,100,100377,100,99638,100,100387,100,99087,100,100400,100,99060,100,100411,100,99017,100,100463,100,99006,100,100478,100,98967,100,100523,100,98884,100
2019-06-28 10:06:40.000000000,100201,232,100044,232,100326,332,99928,232,100338,100,99638,100,100377,100,99087,100,100387,100,99060,100,100400,100,99017,100,100411,100,99006,100,100463,100,98967,100,100478,100,98884,100,100523,100,98864,100
2019-06-28 10:06:50.000000000,100201,363,100044,363,100326,200,99928,100,100338,100,99638,100,100377,100,99087,100,100387,100,99060,100,100400,100,99017,100,100411,100,99006,100,100463,100,98967,100,100478,100,98884,100,100523,100,98864,100
