,ask_price_1,ask_size_1,bid_price_1,bid_size_1,ask_price_2,ask_size_2,bid_price_2,bid_size_2,ask_price_3,ask_size_3,bid_price_3,bid_size_3,ask_price_4,ask_size_4,bid_price_4,bid_size_4,ask_price_5,ask_size_5,bid_price_5,bid_size_5,ask_price_6,ask_size_6,bid_price_6,bid_size_6,ask_price_7,ask_size_7,bid_price_7,bid_size_7,ask_price_8,ask_size_8,bid_price_8,bid_size_8,ask_price_9,ask_size_9,bid_price_9,bid_size_9,ask_price_10,ask_size_10,bid_price_10,bid_size_10
2019-06-28 09:30:00.000000000,100098,100,,,,,,,,,,,,,,,,,,,,,,,,,,,,,,,,,,,,,,
2019-06-28 09:30:00.000000001,100021,100,,,100098,100,,,100117,100,,,,,,,,,,,,,,,,,,,,,,,,,,,,,,
2019-06-28 09:30:00.000000004,100021,100,,,100098,100,,,100102,100,,,100117,100,,,,,,,,,,,,,,,,,,,,,,,,,,
2019-06-28 09:30:00.000000010,100021,100,,,100098,100,,,100102,100,,,100117,100,,,100129,100,,,,,,,,,,,,,,,,,,,,,,
2019-06-28 09:30:00.000000011,100021,100,,,100086,100,,,100098,100,,,100102,100,,,100117,100,,,100128,100,,,100129,100,,,,,,,,,,,,,,
2019-06-28 09:30:00.000000014,100021,100,99893,100,100086,100,,,100098,100,,,100102,100,,,100117,100,,,100128,100,,,100129,100,,,,,,,,,,,,,,
2019-06-28 09:30:00.000000015,99996,100,99893,100,100021,100,99830,100,100086,100,,,100092,100,,,100098,100,,,100102,100,,,100117,100,,,100128,100,,,100129,100,,,100214,100,,
2019-06-28 09:30:00.000000017,99996,100,99893,100,100021,100,99830,100,100086,100,,,100092,100,,,100098,100,,,100102,100,,,100117,100,,,100128,100,,,100129,100,,,100186,100,,
2019-06-28 09:30:00.000000020,99996,100,99893,100,100021,100,99830,100,100086,100,,,100092,100,,,100098,100,,,100102,100,,,100113,100,,,100117,100,,,100128,100,,,100129,100,,
2019-06-28 09:30:00.000000021,99924,100,99893,100,99996,100,99830,100,100021,100,,,100086,100,,,100092,100,,,100098,100,,,100102,100,,,100113,100,,,100117,100,,,100128,100,,
2019-06-28 09:30:00.000000022,99996,100,99895,100,100021,100,99893,100,100071,100,99830,100,100086,100,,,100092,100,,,100098,100,,,100102,100,,,100113,100,,,100117,100,,,100128,100,,
2019-06-28 09:30:00.000000024,99952,100,99895,100,99996,100,99893,100,100021,100,99830,100,100071,100,,,100086,100,,,100092,100,,,100098,100,,,100102,100,,,100113,100,,,100117,100,,
2019-06-28 09:30:00.000000027,99952,100,99895,100,99996,100,99893,100,100018,100,99830,100,100021,100,,,100071,100,,,100086,100,,,100092,100,,,100098,100,,,100102,100,,,100113,100,,
2019-06-28 09:30:00.000000028,99952,100,99895,100,99996,100,99893,100,100018,100,99830,100,100021,100,,,100071,100,,,100086,100,,,100088,100,,,100092,100,,,100098,100,,,100102,100,,
2019-06-28 09:30:00.000000030,99952,100,99895,100,99996,100,99893,100,100018,100,99830,100,100021,100,,,100064,100,,,100071,100,,,100086,100,,,100088,100,,,100092,100,,,100098,100,,
2019-06-28 09:30:00.000000031,99952,100,99895,100,99996,100,99893,100,100018,100,99830,100,100021,100,,,100062,100,,,100064,100,,,100071,100,,,100086,100,,,100088,100,,,100092,100,,
2019-06-28 09:30:00.000000032,99952,100,99895,100,99996,100,99893,100,100018,100,99830,100,100021,100,,,100062,100,,,100064,100,,,100071,100,,,100086,100,,,100088,100,,,100092,100,,
2019-06-28 09:30:00.000000034,99996,100,99895,100,100018,100,99893,100,100021,100,99830,100,100062,100,,,100064,100,,,100071,100,,,100086,100,,,100088,100,,,100092,100,,,100098,100,,
2019-06-28 09:30:00.000000037,99996,100,99967,100,100018,100,99895,100,100020,100,99893,100,100021,100,99830,100,100062,100,,,100064,100,,,100071,100,,,100086,100,,,100088,100,,,100092,100,,
2019-06-28 09:30:00.000000042,99996,100,99967,100,100018,100,99924,100,100020,100,99895,100,100021,100,99893,100,100062,100,99830,100,100064,100,,,100071,100,,,100086,100,,,100088,100,,,100092,100,,
2019-06-28 09:30:00.000000044,99984,100,99967,100,99996,100,99924,100,100018,100,99895,100,100020,100,99893,100,100021,100,99830,100,100047,100,,,100062,100,,,100064,100,,,100071,100,,,100086,100,,
2019-06-28 09:30:00.000000046,99996,100,99967,100,100018,100,99924,100,100020,100,99895,100,100021,100,99893,100,100047,100,99830,100,100062,100,,,100064,100,,,100071,100,,,100086,100,,,100088,100,,
2019-06-28 09:30:00.000000047,99988,100,99967,100,99996,100,99924,100,100018,100,99895,100,100020,100,99893,100,100021,100,99830,100,100034,100,,,100047,100,,,100062,100,,,100064,100,,,100071,100,,
2019-06-28 09:30:00.000000049,99988,100,99967,100,99996,100,99924,100,100018,100,99895,100,100020,100,99893,100,100021,100,99830,100,100034,100,,,100042,100,,,100047,100,,,100062,100,,,100064,100,,
2019-06-28 09:30:00.000000050,99984,100,99967,100,99988,100,99924,100,99996,100,99895,100,100018,100,99893,100,100020,100,99830,100,100021,100,,,100034,100,,,100042,100,,,100047,100,,,100062,100,,
2019-06-28 09:30:00.000000051,99984,100,99967,100,99988,100,99924,100,99996,100,99895,100,100018,100,99893,100,100020,100,99830,100,100021,100,,,100034,100,,,100042,100,,,100047,100,,,100059,100,,
2019-06-28 09:30:00.000000053,99988,100,99967,100,99996,100,99924,100,100018,100,99895,100,100020,100,99893,100,100021,100,99830,100,100034,100,,,100042,100,,,100047,100,,,100059,100,,,100062,100,,
2019-06-28 09:30:00.000000054,99988,100,99967,100,99996,100,99943,100,100018,100,99924,100,100020,100,99895,100,100021,100,99893,100,100034,100,99830,100,100042,100,,,100047,100,,,100059,100,,,100062,100,,
2019-06-28 09:30:00.000000056,99988,100,99967,100,99996,100,99943,100,100015,100,99924,100,100018,100,99895,100,100020,100,99893,100,100021,100,99830,100,100034,100,,,100042,100,,,100047,100,,,100059,100,,
2019-06-28 09:30:00.000000059,99988,100,99967,100,99996,100,99943,100,100015,100,99924,100,100018,100,99895,100,100020,100,99893,100,100021,100,99830,100,100034,100,,,100042,100,,,100047,100,,,100059,100,,
2019-06-28 09:30:00.000000060,99996,100,99967,100,100015,100,99943,100,100018,100,99924,100,100020,100,99895,100,100021,100,99893,100,100034,100,99830,100,100042,100,,,100047,100,,,100059,100,,,100062,100,,
2019-06-28 09:30:00.000000062,99996,100,99967,100,100015,100,99943,100,100018,100,99924,100,100020,100,99895,100,100021,100,99893,100,100034,100,99830,100,100042,100,,,100047,100,,,100059,100,,,100062,100,,
2019-06-28 09:30:00.000000064,99996,100,99967,100,100015,100,99943,100,100018,100,99924,100,100020,100,99895,100,100021,100,99893,100,100034,100,99830,100,100042,100,99763,100,100047,100,,,100059,100,,,100062,100,,
2019-06-28 09:30:00.000000065,99996,100,99967,100,100015,100,99943,100,100018,100,99924,100,100020,100,99895,100,100021,100,99893,100,100034,100,99830,100,100042,100,99763,100,100047,100,,,100059,100,,,100062,100,,
2019-06-28 09:30:00.000000069,99996,100,99967,100,100015,100,99943,100,100018,100,99924,100,100020,100,99895,100,100021,100,99893,100,100034,100,99830,100,100042,100,99763,100,100047,100,,,100059,100,,,100062,100,,
2019-06-28 09:30:00.000000071,99996,100,99967,100,100015,100,99943,100,100018,100,99924,100,100020,100,99895,100,100021,100,99893,100,100034,100,99830,100,100038,100,99763,100,100042,100,,,100047,100,,,100059,100,,
2019-06-28 09:30:00.000000074,99996,100,99967,100,100015,100,99943,100,100018,100,99924,100,100020,100,99895,100,100021,100,99893,100,100034,100,99830,100,100038,100,99763,100,100042,100,,,100047,100,,,100059,100,,
2019-06-28 09:30:00.000000075,100015,100,99967,100,100018,100,99943,100,100020,100,99924,100,100021,100,99895,100,100034,100,99893,100,100038,100,99830,100,100042,100,99763,100,100047,100,,,100059,100,,,100062,100,,
2019-06-28 09:30:00.000000080,100015,100,99967,100,100018,100,99943,100,100020,100,99924,100,100021,100,99895,100,100034,100,99893,100,100038,100,99830,100,100042,100,99763,100,100047,100,,,100059,100,,,100062,100,,
2019-06-28 09:30:00.000000081,99996,100,99967,100,100015,100,99943,100,100018,100,99924,100,100020,100,99895,100,100021,100,99893,100,100034,100,99830,100,100038,100,99818,100,100042,100,99763,100,100047,100,,,100059,100,,
2019-06-28 09:30:00.000000082,99996,100,99967,100,100015,100,99943,100,100018,100,99924,100,100020,100,99895,100,100021,100,99893,100,100034,100,99868,100,100038,100,99830,100,100042,100,99818,100,100047,100,99763,100,100059,100,,
2019-06-28 09:30:00.000000086,99996,100,99988,100,100015,100,99967,100,100018,100,99943,100,100020,100,99924,100,100021,100,99895,100,100034,100,99893,100,100038,100,99868,100,100042,100,99830,100,100047,100,99818,100,100059,100,99763,100
2019-06-28 09:30:00.000000088,99996,200,99988,100,100015,100,99967,100,100018,100,99943,100,100020,100,99924,100,100021,100,99895,100,100034,100,99893,100,100038,100,99868,100,100042,100,99830,100,100047,100,99818,100,100059,100,99763,100
2019-06-28 09:30:00.000000089,99996,200,99988,100,100015,100,99967,100,100018,100,99943,100,100020,100,99924,100,100021,100,99895,100,100034,100,99893,100,100038,100,99868,100,100042,100,99830,100,100047,100,99818,100,100059,100,99763,100
2019-06-28 09:30:00.000000090,99996,200,99967,100,100015,100,99943,100,100018,100,99924,100,100020,100,99895,100,100021,100,99893,100,100034,100,99868,100,100038,100,99830,100,100042,100,99818,100,100047,100,99763,100,100059,100,,
2019-06-28 09:30:00.000000091,99989,100,99967,100,99996,200,99943,100,100015,100,99924,100,100018,100,99895,100,100020,100,99893,100,100021,100,99868,100,100034,100,99830,100,100038,100,99818,100,100042,100,99763,100,100047,100,,
2019-06-28 09:30:00.000000092,99988,100,99967,100,99989,100,99943,100,99996,200,99924,100,100015,100,99895,100,100018,100,99893,100,100020,100,99868,100,100021,100,99830,100,100034,100,99818,100,100038,100,99763,100,100042,100,,
2019-06-28 09:30:00.000000094,99988,100,99967,100,99989,100,99943,100,99996,200,99928,100,100015,100,99924,100,100018,100,99895,100,100020,100,99893,100,100021,100,99868,100,100034,100,99830,100,100038,100,99818,100,100042,100,99763,100
2019-06-28 09:30:00.000000099,99988,200,99967,100,99989,100,99943,100,99996,200,99928,100,100015,100,99924,100,100018,100,99895,100,100020,100,99893,100,100021,100,99868,100,100034,100,99830,100,100038,100,99818,100,100042,100,99763,100
2019-06-28 09:30:10.000000000,99988,291,99967,191,99989,191,99943,191,99996,291,99928,191,100015,191,99924,191,100018,191,99895,191,100020,100,99893,100,100021,100,99868,100,100034,100,99830,100,100038,100,99818,100,100042,100,99763,100
2019-06-28 09:30:14.187433427,99988,291,99967,91,99989,191,99943,191,99996,291,99928,191,100015,191,99924,191,100018,191,99895,191,100020,100,99893,100,100021,100,99868,100,100034,100,99830,100,100038,100,99818,100,100042,100,99763,100
2019-06-28 09:30:20.000000000,99988,657,99943,557,99989,100,99928,100,99996,200,99924,100,100015,100,99895,100,100018,100,99893,100,100020,100,99868,100,100021,100,99830,100,100034,100,99818,100,100038,100,99763,100,100042,100,,
2019-06-28 09:30:20.547759747,99988,657,99943,557,99989,100,99928,100,99996,200,99924,100,100015,100,99895,100,100018,100,99893,100,100020,100,99868,100,100021,100,99830,100,100034,100,99818,100,100038,100,99763,100,100042,100,99754,100
2019-06-28 09:30:27.402709569,99988,657,99943,557,99989,100,99928,100,99996,200,99924,100,100015,100,99895,100,100018,100,99893,100,100021,100,99868,100,100034,100,99849,100,100038,100,99830,100,100042,100,99818,100,100047,100,99763,100
2019-06-28 09:30:30.000000000,99988,355,99943,255,99989,251,99928,251,99996,351,99924,251,100015,100,99895,100,100018,100,99893,100,100021,100,99868,100,100034,100,99849,100,100038,100,99830,100,100042,100,99818,100,100047,100,99763,100
2019-06-28 09:30:38.221735206,99988,355,99943,155,99989,251,99928,251,99996,351,99924,251,100015,100,99895,100,100018,100,99893,100,100021,100,99868,100,100034,100,99849,100,100038,100,99830,100,100042,100,99818,100,100047,100,99763,100
2019-06-28 09:30:40.000000000,99988,355,99928,255,99989,251,99924,251,99996,351,99895,251,100015,100,99893,100,100018,100,99868,100,100021,100,99849,100,100034,100,99830,100,100038,100,99818,100,100042,100,99763,100,100047,100,99754,100
2019-06-28 09:30:43.899217530,99967,100,99928,255,99988,355,99924,251,99989,251,99895,251,99996,351,99893,100,100015,100,99868,100,100018,100,99849,100,100021,100,99830,100,100034,100,99818,100,100038,100,99763,100,100042,100,99754,100
2019-06-28 09:30:50.000000000,99967,191,99928,191,99988,291,99924,191,99989,191,99895,191,99996,291,99893,191,100015,191,99868,191,100018,100,99849,100,100021,100,99830,100,100034,100,99818,100,100038,100,99763,100,100042,100,99754,100
2019-06-28 09:31:00.000000000,99967,328,99928,328,99988,428,99924,328,99989,100,99895,100,99996,200,99893,100,100015,100,99868,100,100018,100,99849,100,100021,100,99830,100,100034,100,99818,100,100038,100,99763,100,100042,100,99754,100
2019-06-28 09:31:10.000000000,99967,328,99928,328,99988,428,99924,328,99989,100,99895,100,99996,200,99893,100,100015,100,99868,100,100018,100,99849,100,100021,100,99830,100,100034,100,99818,100,100038,100,99763,100,100042,100,99754,100
2019-06-28 09:31:17.121049563,99967,328,99928,328,99988,428,99924,328,99989,100,99895,100,99996,200,99893,100,100015,100,99868,100,100018,100,99849,100,100021,100,99830,100,100034,100,99818,100,100038,100,99763,100,100042,100,99754,100
2019-06-28 09:31:20.000000000,99967,255,99928,255,99988,351,99924,251,99989,251,99895,251,99996,200,99893,100,100015,100,99868,100,100018,100,99849,100,100021,100,99830,100,100034,100,99818,100,100038,100,99763,100,100042,100,99754,100
2019-06-28 09:31:30.000000000,99967,255,99928,255,99988,351,99924,251,99989,251,99895,251,99996,200,99893,100,100015,100,99868,100,100018,100,99849,100,100021,100,99830,100,100034,100,99818,100,100038,100,99763,100,100042,100,99754,100
2019-06-28 09:31:39.768694870,99967,255,99928,155,99988,351,99924,251,99989,251,99895,251,99996,200,99893,100,100015,100,99868,100,100018,100,99849,100,100021,100,99830,100,100034,100,99818,100,100038,100,99763,100,100042,100,99754,100
2019-06-28 09:31:40.000000000,99967,557,99924,557,99988,200,99895,100,99989,100,99893,100,99996,200,99868,100,100015,100,99849,100,100018,100,99830,100,100021,100,99818,100,100034,100,99763,100,100038,100,99754,100,100042,100,99316,100
2019-06-28 09:31:44.967884516,99967,557,99924,457,99988,200,99895,100,99989,100,99893,100,99996,200,99868,100,100015,100,99849,100,100018,100,99830,100,100021,100,99818,100,100034,100,99763,100,100038,100,99754,100,100042,100,99316,100
2019-06-28 09:31:45.899726919,99967,557,99924,457,99988,200,99895,100,99989,100,99893,100,99996,200,99868,100,100015,100,99849,100,100018,100,99830,100,100021,100,99818,100,100034,100,99763,100,100036,100,99754,100,100038,100,99316,100
2019-06-28 09:31:50.000000000,99967,255,99895,255,99988,351,99893,251,99989,251,99868,251,99996,200,99849,100,100015,100,99830,100,100018,100,99818,100,100021,100,99763,100,100034,100,99754,100,100036,100,99316,100,100038,100,,
2019-06-28 09:32:00.000000000,99967,557,99895,557,99988,200,99893,100,99989,100,99868,100,99996,200,99849,100,100015,100,99830,100,100018,100,99818,100,100021,100,99763,100,100034,100,99754,100,100036,100,99316,100,100038,100,,
2019-06-28 09:32:08.618131873,99922,100,99895,557,99967,557,99868,100,99988,200,99849,100,99989,100,99830,100,99996,200,99818,100,100015,100,99763,100,100018,100,99754,100,100021,100,99316,100,100034,100,,,100036,100,,
2019-06-28 09:32:10.000000000,99922,328,99895,328,99967,328,99868,328,99988,200,99849,100,99989,100,99830,100,99996,200,99818,100,100015,100,99763,100,100018,100,99754,100,100021,100,99316,100,100034,100,,,100036,100,,
2019-06-28 09:32:16.001371917,99922,228,99895,328,99967,328,99868,328,99988,200,99849,100,99989,100,99830,100,99996,200,99818,100,100015,100,99763,100,100018,100,99754,100,100021,100,99316,100,100034,100,,,100036,100,,
2019-06-28 09:32:20.000000000,99967,328,99895,328,99988,428,99868,328,99989,100,99849,100,99996,200,99830,100,100015,100,99818,100,100018,100,99763,100,100021,100,99754,100,100034,100,99316,100,100036,100,,,100038,100,,
2019-06-28 09:32:20.899360234,99920,100,99895,328,99967,328,99868,328,99988,428,99849,100,99989,100,99830,100,99996,200,99818,100,100015,100,99754,100,100018,100,99316,100,100021,100,,,100034,100,,,100036,100,,
2019-06-28 09:32:23.917595013,99967,228,99895,328,99988,428,99868,328,99989,100,99849,100,99996,200,99830,100,100015,100,99818,100,100018,100,99754,100,100021,100,99316,100,100034,100,,,100036,100,,,100038,100,,
2019-06-28 09:32:30.000000000,99988,314,99895,214,99989,214,99868,214,99996,314,99849,214,100015,214,99830,214,100018,100,99818,100,100021,100,99754,100,100034,100,99316,100,100036,100,,,100038,100,,,100042,100,,
2019-06-28 09:32:36.472336477,99988,314,99920,100,99989,214,99895,214,99996,314,99868,214,100015,214,99849,214,100018,100,99830,214,100021,100,99818,100,100034,100,99754,100,100036,100,99316,100,100038,100,,,100042,100,,
2019-06-28 09:32:40.000000000,99988,355,99920,255,99989,251,99895,251,99996,351,99868,251,100015,100,99849,100,100018,100,99830,100,100021,100,99818,100,100034,100,99754,100,100036,100,99316,100,100038,100,,,100042,100,,
2019-06-28 09:32:41.337074821,99988,355,99920,255,99989,251,99895,251,99996,351,99868,251,100015,100,99849,100,100018,100,99830,100,100021,100,99818,100,100034,100,99810,100,100036,100,99754,100,100038,100,99316,100,100042,100,,
2019-06-28 09:32:44.160463642,99988,355,99920,355,99989,251,99895,251,99996,351,99868,251,100015,100,99849,100,100018,100,99830,100,100021,100,99818,100,100034,100,99810,100,100036,100,99754,100,100038,100,99316,100,100042,100,,
2019-06-28 09:32:49.758740104,99988,355,99961,100,99989,251,99920,355,99996,351,99895,251,100015,100,99868,251,100018,100,99849,100,100021,100,99830,100,100036,100,99818,100,100038,100,99810,100,100042,100,99754,100,100047,100,99316,100
2019-06-28 09:32:50.000000000,99988,291,99961,191,99989,191,99920,291,99996,291,99895,191,100015,191,99868,191,100018,191,99849,191,100021,100,99830,100,100036,100,99818,100,100038,100,99810,100,100042,100,99754,100,100047,100,99316,100
2019-06-28 09:33:00.000000000,99988,657,99961,557,99989,100,99920,200,99996,200,99895,100,100015,100,99868,100,100018,100,99849,100,100021,100,99830,100,100036,100,99818,100,100038,100,99810,100,100042,100,99754,100,100047,100,99316,100
2019-06-28 09:33:00.460274505,99988,657,99961,557,99989,100,99920,200,99996,200,99895,100,100015,100,99868,100,100018,100,99849,100,100021,100,99830,100,100036,100,99818,100,100038,100,99810,100,100042,100,99754,100,100047,100,99316,100
2019-06-28 09:33:10.000000000,99988,291,99961,191,99989,191,99920,291,99996,291,99895,191,100015,191,99868,191,100018,191,99849,191,100021,100,99830,100,100036,100,99818,100,100038,100,99810,100,100042,100,99754,100,100047,100,99316,100
2019-06-28 09:33:12.023821456,99988,291,99961,191,99989,191,99920,391,99996,291,99895,191,100015,191,99868,191,100018,191,99849,191,100021,100,99830,100,100036,100,99818,100,100038,100,99810,100,100042,100,99754,100,100047,100,99316,100
2019-06-28 09:33:20.000000000,99988,291,99961,191,99989,191,99920,391,99996,291,99895,191,100015,191,99868,191,100018,191,99849,191,100021,100,99830,100,100036,100,99818,100,100038,100,99810,100,100042,100,99754,100,100047,100,99316,100
2019-06-28 09:33:22.939323910,99988,191,99961,191,99989,191,99920,391,99996,291,99895,191,100015,191,99868,191,100018,191,99849,191,100021,100,99830,100,100036,100,99818,100,100038,100,99810,100,100042,100,99754,100,100047,100,99316,100
2019-06-28 09:33:25.077511270,99988,191,99961,191,99989,191,99920,391,99996,291,99895,191,100015,191,99868,191,100018,191,99849,191,100021,100,99830,100,100036,100,99818,100,100038,100,99810,100,100042,100,99754,100,100047,100,99316,100
2019-06-28 09:33:30.000000000,99988,328,99961,328,99989,328,99920,528,99996,200,99895,100,100015,100,99868,100,100018,100,99849,100,100021,100,99830,100,100036,100,99818,100,100038,100,99810,100,100042,100,99754,100,100047,100,99316,100
2019-06-28 09:33:32.468326163,99988,228,99961,328,99989,328,99920,528,99996,200,99895,100,100015,100,99868,100,100018,100,99849,100,100021,100,99830,100,100036,100,99818,100,100038,100,99810,100,100042,100,99754,100,100047,100,99316,100
2019-06-28 09:33:40.000000000,99989,255,99961,255,99996,351,99920,451,100015,251,99895,251,100018,100,99868,100,100021,100,99849,100,100036,100,99830,100,100038,100,99818,100,100042,100,99810,100,100047,100,99754,100,100062,100,99316,100
2019-06-28 09:33:44.066218718,99989,255,99961,255,99996,251,99920,451,100015,251,99895,251,100018,100,99868,100,100021,100,99849,100,100036,100,99830,100,100038,100,99818,100,100042,100,99810,100,100047,100,99754,100,100062,100,99316,100
2019-06-28 09:33:45.164107542,99989,155,99961,255,99996,251,99920,451,100015,251,99895,251,100018,100,99868,100,100021,100,99849,100,100036,100,99830,100,100038,100,99818,100,100042,100,99810,100,100047,100,99754,100,100062,100,99316,100
2019-06-28 09:33:50.000000000,99996,557,99961,557,100015,100,99920,300,100018,100,99895,100,100021,100,99868,100,100036,100,99849,100,100038,100,99830,100,100042,100,99818,100,100047,100,99810,100,100062,100,99754,100,100064,100,99316,100
2019-06-28 09:34:00.000000000,99996,328,99961,328,100015,328,99920,528,100018,100,99895,100,100021,100,99868,100,100036,100,99849,100,100038,100,99830,100,100042,100,99818,100,100047,100,99810,100,100062,100,99754,100,100064,100,99316,100
2019-06-28 09:34:10.000000000,99996,557,99961,557,100015,100,99920,300,100018,100,99895,100,100021,100,99868,100,100036,100,99849,100,100038,100,99830,100,100042,100,99818,100,100047,100,99810,100,100062,100,99754,100,100064,100,99316,100
2019-06-28 09:34:20.000000000,99996,191,99961,191,100015,191,99920,391,100018,191,99895,191,100021,191,99868,191,100036,191,99849,191,100038,100,99830,100,100042,100,99818,100,100047,100,99810,100,100062,100,99754,100,100064,100,99316,100
2019-06-28 09:34:30.000000000,99996,255,99961,255,100015,251,99920,451,100018,251,99895,251,100021,100,99868,100,100036,100,99849,100,100038,100,99830,100,100042,100,99818,100,100047,100,99810,100,100062,100,99754,100,100064,100,99316,100
2019-06-28 09:34:31.792085716,99996,255,99988,100,100015,251,99961,255,100018,251,99920,451,100021,100,99895,251,100036,100,99868,100,100038,100,99849,100,100042,100,99830,100,100047,100,99818,100,100062,100,99810,100,100064,100,99754,100
2019-06-28 09:34:40.000000000,99996,557,99988,557,100015,100,99961,100,100018,100,99920,300,100021,100,99895,100,100036,100,99868,100,100038,100,99849,100,100042,100,99830,100,100047,100,99818,100,100062,100,99810,100,100064,100,99754,100
2019-06-28 09:34:50.000000000,99996,191,99988,191,100015,191,99961,191,100018,191,99920,391,100021,191,99895,191,100036,191,99868,191,100038,100,99849,100,100042,100,99830,100,100047,100,99818,100,100062,100,99810,100,100064,100,99754,100
2019-06-28 09:35:00.000000000,99996,214,99988,214,100015,214,99961,214,100018,214,99920,414,100021,214,99895,214,100036,100,99868,100,100038,100,99849,100,100042,100,99830,100,100047,100,99818,100,100062,100,99810,100,100064,100,99754,100
2019-06-28 09:35:10.000000000,99996,214,99988,214,100015,214,99961,214,100018,214,99920,414,100021,214,99895,214,100036,100,99868,100,100038,100,99849,100,100042,100,99830,100,100047,100,99818,100,100062,100,99810,100,100064,100,99754,100
2019-06-28 09:35:11.925214518,99996,214,99988,214,100015,214,99961,214,100018,214,99920,414,100021,214,99895,214,100036,100,99868,100,100038,100,99849,100,100042,100,99830,100,100062,100,99818,100,100064,100,99810,100,100071,100,99754,100
2019-06-28 09:35:20.000000000,99996,214,99988,214,100015,214,99961,214,100018,214,99920,414,100021,214,99895,214,100036,100,99868,100,100038,100,99849,100,100042,100,99830,100,100062,100,99818,100,100064,100,99810,100,100071,100,99754,100
2019-06-28 09:35:23.950509458,99996,114,99988,214,100015,214,99961,214,100018,214,99920,414,100021,214,99895,214,100036,100,99868,100,100038,100,99849,100,100042,100,99830,100,100062,100,99818,100,100064,100,99810,100,100071,100,99754,100
2019-06-28 09:35:26.648383229,99996,114,99989,100,100015,214,99988,214,100018,214,99961,214,100021,214,99920,414,100036,100,99895,214,100038,100,99868,100,100042,100,99849,100,100062,100,99830,100,100064,100,99818,100,100071,100,99810,100
2019-06-28 09:35:30.000000000,100015,557,99989,557,100018,100,99988,100,100021,100,99961,100,100036,100,99920,300,100038,100,99895,100,100042,100,99868,100,100062,100,99849,100,100064,100,99830,100,100071,100,99818,100,100079,100,99810,100
2019-06-28 09:35:30.567913451,100015,557,99989,657,100018,100,99988,100,100021,100,99961,100,100036,100,99920,300,100038,100,99895,100,100042,100,99868,100,100062,100,99849,100,100064,100,99830,100,100071,100,99818,100,100079,100,99810,100
2019-06-28 09:35:40.000000000,100015,557,99989,657,100018,100,99988,100,100021,100,99961,100,100036,100,99920,300,100038,100,99895,100,100042,100,99868,100,100062,100,99849,100,100064,100,99830,100,100071,100,99818,100,100079,100,99810,100
2019-06-28 09:35:50.000000000,100015,214,99989,314,100018,214,99988,214,100021,214,99961,214,100036,214,99920,414,100038,100,99895,100,100042,100,99868,100,100062,100,99849,100,100064,100,99830,100,100071,100,99818,100,100079,100,99810,100
2019-06-28 09:36:00.000000000,100015,557,99989,657,100018,100,99988,100,100021,100,99961,100,100036,100,99920,300,100038,100,99895,100,100042,100,99868,100,100062,100,99849,100,100064,100,99830,100,100071,100,99818,100,100079,100,99810,100
2019-06-28 09:36:10.000000000,100015,255,99989,355,100018,251,99988,251,100021,251,99961,251,100036,100,99920,300,100038,100,99895,100,100042,100,99868,100,100062,100,99849,100,100064,100,99830,100,100071,100,99818,100,100079,100,99810,100
2019-06-28 09:36:12.341729957,100015,255,99989,355,100018,251,99988,251,100021,251,99961,251,100036,100,99920,200,100038,100,99895,100,100042,100,99868,100,100062,100,99849,100,100064,100,99830,100,100071,100,99818,100,100079,100,99810,100
2019-06-28 09:36:20.000000000,100015,191,99989,291,100018,191,99988,191,100021,191,99961,191,100036,191,99920,291,100038,191,99895,191,100042,100,99868,100,100062,100,99849,100,100064,100,99830,100,100071,100,99818,100,100079,100,99810,100
2019-06-28 09:36:30.000000000,100015,557,99989,657,100018,100,99988,100,100021,100,99961,100,100036,100,99920,200,100038,100,99895,100,100042,100,99868,100,100062,100,99849,100,100064,100,99830,100,100071,100,99818,100,100079,100,99810,100
2019-06-28 09:36:40.000000000,100015,328,99989,428,100018,328,99988,328,100021,100,99961,100,100036,100,99920,200,100038,100,99895,100,100042,100,99868,100,100062,100,99849,100,100064,100,99830,100,100071,100,99818,100,100079,100,99810,100
2019-06-28 09:36:50.000000000,100015,255,99989,355,100018,251,99988,251,100021,251,99961,251,100036,100,99920,200,100038,100,99895,100,100042,100,99868,100,100062,100,99849,100,100064,100,99830,100,100071,100,99818,100,100079,100,99810,100
2019-06-28 09:37:00.000000000,100015,328,99989,428,100018,328,99988,328,100021,100,99961,100,100036,100,99920,200,100038,100,99895,100,100042,100,99868,100,100062,100,99849,100,100064,100,99830,100,100071,100,99818,100,100079,100,99810,100
2019-06-28 09:37:10.000000000,100015,557,99989,657,100018,100,99988,100,100021,100,99961,100,100036,100,99920,200,100038,100,99895,100,100042,100,99868,100,100062,100,99849,100,100064,100,99830,100,100071,100,99818,100,100079,100,99810,100
2019-06-28 09:37:20.000000000,100015,557,99989,657,100018,100,99988,100,100021,100,99961,100,100036,100,99920,200,100038,100,99895,100,100042,100,99868,100,100062,100,99849,100,100064,100,99830,100,100071,100,99818,100,100079,100,99810,100
2019-06-28 09:37:30.000000000,100015,557,99989,657,100018,100,99988,100,100021,100,99961,100,100036,100,99920,200,100038,100,99895,100,100042,100,99868,100,100062,100,99849,100,100064,100,99830,100,100071,100,99818,100,100079,100,99810,100
2019-06-28 09:37:40.000000000,100015,328,99989,428,100018,328,99988,328,100021,100,99961,100,100036,100,99920,200,100038,100,99895,100,100042,100,99868,100,100062,100,99849,100,100064,100,99830,100,100071,100,99818,100,100079,100,99810,100
2019-06-28 09:37:50.000000000,100015,191,99989,291,100018,191,99988,191,100021,191,99961,191,100036,191,99920,291,100038,191,99895,191,100042,100,99868,100,100062,100,99849,100,100064,100,99830,100,100071,100,99818,100,100079,100,99810,100
2019-06-28 09:38:00.000000000,100015,255,99989,355,100018,251,99988,251,100021,251,99961,251,100036,100,99920,200,100038,100,99895,100,100042,100,99868,100,100062,100,99849,100,100064,100,99830,100,100071,100,99818,100,100079,100,99810,100
2019-06-28 09:38:08.724651774,100015,155,99989,355,100018,251,99988,251,100021,251,99961,251,100036,100,99920,200,100038,100,99895,100,100042,100,99868,100,100062,100,99849,100,100064,100,99830,100,100071,100,99818,100,100079,100,99810,100
2019-06-28 09:38:09.568587782,100015,55,99989,355,100018,251,99988,251,100021,251,99961,251,100036,100,99920,200,100038,100,99895,100,100042,100,99868,100,100062,100,99849,100,100064,100,99830,100,100071,100,99818,100,100079,100,99810,100
2019-06-28 09:38:10.000000000,100018,328,99989,428,100021,328,99988,328,100036,100,99961,100,100038,100,99920,200,100042,100,99895,100,100062,100,99868,100,100064,100,99849,100,100071,100,99830,100,100079,100,99818,100,100080,100,99810,100
2019-06-28 09:38:20.000000000,100018,255,99989,355,100021,251,99988,251,100036,251,99961,251,100038,100,99920,200,100042,100,99895,100,100062,100,99868,100,100064,100,99849,100,100071,100,99830,100,100079,100,99818,100,100080,100,99810,100
2019-06-28 09:38:30.000000000,100018,328,99989,428,100021,328,99988,328,100036,100,99961,100,100038,100,99920,200,100042,100,99895,100,100062,100,99868,100,100064,100,99849,100,100071,100,99830,100,100079,100,99818,100,100080,100,99810,100
2019-06-28 09:38:40.000000000,100018,191,99989,291,100021,191,99988,191,100036,191,99961,191,100038,191,99920,291,100042,191,99895,191,100062,100,99868,100,100064,100,99849,100,100071,100,99830,100,100079,100,99818,100,100080,100,99810,100
2019-06-28 09:38:50.000000000,100018,328,99989,428,100021,328,99988,328,100036,100,99961,100,100038,100,99920,200,100042,100,99895,100,100062,100,99868,100,100064,100,99849,100,100071,100,99830,100,100079,100,99818,100,100080,100,99810,100
2019-06-28 09:38:52.482907563,100018,328,100015,100,100021,328,99989,428,100036,100,99988,328,100038,100,99961,100,100042,100,99920,200,100062,100,99868,100,100064,100,99849,100,100071,100,99830,100,100079,100,99818,100,100080,100,99810,100
2019-06-28 09:39:00.000000000,100018,557,100015,557,100021,100,99989,200,100036,100,99988,100,100038,100,99961,100,100042,100,99920,200,100062,100,99868,100,100064,100,99849,100,100071,100,99830,100,100079,100,99818,100,100080,100,99810,100
2019-06-28 09:39:10.000000000,100018,255,100015,255,100021,251,99989,351,100036,251,99988,251,100038,100,99961,100,100042,100,99920,200,100062,100,99868,100,100064,100,99849,100,100071,100,99830,100,100079,100,99818,100,100080,100,99810,100
2019-06-28 09:39:20.000000000,100018,328,100015,328,100021,328,99989,428,100036,100,99988,100,100038,100,99961,100,100042,100,99920,200,100062,100,99868,100,100064,100,99849,100,100071,100,99830,100,100079,100,99818,100,100080,100,99810,100
2019-06-28 09:39:22.413835290,100018,228,100015,328,100021,328,99989,428,100036,100,99988,100,100038,100,99961,100,100042,100,99920,200,100062,100,99868,100,100064,100,99849,100,100071,100,99830,100,100079,100,99818,100,100080,100,99810,100
2019-06-28 09:39:30.000000000,100021,191,100015,191,100036,191,99989,291,100038,191,99988,191,100042,191,99961,191,100062,191,99920,291,100064,100,99868,100,100071,100,99849,100,100079,100,99830,100,100080,100,99818,100,100086,100,99810,100
2019-06-28 09:39:33.127695221,100021,191,100016,100,100036,191,100015,191,100038,191,99989,291,100042,191,99988,191,100062,191,99961,191,100064,100,99920,191,100071,100,99868,100,100079,100,99849,100,100080,100,99830,100,100086,100,99818,100
2019-06-28 09:39:40.000000000,100021,255,100016,255,100036,251,100015,251,100038,251,99989,351,100042,100,99988,100,100062,100,99961,100,100064,100,99920,100,100071,100,99868,100,100079,100,99849,100,100080,100,99830,100,100086,100,99818,100
2019-06-28 09:39:40.626528623,100021,155,100016,255,100036,251,100015,251,100038,251,99989,351,100042,100,99988,100,100062,100,99920,100,100064,100,99868,100,100071,100,99849,100,100079,100,99830,100,100080,100,99818,100,100086,100,99810,100
2019-06-28 09:39:46.610416956,100021,55,100016,255,100036,251,100015,251,100038,251,99989,351,100042,100,99988,100,100062,100,99920,100,100064,100,99868,100,100071,100,99849,100,100079,100,99830,100,100080,100,99818,100,100086,100,99810,100
2019-06-28 09:39:50.000000000,100036,191,100016,191,100038,191,100015,191,100042,191,99989,291,100062,191,99988,191,100064,191,99920,191,100071,100,99868,100,100079,100,99849,100,100080,100,99830,100,100086,100,99818,100,100090,100,99810,100
2019-06-28 09:39:51.540431058,100036,191,100016,191,100038,191,100015,191,100042,191,99989,291,100062,191,99988,191,100064,191,99920,191,100079,100,99868,100,100080,100,99849,100,100086,100,99830,100,100090,100,99818,100,100098,100,99810,100
2019-06-28 09:40:00.000000000,100036,557,100016,557,100038,100,100015,100,100042,100,99989,200,100062,100,99988,100,100064,100,99920,100,100079,100,99868,100,100080,100,99849,100,100086,100,99830,100,100090,100,99818,100,100098,100,99810,100
2019-06-28 09:40:04.706697510,100036,557,100016,557,100038,100,100015,100,100042,100,99989,200,100062,100,99988,100,100064,100,99920,100,100079,100,99868,100,100080,100,99849,100,100086,100,99830,100,100090,100,99818,100,100098,100,99810,100
2019-06-28 09:40:10.000000000,100036,328,100016,328,100038,328,100015,328,100042,100,99989,200,100062,100,99988,100,100064,100,99920,100,100079,100,99868,100,100080,100,99849,100,100086,100,99830,100,100090,100,99818,100,100098,100,99810,100
2019-06-28 09:40:16.835763954,100036,328,100016,328,100038,328,100015,328,100042,100,99989,200,100062,100,99988,100,100064,100,99868,100,100079,100,99849,100,100080,100,99830,100,100086,100,99818,100,100090,100,99810,100,100098,100,99754,100
2019-06-28 09:40:19.861331715,100036,328,100021,100,100038,328,100016,328,100042,100,100015,328,100062,100,99989,200,100064,100,99988,100,100079,100,99868,100,100080,100,99849,100,100086,100,99830,100,100090,100,99818,100,100098,100,99810,100
2019-06-28 09:40:20.000000000,100036,255,100021,255,100038,251,100016,251,100042,251,100015,251,100062,100,99989,200,100064,100,99988,100,100079,100,99868,100,100080,100,99849,100,100086,100,99830,100,100090,100,99818,100,100098,100,99810,100
2019-06-28 09:40:20.882096241,100036,255,100021,255,100038,251,100016,251,100042,251,100015,251,100062,100,99989,100,100064,100,99988,100,100079,100,99868,100,100080,100,99849,100,100086,100,99830,100,100090,100,99818,100,100098,100,99810,100
2019-06-28 09:40:30.000000000,100036,255,100021,255,100038,251,100016,251,100042,251,100015,251,100062,100,99989,100,100064,100,99988,100,100079,100,99868,100,100080,100,99849,100,100086,100,99830,100,100090,100,99818,100,100098,100,99810,100
2019-06-28 09:40:40.000000000,100036,557,100021,557,100038,100,100016,100,100042,100,100015,100,100062,100,99989,100,100064,100,99988,100,100079,100,99868,100,100080,100,99849,100,100086,100,99830,100,100090,100,99818,100,100098,100,99810,100
2019-06-28 09:40:47.018421818,100036,457,100021,557,100038,100,100016,100,100042,100,100015,100,100062,100,99989,100,100064,100,99988,100,100080,100,99868,100,100086,100,99849,100,100090,100,99830,100,100098,100,99818,100,100100,100,99810,100
2019-06-28 09:40:50.000000000,100038,214,100021,214,100042,214,100016,214,100062,214,100015,214,100064,214,99989,214,100080,100,99988,100,100086,100,99868,100,100090,100,99849,100,100098,100,99830,100,100100,100,99818,100,100113,100,99810,100
2019-06-28 09:40:54.526201148,100038,214,100022,100,100042,214,100021,214,100062,214,100016,214,100064,214,100015,214,100080,100,99989,214,100086,100,99988,100,100090,100,99868,100,100098,100,99849,100,100100,100,99830,100,100113,100,99818,100
2019-06-28 09:40:54.733906094,100038,114,100022,100,100042,214,100021,214,100062,214,100016,214,100064,214,100015,214,100080,100,99989,214,100086,100,99988,100,100090,100,99868,100,100098,100,99849,100,100100,100,99830,100,100113,100,99818,100
2019-06-28 09:41:00.000000000,100042,214,100022,214,100062,214,100021,214,100064,214,100016,214,100080,214,100015,214,100086,100,99989,100,100090,100,99988,100,100098,100,99868,100,100100,100,99849,100,100113,100,99830,100,100117,100,99818,100
2019-06-28 09:41:06.541464362,100042,114,100022,214,100062,214,100021,214,100064,214,100016,214,100080,214,100015,214,100086,100,99989,100,100090,100,99988,100,100098,100,99868,100,100100,100,99849,100,100113,100,99830,100,100117,100,99818,100
2019-06-28 09:41:10.000000000,100062,214,100022,214,100064,214,100021,214,100080,214,100016,214,100086,214,100015,214,100090,100,99989,100,100098,100,99988,100,100100,100,99868,100,100113,100,99849,100,100117,100,99830,100,100128,100,99818,100
2019-06-28 09:41:20.000000000,100062,557,100022,557,100064,100,100021,100,100080,100,100016,100,100086,100,100015,100,100090,100,99989,100,100098,100,99988,100,100100,100,99868,100,100113,100,99849,100,100117,100,99830,100,100128,100,99818,100
2019-06-28 09:41:29.892417680,100062,557,100038,100,100064,100,100022,557,100080,100,100021,100,100086,100,100016,100,100090,100,100015,100,100098,100,99989,100,100100,100,99988,100,100113,100,99868,100,100117,100,99849,100,100128,100,99830,100
2019-06-28 09:41:30.000000000,100062,214,100038,214,100064,214,100022,214,100080,214,100021,214,100086,214,100016,214,100090,100,100015,100,100098,100,99989,100,100100,100,99988,100,100113,100,99868,100,100117,100,99849,100,100128,100,99830,100
2019-06-28 09:41:37.878631432,100062,214,100038,314,100064,214,100022,114,100080,214,100021,214,100086,214,100016,214,100090,100,100015,100,100098,100,99989,100,100100,100,99988,100,100113,100,99868,100,100117,100,99849,100,100128,100,99830,100
2019-06-28 09:41:40.000000000,100062,557,100038,657,100064,100,100021,100,100080,100,100016,100,100086,100,100015,100,100090,100,99989,100,100098,100,99988,100,100100,100,99868,100,100113,100,99849,100,100117,100,99830,100,100128,100,99818,100
2019-06-28 09:41:40.548622485,100062,557,100038,657,100064,100,100021,100,100080,100,100016,100,100086,100,100015,100,100090,100,99989,100,100098,100,99988,100,100100,100,99868,100,100113,100,99849,100,100117,100,99830,100,100128,100,99818,100
2019-06-28 09:41:43.697485170,100062,457,100038,657,100064,100,100021,100,100080,100,100016,100,100086,100,100015,100,100090,100,99989,100,100098,100,99988,100,100100,100,99868,100,100113,100,99849,100,100128,100,99830,100,100144,100,99818,100
2019-06-28 09:41:50.000000000,100064,557,100038,657,100080,100,100021,100,100086,100,100016,100,100090,100,100015,100,100098,100,99989,100,100100,100,99988,100,100113,100,99868,100,100128,100,99849,100,100144,100,99830,100,100180,100,99818,100
2019-06-28 09:41:51.520080352,100064,557,100038,657,100080,100,100021,100,100086,100,100016,100,100090,100,100015,100,100098,100,99989,100,100100,100,99988,100,100113,100,99868,100,100128,100,99849,100,100144,100,99830,100,100180,100,99818,100
2019-06-28 09:42:00.000000000,100064,191,100038,291,100080,191,100021,191,100086,191,100016,191,100090,191,100015,191,100098,191,99989,191,100100,100,99988,100,100113,100,99868,100,100128,100,99849,100,100144,100,99830,100,100180,100,99818,100
2019-06-28 09:42:10.000000000,100064,191,100038,291,100080,191,100021,191,100086,191,100016,191,100090,191,100015,191,100098,191,99989,191,100100,100,99988,100,100113,100,99868,100,100128,100,99849,100,100144,100,99830,100,100180,100,99818,100
2019-06-28 09:42:20.000000000,100064,328,100038,428,100080,328,100021,328,100086,100,100016,100,100090,100,100015,100,100098,100,99989,100,100100,100,99988,100,100113,100,99868,100,100128,100,99849,100,100144,100,99830,100,100180,100,99818,100
2019-06-28 09:42:22.414709983,100064,228,100038,428,100080,328,100021,328,100086,100,100016,100,100090,100,100015,100,100098,100,99989,100,100100,100,99988,100,100113,100,99868,100,100128,100,99849,100,100144,100,99830,100,100180,100,99818,100
2019-06-28 09:42:30.000000000,100080,557,100038,657,100086,100,100021,100,100090,100,100016,100,100098,100,100015,100,100100,100,99989,100,100113,100,99988,100,100128,100,99868,100,100144,100,99849,100,100180,100,99830,100,100214,100,99818,100
2019-06-28 09:42:38.485370699,100080,457,100038,657,100086,100,100021,100,100090,100,100016,100,100098,100,100015,100,100100,100,99989,100,100113,100,99988,100,100128,100,99868,100,100144,100,99849,100,100180,100,99830,100,100214,100,99818,100
2019-06-28 09:42:40.000000000,100086,328,100038,428,100090,328,100021,328,100098,100,100016,100,100100,100,100015,100,100113,100,99989,100,100128,100,99988,100,100144,100,99868,100,100180,100,99849,100,100214,100,99830,100,100627,100,99818,100
2019-06-28 09:42:42.902905228,100086,328,100038,428,100090,228,100021,328,100098,100,100016,100,100100,100,100015,100,100113,100,99989,100,100128,100,99988,100,100144,100,99868,100,100180,100,99849,100,100214,100,99830,100,100627,100,99818,100
2019-06-28 09:42:45.669983837,100086,228,100038,428,100090,228,100021,328,100098,100,100016,100,100100,100,100015,100,100113,100,99989,100,100128,100,99988,100,100144,100,99868,100,100180,100,99849,100,100214,100,99830,100,100627,100,99818,100
2019-06-28 09:42:47.791355215,100086,228,100038,428,100090,228,100021,328,100098,100,100016,100,100100,100,100015,100,100113,100,99989,100,100128,100,99988,100,100144,100,99868,100,100180,100,99849,100,100214,100,99830,100,100627,100,99818,100
2019-06-28 09:42:50.000000000,100098,214,100038,314,100100,214,100021,214,100113,214,100016,214,100128,214,100015,214,100144,100,99989,100,100180,100,99988,100,100214,100,99868,100,100627,100,99849,100,102258,100,99830,100,102504,100,99818,100
2019-06-28 09:43:00.000000000,100098,191,100038,291,100100,191,100021,191,100113,191,100016,191,100128,191,100015,191,100144,191,99989,191,100180,100,99988,100,100214,100,99868,100,100627,100,99849,100,102258,100,99830,100,102504,100,99818,100
2019-06-28 09:43:04.825564343,100098,191,100038,291,100100,191,100021,191,100113,191,100016,191,100128,191,100015,191,100144,191,99989,191,100180,100,99988,100,100214,100,99868,100,100627,100,99849,100,102247,100,99830,100,102258,100,99818,100
2019-06-28 09:43:10.000000000,100098,557,100038,657,100100,100,100021,100,100113,100,100016,100,100128,100,100015,100,100144,100,99989,100,100180,100,99988,100,100214,100,99868,100,100627,100,99849,100,102247,100,99830,100,102258,100,99818,100
2019-06-28 09:43:20.000000000,100098,328,100038,428,100100,328,100021,328,100113,100,100016,100,100128,100,100015,100,100144,100,99989,100,100180,100,99988,100,100214,100,99868,100,100627,100,99849,100,102247,100,99830,100,102258,100,99818,100
2019-06-28 09:43:30.000000000,100098,191,100038,291,100100,191,100021,191,100113,191,100016,191,100128,191,100015,191,100144,191,99989,191,100180,100,99988,100,100214,100,99868,100,100627,100,99849,100,102247,100,99830,100,102258,100,99818,100
2019-06-28 09:43:40.000000000,100098,214,100038,314,100100,214,100021,214,100113,214,100016,214,100128,214,100015,214,100144,100,99989,100,100180,100,99988,100,100214,100,99868,100,100627,100,99849,100,102247,100,99830,100,102258,100,99818,100
2019-06-28 09:43:50.000000000,100098,214,100038,314,100100,214,100021,214,100113,214,100016,214,100128,214,100015,214,100144,100,99989,100,100180,100,99988,100,100214,100,99868,100,100627,100,99849,100,102247,100,99830,100,102258,100,99818,100
2019-06-28 09:43:54.072156527,100098,214,100038,314,100100,214,100021,214,100113,214,100016,214,100128,214,100015,214,100144,100,99989,100,100180,100,99988,100,100214,100,99868,100,100627,100,99849,100,101736,100,99830,100,102247,100,99818,100
2019-06-28 09:44:00.000000000,100098,328,100038,428,100100,328,100021,328,100113,100,100016,100,100128,100,100015,100,100144,100,99989,100,100180,100,99988,100,100214,100,99868,100,100627,100,99849,100,101736,100,99830,100,102247,100,99818,100
2019-06-28 09:44:10.000000000,100098,328,100038,428,100100,328,100021,328,100113,100,100016,100,100128,100,100015,100,100144,100,99989,100,100180,100,99988,100,100214,100,99868,100,100627,100,99849,100,101736,100,99830,100,102247,100,99818,100
2019-06-28 09:44:20.000000000,100098,255,100038,355,100100,251,100021,251,100113,251,100016,251,100128,100,100015,100,100144,100,99989,100,100180,100,99988,100,100214,100,99868,100,100627,100,99849,100,101736,100,99830,100,102247,100,99818,100
2019-06-28 09:44:20.523349440,100098,155,100038,355,100100,251,100021,251,100113,251,100016,251,100128,100,100015,100,100144,100,99989,100,100180,100,99988,100,100214,100,99868,100,100627,100,99849,100,101736,100,99830,100,102247,100,99818,100
2019-06-28 09:44:30.000000000,100100,214,100038,314,100113,214,100021,214,100128,214,100016,214,100144,214,100015,214,100180,100,99989,100,100214,100,99988,100,100627,100,99868,100,101736,100,99849,100,102247,100,99830,100,102258,100,99818,100
2019-06-28 09:44:40.000000000,100100,557,100038,657,100113,100,100021,100,100128,100,100016,100,100144,100,100015,100,100180,100,99989,100,100214,100,99988,100,100627,100,99868,100,101736,100,99849,100,102247,100,99830,100,102258,100,99818,100
2019-06-28 09:44:44.784988872,100100,557,100086,100,100113,100,100038,657,100128,100,100021,100,100144,100,100016,100,100180,100,100015,100,100214,100,99989,100,100627,100,99988,100,101736,100,99868,100,102247,100,99849,100,102258,100,99830,100
2019-06-28 09:44:49.795420743,100100,457,100086,100,100113,100,100038,657,100128,100,100021,100,100144,100,100016,100,100180,100,100015,100,100214,100,99989,100,100627,100,99988,100,101736,100,99868,100,102247,100,99849,100,102258,100,99830,100
2019-06-28 09:44:50.000000000,100113,214,100086,214,100128,214,100038,314,100144,214,100021,214,100180,214,100016,214,100214,100,100015,100,100627,100,99989,100,101736,100,99988,100,102247,100,99868,100,102258,100,99849,100,102504,100,99830,100
2019-06-28 09:44:59.383613463,100113,214,100086,214,100128,214,100038,314,100144,214,100021,214,100180,214,100016,214,100214,100,100015,100,100627,100,99989,100,101361,100,99988,100,101736,100,99868,100,102247,100,99849,100,102258,100,99830,100
2019-06-28 09:45:00.000000000,100113,191,100086,191,100128,191,100038,291,100144,191,100021,191,100180,191,100016,191,100214,191,100015,191,100627,100,99989,100,101361,100,99988,100,101736,100,99868,100,102247,100,99849,100,102258,100,99830,100
2019-06-28 09:45:10.000000000,100113,214,100086,214,100128,214,100038,314,100144,214,100021,214,100180,214,100016,214,100214,100,100015,100,100627,100,99989,100,101361,100,99988,100,101736,100,99868,100,102247,100,99849,100,102258,100,99830,100
2019-06-28 09:45:20.000000000,100113,191,100086,191,100128,191,100038,291,100144,191,100021,191,100180,191,100016,191,100214,191,100015,191,100627,100,99989,100,101361,100,99988,100,101736,100,99868,100,102247,100,99849,100,102258,100,99830,100
2019-06-28 09:45:30.000000000,100113,214,100086,214,100128,214,100038,314,100144,214,100021,214,100180,214,100016,214,100214,100,100015,100,100627,100,99989,100,101361,100,99988,100,101736,100,99868,100,102247,100,99849,100,102258,100,99830,100
2019-06-28 09:45:40.000000000,100113,328,100086,328,100128,328,100038,428,100144,100,100021,100,100180,100,100016,100,100214,100,100015,100,100627,100,99989,100,101361,100,99988,100,101736,100,99868,100,102247,100,99849,100,102258,100,99830,100
2019-06-28 09:45:50.000000000,100113,328,100086,328,100128,328,100038,428,100144,100,100021,100,100180,100,100016,100,100214,100,100015,100,100627,100,99989,100,101361,100,99988,100,101736,100,99868,100,102247,100,99849,100,102258,100,99830,100
2019-06-28 09:45:50.700873836,100113,228,100086,328,100128,328,100038,428,100144,100,100021,100,100180,100,100016,100,100214,100,100015,100,100627,100,99989,100,101361,100,99988,100,101736,100,99868,100,102247,100,99849,100,102258,100,99830,100
2019-06-28 09:46:00.000000000,100128,328,100086,328,100144,328,100038,428,100180,100,100021,100,100214,100,100016,100,100627,100,100015,100,101361,100,99989,100,101736,100,99988,100,102247,100,99868,100,102258,100,99849,100,102504,100,99830,100
2019-06-28 09:46:06.759728174,100128,328,100086,328,100144,328,100038,428,100180,100,100021,100,100214,100,100016,100,100627,100,100015,100,101279,100,99989,100,101361,100,99988,100,101736,100,99868,100,102247,100,99849,100,102258,100,99830,100
2019-06-28 09:46:07.820135816,100128,128,100086,328,100144,328,100038,428,100180,100,100021,100,100214,100,100016,100,100627,100,100015,100,101279,100,99989,100,101361,100,99988,100,101736,100,99868,100,102247,100,99849,100,102258,100,99830,100
2019-06-28 09:46:10.000000000,100144,328,100086,328,100180,328,100038,428,100214,100,100021,100,100627,100,100016,100,101279,100,100015,100,101361,100,99989,100,101736,100,99988,100,102247,100,99868,100,102258,100,99849,100,102504,100,99830,100
2019-06-28 09:46:12.775873095,100144,328,100086,328,100180,328,100038,428,100214,100,100021,100,100627,100,100016,100,101279,100,100015,100,101361,100,99989,100,101380,100,99988,100,101736,100,99868,100,102247,100,99849,100,102258,100,99830,100
2019-06-28 09:46:18.433676601,100144,228,100086,328,100180,328,100038,428,100214,100,100021,100,100627,100,100016,100,101279,100,100015,100,101361,100,99989,100,101380,100,99988,100,101736,100,99868,100,102247,100,99849,100,102258,100,99830,100
2019-06-28 09:46:20.000000000,100180,214,100086,214,100214,214,100038,314,100627,214,100021,214,101279,214,100016,214,101361,100,100015,100,101380,100,99989,100,101736,100,99988,100,102247,100,99868,100,102258,100,99849,100,102504,100,99830,100
2019-06-28 09:46:30.000000000,100180,557,100086,557,100214,100,100038,200,100627,100,100021,100,101279,100,100016,100,101361,100,100015,100,101380,100,99989,100,101736,100,99988,100,102247,100,99868,100,102258,100,99849,100,102504,100,99830,100
2019-06-28 09:46:34.673481550,100180,457,100086,557,100214,100,100038,200,100627,100,100021,100,101279,100,100016,100,101361,100,100015,100,101380,100,99989,100,101736,100,99988,100,102247,100,99868,100,102258,100,99849,100,102504,100,99830,100
2019-06-28 09:46:40.000000000,100214,191,100086,191,100627,191,100038,291,101279,191,100021,191,101361,191,100016,191,101380,191,100015,191,101736,100,99989,100,102247,100,99988,100,102258,100,99868,100,102504,100,99849,100,102505,100,99830,100
2019-06-28 09:46:40.506347508,100214,191,100086,191,100627,191,100038,291,101279,191,100021,191,101361,91,100016,191,101380,191,100015,191,101409,100,99989,100,101736,100,99988,100,102247,100,99868,100,102258,100,99849,100,102504,100,99830,100
2019-06-28 09:46:45.509623043,100214,91,100086,191,100627,191,100038,291,101279,191,100021,191,101361,91,100016,191,101380,191,100015,191,101409,100,99989,100,101736,100,99988,100,102247,100,99868,100,102258,100,99849,100,102504,100,99830,100
2019-06-28 09:46:50.000000000,100627,557,100086,557,101279,100,100038,200,101380,100,100021,100,101409,100,100016,100,101736,100,100015,100,102247,100,99989,100,102258,100,99988,100,102504,100,99868,100,102505,100,99849,100,102554,100,99830,100
2019-06-28 09:46:53.830582173,100627,457,100086,557,101279,100,100038,200,101380,100,100021,100,101409,100,100016,100,101736,100,100015,100,102247,100,99989,100,102258,100,99988,100,102504,100,99868,100,102505,100,99849,100,102554,100,99830,100
2019-06-28 09:47:00.000000000,101279,557,100086,557,101380,100,100038,200,101409,100,100021,100,101736,100,100016,100,102247,100,100015,100,102258,100,99989,100,102504,100,99988,100,102505,100,99868,100,102554,100,99849,100,102622,100,99830,100
2019-06-28 09:47:02.342326286,101279,557,101167,100,101380,100,100086,557,101409,100,100038,200,101736,100,100021,100,102247,100,100016,100,102258,100,100015,100,102504,100,99989,100,102505,100,99988,100,102554,100,99868,100,102622,100,99849,100
2019-06-28 09:47:10.000000000,101279,557,101167,557,101380,100,100086,100,101409,100,100038,200,101736,100,100021,100,102247,100,100016,100,102258,100,100015,100,102504,100,99989,100,102505,100,99988,100,102554,100,99868,100,102622,100,99849,100
2019-06-28 09:47:20.000000000,101279,255,101167,255,101380,251,100086,251,101409,251,100038,351,101736,100,100021,100,102247,100,100016,100,102258,100,100015,100,102504,100,99989,100,102505,100,99988,100,102554,100,99868,100,102622,100,99849,100
2019-06-28 09:47:30.000000000,101279,191,101167,191,101380,191,100086,191,101409,191,100038,291,101736,191,100021,191,102247,191,100016,191,102258,100,100015,100,102504,100,99989,100,102505,100,99988,100,102554,100,99868,100,102622,100,99849,100
2019-06-28 09:47:40.000000000,101279,214,101167,214,101380,214,100086,214,101409,214,100038,314,101736,214,100021,214,102247,100,100016,100,102258,100,100015,100,102504,100,99989,100,102505,100,99988,100,102554,100,99868,100,102622,100,99849,100
2019-06-28 09:47:50.000000000,101279,328,101167,328,101380,328,100086,328,101409,100,100038,200,101736,100,100021,100,102247,100,100016,100,102258,100,100015,100,102504,100,99989,100,102505,100,99988,100,102554,100,99868,100,102622,100,99849,100
2019-06-28 09:47:52.545826474,101279,228,101167,328,101380,328,100086,328,101409,100,100038,200,101736,100,100021,100,102247,100,100016,100,102258,100,100015,100,102504,100,99989,100,102505,100,99988,100,102554,100,99868,100,102622,100,99849,100
2019-06-28 09:47:55.930894156,101279,228,101167,328,101380,328,100086,328,101409,100,100038,200,101617,100,100021,100,101736,100,100016,100,102247,100,100015,100,102258,100,99989,100,102504,100,99988,100,102505,100,99868,100,102554,100,99849,100
2019-06-28 09:48:00.000000000,101380,214,101167,214,101409,214,100086,214,101617,214,100038,314,101736,214,100021,214,102247,100,100016,100,102258,100,100015,100,102504,100,99989,100,102505,100,99988,100,102554,100,99868,100,102622,100,99849,100
2019-06-28 09:48:05.638365652,101380,114,101167,214,101409,214,100086,214,101617,214,100038,314,101736,214,100021,214,102247,100,100016,100,102258,100,100015,100,102504,100,99989,100,102505,100,99988,100,102554,100,99868,100,102622,100,99849,100
2019-06-28 09:48:10.000000000,101409,255,101167,255,101617,251,100086,251,101736,251,100038,351,102247,100,100021,100,102258,100,100016,100,102504,100,100015,100,102505,100,99989,100,102554,100,99988,100,102622,100,99868,100,,,99849,100
2019-06-28 09:48:13.379819724,101409,255,101379,100,101617,251,101167,255,101736,251,100086,251,102258,100,100038,351,102504,100,100021,100,102505,100,100016,100,102554,100,100015,100,102622,100,99989,100,,,99988,100,,,99868,100
2019-06-28 09:48:16.212070136,101409,255,101379,100,101617,251,101167,255,101641,100,100086,251,101736,251,100038,351,102258,100,100021,100,102504,100,100016,100,102505,100,100015,100,102554,100,99989,100,102622,100,99988,100,,,99868,100
2019-06-28 09:48:20.000000000,101409,191,101379,191,101617,191,101167,191,101641,191,100086,191,101736,191,100038,291,102258,191,100021,191,102504,100,100016,100,102505,100,100015,100,102554,100,99989,100,102622,100,99988,100,,,99868,100
2019-06-28 09:48:20.600316005,101409,191,101379,191,101617,191,101167,191,101641,191,100086,191,101736,191,100038,291,102258,191,100021,191,102504,100,100016,100,102505,100,100015,100,102554,100,99988,100,102622,100,99868,100,,,99849,100
2019-06-28 09:48:30.000000000,101409,191,101379,191,101617,191,101167,191,101641,191,100086,191,101736,191,100038,291,102258,191,100021,191,102504,100,100016,100,102505,100,100015,100,102554,100,99988,100,102622,100,99868,100,,,99849,100
2019-06-28 09:48:39.663543137,101409,191,101379,291,101617,191,101167,191,101641,191,100086,191,101736,191,100038,291,102258,191,100021,191,102504,100,100016,100,102505,100,100015,100,102554,100,99988,100,102622,100,99868,100,,,99849,100
2019-06-28 09:48:40.000000000,101409,328,101379,428,101617,328,101167,328,101641,100,100086,100,101736,100,100038,200,102258,100,100021,100,102504,100,100016,100,102505,100,100015,100,102554,100,99988,100,102622,100,99868,100,,,99849,100
2019-06-28 09:48:50.000000000,101409,191,101379,291,101617,191,101167,191,101641,191,100086,191,101736,191,100038,291,102258,191,100021,191,102504,100,100016,100,102505,100,100015,100,102554,100,99988,100,102622,100,99868,100,,,99849,100
2019-06-28 09:48:57.782280034,101409,191,101379,191,101617,191,101167,191,101641,191,100086,191,101736,191,100038,291,102258,191,100021,191,102504,100,100015,100,102505,100,99988,100,102554,100,99868,100,102622,100,99849,100,,,99830,100
2019-06-28 09:49:00.000000000,101409,557,101379,557,101617,100,101167,100,101641,100,100086,100,101736,100,100038,200,102258,100,100021,100,102504,100,100015,100,102505,100,99988,100,102554,100,99868,100,102622,100,99849,100,,,99830,100
2019-06-28 09:49:10.000000000,101409,557,101379,557,101617,100,101167,100,101641,100,100086,100,101736,100,100038,200,102258,100,100021,100,102504,100,100015,100,102505,100,99988,100,102554,100,99868,100,102622,100,99849,100,,,99830,100
2019-06-28 09:49:20.000000000,101409,557,101379,557,101617,100,101167,100,101641,100,100086,100,101736,100,100038,200,102258,100,100021,100,102504,100,100015,100,102505,100,99988,100,102554,100,99868,100,102622,100,99849,100,,,99830,100
2019-06-28 09:49:30.000000000,101409,191,101379,191,101617,191,101167,191,101641,191,100086,191,101736,191,100038,291,102258,191,100021,191,102504,100,100015,100,102505,100,99988,100,102554,100,99868,100,102622,100,99849,100,,,99830,100
2019-06-28 09:49:40.000000000,101409,255,101379,255,101617,251,101167,251,101641,251,100086,251,101736,100,100038,200,102258,100,100021,100,102504,100,100015,100,102505,100,99988,100,102554,100,99868,100,102622,100,99849,100,,,99830,100
2019-06-28 09:49:47.341012169,101409,255,101379,155,101617,251,101167,251,101641,251,100086,251,101736,100,100038,200,102258,100,100021,100,102504,100,100015,100,102505,100,99988,100,102554,100,99868,100,102622,100,99849,100,,,99810,100
2019-06-28 09:49:50.000000000,101409,255,101167,255,101617,251,100086,251,101641,251,100038,351,101736,100,100021,100,102258,100,100015,100,102504,100,99988,100,102505,100,99868,100,102554,100,99849,100,102622,100,99810,100,,,99754,100
2019-06-28 09:49:51.041042214,101409,255,101167,255,101617,251,100813,100,101641,251,100086,251,101736,100,100038,351,102258,100,100021,100,102504,100,100015,100,102505,100,99988,100,102554,100,99868,100,102622,100,99849,100,,,99810,100
2019-06-28 09:49:57.697665121,101409,255,101167,155,101617,251,100813,100,101641,251,100086,251,101736,100,100038,351,102258,100,100021,100,102504,100,100015,100,102505,100,99988,100,102554,100,99868,100,102622,100,99849,100,,,99810,100
2019-06-28 09:50:00.000000000,101409,191,100813,191,101617,191,100086,191,101641,191,100038,291,101736,191,100021,191,102258,191,100015,191,102504,100,99988,100,102505,100,99868,100,102554,100,99849,100,102622,100,99810,100,,,99754,100
2019-06-28 09:50:10.000000000,101409,214,100813,214,101617,214,100086,214,101641,214,100038,314,101736,214,100021,214,102258,100,100015,100,102504,100,99988,100,102505,100,99868,100,102554,100,99849,100,102622,100,99810,100,,,99754,100
2019-06-28 09:50:17.439180093,101409,214,101026,100,101617,214,100813,214,101641,214,100086,214,101736,214,100038,314,102258,100,100021,214,102504,100,100015,100,102505,100,99988,100,102554,100,99868,100,102622,100,99849,100,,,99810,100
2019-06-28 09:50:19.355717063,101409,214,101026,100,101617,214,100991,100,101641,214,100813,214,101736,214,100086,214,102258,100,100038,314,102504,100,100021,214,102505,100,100015,100,102554,100,99988,100,102622,100,99868,100,,,99849,100
2019-06-28 09:50:20.000000000,101409,328,101026,328,101617,328,100991,328,101641,100,100813,100,101736,100,100086,100,102258,100,100038,200,102504,100,100021,100,102505,100,100015,100,102554,100,99988,100,102622,100,99868,100,,,99849,100
2019-06-28 09:50:22.480746659,101095,100,101026,328,101409,328,100991,328,101617,328,100813,100,101641,100,100086,100,101736,100,100038,200,102258,100,100021,100,102504,100,100015,100,102505,100,99988,100,102554,100,99868,100,102622,100,99849,100
2019-06-28 09:50:30.000000000,101095,214,101026,214,101409,214,100991,214,101617,214,100813,214,101641,214,100086,214,101736,100,100038,200,102258,100,100021,100,102504,100,100015,100,102505,100,99988,100,102554,100,99868,100,102622,100,99849,100
2019-06-28 09:50:40.000000000,101095,214,101026,214,101409,214,100991,214,101617,214,100813,214,101641,214,100086,214,101736,100,100038,200,102258,100,100021,100,102504,100,100015,100,102505,100,99988,100,102554,100,99868,100,102622,100,99849,100
2019-06-28 09:50:47.222661682,101095,214,101026,214,101231,100,100991,214,101409,214,100813,214,101617,214,100086,214,101641,214,100038,200,101736,100,100021,100,102258,100,100015,100,102504,100,99988,100,102505,100,99868,100,102554,100,99849,100
2019-06-28 09:50:50.000000000,101095,191,101026,191,101231,191,100991,191,101409,191,100813,191,101617,191,100086,191,101641,191,100038,291,101736,100,100021,100,102258,100,100015,100,102504,100,99988,100,102505,100,99868,100,102554,100,99849,100
2019-06-28 09:51:00.000000000,101095,255,101026,255,101231,251,100991,251,101409,251,100813,251,101617,100,100086,100,101641,100,100038,200,101736,100,100021,100,102258,100,100015,100,102504,100,99988,100,102505,100,99868,100,102554,100,99849,100
2019-06-28 09:51:00.400175359,101095,255,101026,255,101231,251,100991,251,101379,100,100813,251,101409,251,100086,100,101617,100,100038,200,101641,100,100021,100,101736,100,100015,100,102258,100,99988,100,102504,100,99868,100,102505,100,99849,100
2019-06-28 09:51:05.938288547,101095,255,101026,255,101196,100,100991,251,101231,251,100813,251,101379,100,100086,100,101409,251,100038,200,101617,100,100021,100,101641,100,100015,100,101736,100,99988,100,102258,100,99868,100,102504,100,99849,100
2019-06-28 09:51:10.000000000,101095,214,101026,214,101196,214,100991,214,101231,214,100813,214,101379,214,100086,214,101409,100,100038,200,101617,100,100021,100,101641,100,100015,100,101736,100,99988,100,102258,100,99868,100,102504,100,99849,100
2019-06-28 09:51:13.921543125,101095,214,101026,214,101194,100,100991,214,101196,214,100813,214,101231,214,100086,214,101379,214,100038,200,101409,100,100021,100,101617,100,100015,100,101641,100,99988,100,101736,100,99868,100,102258,100,99849,100
2019-06-28 09:51:14.306949215,101095,214,101026,214,101194,100,100991,214,101196,214,100813,214,101231,214,100086,214,101379,314,100038,200,101409,100,100021,100,101617,100,99988,100,101641,100,99868,100,101736,100,99849,100,102258,100,99810,100
2019-06-28 09:51:20.000000000,101095,191,101026,191,101194,191,100991,191,101196,191,100813,191,101231,191,100086,191,101379,291,100038,291,101409,100,100021,100,101617,100,99988,100,101641,100,99868,100,101736,100,99849,100,102258,100,99810,100
2019-06-28 09:51:30.000000000,101095,191,101026,191,101194,191,100991,191,101196,191,100813,191,101231,191,100086,191,101379,291,100038,291,101409,100,100021,100,101617,100,99988,100,101641,100,99868,100,101736,100,99849,100,102258,100,99810,100
2019-06-28 09:51:31.510428827,101095,191,101026,191,101194,191,100991,191,101196,191,100813,191,101231,191,100086,191,101379,391,100038,291,101409,100,99988,100,101617,100,99868,100,101641,100,99849,100,101736,100,99810,100,102258,100,99754,100
2019-06-28 09:51:40.000000000,101095,191,101026,191,101194,191,100991,191,101196,191,100813,191,101231,191,100086,191,101379,391,100038,291,101409,100,99988,100,101617,100,99868,100,101641,100,99849,100,101736,100,99810,100,102258,100,99754,100
2019-06-28 09:51:50.000000000,101095,557,101026,557,101194,100,100991,100,101196,100,100813,100,101231,100,100086,100,101379,300,100038,200,101409,100,99988,100,101617,100,99868,100,101641,100,99849,100,101736,100,99810,100,102258,100,99754,100
2019-06-28 09:51:51.385047745,101095,457,101026,557,101194,100,100991,100,101196,100,100813,100,101231,100,100086,100,101379,300,100038,200,101409,100,99868,100,101617,100,99849,100,101641,100,99810,100,101736,100,99754,100,102258,100,99316,100
2019-06-28 09:51:57.386427728,101095,357,101026,557,101194,100,100991,100,101196,100,100813,100,101231,100,100086,100,101379,300,100038,200,101409,100,99868,100,101617,100,99849,100,101641,100,99810,100,101736,100,99754,100,102258,100,99316,100
2019-06-28 09:52:00.000000000,101194,328,101026,328,101196,328,100991,328,101231,100,100813,100,101379,300,100086,100,101409,100,100038,200,101617,100,99868,100,101641,100,99849,100,101736,100,99810,100,102258,100,99754,100,102504,100,99316,100
2019-06-28 09:52:10.000000000,101194,255,101026,255,101196,251,100991,251,101231,251,100813,251,101379,300,100086,100,101409,100,100038,200,101617,100,99868,100,101641,100,99849,100,101736,100,99810,100,102258,100,99754,100,102504,100,99316,100
2019-06-28 09:52:20.000000000,101194,255,101026,255,101196,251,100991,251,101231,251,100813,251,101379,300,100086,100,101409,100,100038,200,101617,100,99868,100,101641,100,99849,100,101736,100,99810,100,102258,100,99754,100,102504,100,99316,100
2019-06-28 09:52:30.000000000,101194,191,101026,191,101196,191,100991,191,101231,191,100813,191,101379,391,100086,191,101409,191,100038,291,101617,100,99868,100,101641,100,99849,100,101736,100,99810,100,102258,100,99754,100,102504,100,99316,100
2019-06-28 09:52:40.000000000,101194,191,101026,191,101196,191,100991,191,101231,191,100813,191,101379,391,100086,191,101409,191,100038,291,101617,100,99868,100,101641,100,99849,100,101736,100,99810,100,102258,100,99754,100,102504,100,99316,100
2019-06-28 09:52:43.680654901,101194,91,101026,191,101196,191,100991,191,101231,191,100813,191,101379,391,100086,191,101409,191,100038,291,101617,100,99868,100,101641,100,99849,100,101736,100,99810,100,102258,100,99754,100,102504,100,99316,100
2019-06-28 09:52:50.000000000,101196,214,101026,214,101231,214,100991,214,101379,414,100813,214,101409,214,100086,214,101617,100,100038,200,101641,100,99868,100,101736,100,99849,100,102258,100,99810,100,102504,100,99754,100,102505,100,99316,100
2019-06-28 09:52:56.878423984,101196,114,101026,214,101231,214,100991,214,101379,414,100813,214,101409,214,100086,214,101617,100,100038,200,101641,100,99868,100,101736,100,99849,100,102258,100,99810,100,102504,100,99754,100,102505,100,99316,100
2019-06-28 09:52:59.291673509,101196,14,101026,214,101231,214,100991,214,101379,414,100813,214,101409,214,100086,214,101617,100,100038,200,101641,100,99868,100,101736,100,99849,100,102258,100,99810,100,102504,100,99754,100,102505,100,99316,100
2019-06-28 09:53:00.000000000,101231,214,101026,214,101379,414,100991,214,101409,214,100813,214,101617,214,100086,214,101641,100,100038,200,101736,100,99868,100,102258,100,99849,100,102504,100,99810,100,102505,100,99754,100,102554,100,99316,100
2019-06-28 09:53:10.000000000,101231,214,101026,214,101379,414,100991,214,101409,214,100813,214,101617,214,100086,214,101641,100,100038,200,101736,100,99868,100,102258,100,99849,100,102504,100,99810,100,102505,100,99754,100,102554,100,99316,100
2019-06-28 09:53:12.509483924,101231,214,101026,214,101379,414,100991,214,101409,214,100849,100,101617,214,100813,214,101641,100,100086,214,101736,100,100038,200,102258,100,99868,100,102504,100,99849,100,102505,100,99810,100,102554,100,99754,100
2019-06-28 09:53:20.000000000,101231,557,101026,557,101379,300,100991,100,101409,100,100849,100,101617,100,100813,100,101641,100,100086,100,101736,100,100038,200,102258,100,99868,100,102504,100,99849,100,102505,100,99810,100,102554,100,99754,100
2019-06-28 09:53:23.907604277,101231,557,101026,557,101379,300,100991,100,101380,100,100849,100,101409,100,100813,100,101617,100,100086,100,101641,100,100038,200,101736,100,99868,100,102258,100,99849,100,102504,100,99810,100,102505,100,99754,100
2019-06-28 09:53:30.000000000,101231,557,101026,557,101379,300,100991,100,101380,100,100849,100,101409,100,100813,100,101617,100,100086,100,101641,100,100038,200,101736,100,99868,100,102258,100,99849,100,102504,100,99810,100,102505,100,99754,100
2019-06-28 09:53:37.675661729,101231,457,101026,557,101379,300,100991,100,101380,100,100849,100,101409,100,100813,100,101617,100,100086,100,101641,100,100038,200,101736,100,99868,100,102258,100,99849,100,102504,100,99810,100,102505,100,99754,100
2019-06-28 09:53:37.852131776,101231,457,101122,100,101379,300,101026,557,101380,100,100991,100,101409,100,100849,100,101617,100,100813,100,101641,100,100086,100,101736,100,100038,200,102258,100,99868,100,102504,100,99849,100,102505,100,99810,100
2019-06-28 09:53:40.000000000,101379,528,101122,328,101380,328,101026,328,101409,100,100991,100,101617,100,100849,100,101641,100,100813,100,101736,100,100086,100,102258,100,100038,200,102504,100,99868,100,102505,100,99849,100,102554,100,99810,100
2019-06-28 09:53:40.083334672,101379,528,101196,100,101380,328,101122,328,101409,100,101026,328,101617,100,100991,100,101641,100,100849,100,101736,100,100813,100,102258,100,100086,100,102504,100,100038,200,102505,100,99868,100,102554,100,99849,100
2019-06-28 09:53:43.160711952,101379,528,101196,100,101380,328,101122,328,101409,100,101026,328,101617,100,100991,100,101641,100,100906,100,101736,100,100813,100,102258,100,100086,100,102504,100,100038,200,102505,100,99868,100,102554,100,99849,100
2019-06-28 09:53:50.000000000,101379,455,101196,255,101380,251,101122,251,101409,251,101026,251,101617,100,100991,100,101641,100,100906,100,101736,100,100813,100,102258,100,100086,100,102504,100,100038,200,102505,100,99868,100,102554,100,99849,100
2019-06-28 09:54:00.000000000,101379,528,101196,328,101380,328,101122,328,101409,100,101026,100,101617,100,100991,100,101641,100,100906,100,101736,100,100813,100,102258,100,100086,100,102504,100,100038,200,102505,100,99868,100,102554,100,99849,100
2019-06-28 09:54:10.000000000,101379,414,101196,214,101380,214,101122,214,101409,214,101026,214,101617,214,100991,214,101641,100,100906,100,101736,100,100813,100,102258,100,100086,100,102504,100,100038,200,102505,100,99868,100,102554,100,99849,100
2019-06-28 09:54:20.000000000,101379,414,101196,214,101380,214,101122,214,101409,214,101026,214,101617,214,100991,214,101641,100,100906,100,101736,100,100813,100,102258,100,100086,100,102504,100,100038,200,102505,100,99868,100,102554,100,99849,100
2019-06-28 09:54:30.000000000,101379,757,101196,557,101380,100,101122,100,101409,100,101026,100,101617,100,100991,100,101641,100,100906,100,101736,100,100813,100,102258,100,100086,100,102504,100,100038,200,102505,100,99868,100,102554,100,99849,100
2019-06-28 09:54:36.339638784,101379,757,101196,557,101380,100,101122,100,101409,100,101026,100,101641,100,100991,100,101736,100,100906,100,102258,100,100813,100,102504,100,100296,100,102505,100,100086,100,102554,100,100038,200,,,99868,100
2019-06-28 09:54:40.000000000,101379,757,101196,557,101380,100,101122,100,101409,100,101026,100,101641,100,100991,100,101736,100,100906,100,102258,100,100813,100,102504,100,100296,100,102505,100,100086,100,102554,100,100038,200,,,99868,100
2019-06-28 09:54:50.000000000,101379,414,101196,214,101380,214,101122,214,101409,214,101026,214,101641,214,100991,214,101736,100,100906,100,102258,100,100813,100,102504,100,100296,100,102505,100,100086,100,102554,100,100038,200,,,99868,100
2019-06-28 09:54:52.738345332,101379,414,101196,114,101380,214,101122,214,101409,214,101026,214,101641,214,100991,214,101736,100,100906,100,102258,100,100813,100,102504,100,100296,100,102505,100,100086,100,102554,100,100038,200,,,99868,100
2019-06-28 09:55:00.000000000,101379,757,101122,557,101380,100,101026,100,101409,100,100991,100,101641,100,100906,100,101736,100,100813,100,102258,100,100296,100,102504,100,100086,100,102505,100,100038,200,102554,100,99868,100,,,99849,100
2019-06-28 09:55:09.458597825,101379,757,101122,557,101380,100,101026,100,101409,100,100991,100,101641,100,100906,100,101736,100,100813,100,102504,100,100376,100,102505,100,100296,100,102554,100,100086,100,,,100038,200,,,99868,100
2019-06-28 09:55:10.000000000,101379,455,101122,255,101380,251,101026,251,101409,251,100991,251,101641,100,100906,100,101736,100,100813,100,102504,100,100376,100,102505,100,100296,100,102554,100,100086,100,,,100038,200,,,99868,100
2019-06-28 09:55:20.000000000,101379,455,101122,255,101380,251,101026,251,101409,251,100991,251,101641,100,100906,100,101736,100,100813,100,102504,100,100376,100,102505,100,100296,100,102554,100,100086,100,,,100038,200,,,99868,100
2019-06-28 09:55:30.000000000,101379,528,101122,328,101380,328,101026,328,101409,100,100991,100,101641,100,100906,100,101736,100,100813,100,102504,100,100376,100,102505,100,100296,100,102554,100,100086,100,,,100038,200,,,99868,100
2019-06-28 09:55:40.000000000,101379,414,101122,214,101380,214,101026,214,101409,214,100991,214,101641,214,100906,214,101736,100,100813,100,102504,100,100376,100,102505,100,100296,100,102554,100,100086,100,,,100038,200,,,99868,100
2019-06-28 09:55:41.166439489,101379,314,101122,214,101380,214,101026,214,101409,214,100991,214,101641,214,100906,214,101736,100,100813,100,102504,100,100376,100,102505,100,100296,100,102554,100,100086,100,,,100038,200,,,99868,100
2019-06-28 09:55:50.000000000,101379,428,101122,328,101380,328,101026,328,101409,100,100991,100,101641,100,100906,100,101736,100,100813,100,102504,100,100376,100,102505,100,100296,100,102554,100,100086,100,,,100038,200,,,99868,100
2019-06-28 09:56:00.000000000,101379,314,101122,214,101380,214,101026,214,101409,214,100991,214,101641,214,100906,214,101736,100,100813,100,102504,100,100376,100,102505,100,100296,100,102554,100,100086,100,,,100038,200,,,99868,100
2019-06-28 09:56:10.000000000,101379,291,101122,191,101380,191,101026,191,101409,191,100991,191,101641,191,100906,191,101736,191,100813,191,102504,100,100376,100,102505,100,100296,100,102554,100,100086,100,,,100038,200,,,99868,100
2019-06-28 09:56:15.088083097,101379,291,101122,91,101380,191,101026,191,101409,191,100991,191,101641,191,100906,191,101736,191,100813,191,102504,100,100376,100,102505,100,100296,100,102554,100,100086,100,,,100038,200,,,99868,100
2019-06-28 09:56:20.000000000,101379,657,101026,557,101380,100,100991,100,101409,100,100906,100,101641,100,100813,100,101736,100,100376,100,102504,100,100296,100,102505,100,100086,100,102554,100,100038,200,,,99868,100,,,99810,100
2019-06-28 09:56:25.887476660,101379,657,101026,557,101380,100,100991,100,101409,100,100906,100,101641,100,100813,100,101736,100,100461,100,102504,100,100376,100,102505,100,100296,100,102554,100,100086,100,,,100038,200,,,99868,100
2019-06-28 09:56:28.296717938,101196,100,101026,557,101379,657,100991,100,101380,100,100906,100,101409,100,100813,100,101641,100,100461,100,101736,100,100376,100,102504,100,100296,100,102505,100,100086,100,102554,100,100038,200,,,99868,100
2019-06-28 09:56:29.167480197,101379,657,101026,557,101380,100,100991,100,101409,100,100906,100,101641,100,100813,100,101736,100,100461,100,102504,100,100376,100,102505,100,100296,100,102554,100,100086,100,,,100038,200,,,99868,100
2019-06-28 09:56:30.000000000,101379,291,101026,191,101380,191,100991,191,101409,191,100906,191,101641,191,100813,191,101736,191,100461,191,102504,100,100376,100,102505,100,100296,100,102554,100,100086,100,,,100038,200,,,99868,100
2019-06-28 09:56:31.078188364,101379,291,101026,91,101380,191,100991,191,101409,191,100906,191,101641,191,100813,191,101736,191,100461,191,102504,100,100376,100,102505,100,100296,100,102554,100,100086,100,,,100038,200,,,99868,100
2019-06-28 09:56:40.000000000,101379,291,100991,191,101380,191,100906,191,101409,191,100813,191,101641,191,100461,191,101736,191,100376,191,102504,100,100296,100,102505,100,100086,100,102554,100,100038,200,,,99868,100,,,99810,100
2019-06-28 09:56:50.000000000,101379,355,100991,255,101380,251,100906,251,101409,251,100813,251,101641,100,100461,100,101736,100,100376,100,102504,100,100296,100,102505,100,100086,100,102554,100,100038,200,,,99868,100,,,99810,100
2019-06-28 09:57:00.000000000,101379,355,100991,255,101380,251,100906,251,101409,251,100813,251,101641,100,100461,100,101736,100,100376,100,102504,100,100296,100,102505,100,100086,100,102554,100,100038,200,,,99868,100,,,99810,100
2019-06-28 09:57:10.000000000,101379,355,100991,255,101380,251,100906,251,101409,251,100813,251,101641,100,100461,100,101736,100,100376,100,102504,100,100296,100,102505,100,100086,100,102554,100,100038,200,,,99868,100,,,99810,100
2019-06-28 09:57:20.000000000,101379,657,100991,557,101380,100,100906,100,101409,100,100813,100,101641,100,100461,100,101736,100,100376,100,102504,100,100296,100,102505,100,100086,100,102554,100,100038,200,,,99868,100,,,99810,100
2019-06-28 09:57:23.200367947,101379,657,101123,100,101380,100,100991,557,101409,100,100906,100,101641,100,100813,100,101736,100,100461,100,102504,100,100376,100,102505,100,100296,100,102554,100,100086,100,,,100038,200,,,99868,100
2019-06-28 09:57:30.000000000,101379,355,101123,255,101380,251,100991,251,101409,251,100906,251,101641,100,100813,100,101736,100,100461,100,102504,100,100376,100,102505,100,100296,100,102554,100,100086,100,,,100038,200,,,99868,100
2019-06-28 09:57:40.000000000,101379,291,101123,191,101380,191,100991,191,101409,191,100906,191,101641,191,100813,191,101736,191,100461,191,102504,100,100376,100,102505,100,100296,100,102554,100,100086,100,,,100038,200,,,99868,100
2019-06-28 09:57:45.879862580,101379,291,101123,191,101380,191,100991,191,101409,191,100906,191,101484,100,100813,191,101641,191,100461,191,101736,91,100376,100,102504,100,100296,100,102505,100,100086,100,102554,100,100038,200,,,99868,100
2019-06-28 09:57:46.607342021,101379,291,101358,100,101380,191,101123,191,101409,191,100991,191,101484,100,100906,191,101641,191,100813,191,101736,91,100461,191,102504,100,100376,100,102505,100,100296,100,102554,100,100086,100,,,100038,200
2019-06-28 09:57:50.000000000,101379,355,101358,255,101380,251,101123,251,101409,251,100991,251,101484,100,100906,100,101641,100,100813,100,102504,100,100461,100,102505,100,100376,100,102554,100,100296,100,,,100086,100,,,100038,200
2019-06-28 09:57:55.104588911,101379,355,101358,255,101380,251,101123,251,101409,251,101027,100,101484,100,100991,251,101641,100,100906,100,102504,100,100813,100,102505,100,100461,100,102554,100,100376,100,,,100296,100,,,100086,100
2019-06-28 09:58:00.000000000,101379,428,101358,328,101380,328,101123,328,101409,100,101027,100,101484,100,100991,100,101641,100,100906,100,102504,100,100813,100,102505,100,100461,100,102554,100,100376,100,,,100296,100,,,100086,100
2019-06-28 09:58:09.681050301,101379,428,101358,328,101380,328,101123,328,101409,100,101027,100,101484,100,100991,100,101641,100,100906,100,102504,100,100879,100,102505,100,100461,100,102554,100,100376,100,,,100296,100,,,100086,100
2019-06-28 09:58:10.000000000,101379,314,101358,214,101380,214,101123,214,101409,214,101027,214,101484,214,100991,214,101641,100,100906,100,102504,100,100879,100,102505,100,100461,100,102554,100,100376,100,,,100296,100,,,100086,100
2019-06-28 09:58:13.156712070,101379,314,101358,214,101380,214,101123,314,101409,214,101027,214,101484,214,100991,214,101641,100,100906,100,102504,100,100879,100,102505,100,100461,100,102554,100,100376,100,,,100296,100,,,100086,100
2019-06-28 09:58:20.000000000,101379,314,101358,214,101380,214,101123,314,101409,214,101027,214,101484,214,100991,214,101641,100,100906,100,102504,100,100879,100,102505,100,100461,100,102554,100,100376,100,,,100296,100,,,100086,100
2019-06-28 09:58:30.000000000,101379,428,101358,328,101380,328,101123,428,101409,100,101027,100,101484,100,100991,100,101641,100,100906,100,102504,100,100879,100,102505,100,100461,100,102554,100,100376,100,,,100296,100,,,100086,100
2019-06-28 09:58:40.000000000,101379,355,101358,255,101380,251,101123,351,101409,251,101027,251,101484,100,100991,100,101641,100,100906,100,102504,100,100879,100,102505,100,100461,100,102554,100,100376,100,,,100296,100,,,100086,100
2019-06-28 09:58:40.200464553,101379,355,101358,255,101380,251,101123,351,101409,251,101027,251,101484,100,100991,100,101641,100,100906,100,102504,100,100902,100,102505,100,100461,100,102554,100,100376,100,,,100296,100,,,100086,100
2019-06-28 09:58:42.937672058,101379,355,101358,155,101380,251,101123,351,101409,251,101027,251,101484,100,100991,100,101641,100,100906,100,102504,100,100902,100,102505,100,100461,100,102554,100,100376,100,,,100296,100,,,100086,100
2019-06-28 09:58:48.104704997,101379,355,101358,155,101380,251,101123,251,101409,251,101027,251,101484,100,100991,100,101641,100,100906,100,102504,100,100902,100,102505,100,100461,100,102554,100,100376,100,,,100296,100,,,100086,100
2019-06-28 09:58:50.000000000,101379,657,101123,557,101380,100,101027,100,101409,100,100991,100,101484,100,100906,100,101641,100,100902,100,102504,100,100461,100,102505,100,100376,100,102554,100,100296,100,,,100086,100,,,100038,100
2019-06-28 09:58:51.854961133,101379,657,101123,557,101380,100,101027,100,101409,100,100991,100,101484,100,100906,100,101641,100,100902,100,102504,100,100705,100,102505,100,100461,100,102554,100,100376,100,,,100296,100,,,100086,100
2019-06-28 09:59:00.000000000,101379,355,101123,255,101380,251,101027,251,101409,251,100991,251,101484,100,100906,100,101641,100,100902,100,102504,100,100705,100,102505,100,100461,100,102554,100,100376,100,,,100296,100,,,100086,100
2019-06-28 09:59:10.000000000,101379,355,101123,255,101380,251,101027,251,101409,251,100991,251,101484,100,100906,100,101641,100,100902,100,102504,100,100705,100,102505,100,100461,100,102554,100,100376,100,,,100296,100,,,100086,100
2019-06-28 09:59:20.000000000,101379,657,101123,557,101380,100,101027,100,101409,100,100991,100,101484,100,100906,100,101641,100,100902,100,102504,100,100705,100,102505,100,100461,100,102554,100,100376,100,,,100296,100,,,100086,100
2019-06-28 09:59:20.683967260,101358,100,101123,557,101379,657,101027,100,101380,100,100991,100,101409,100,100906,100,101484,100,100902,100,101641,100,100705,100,102504,100,100461,100,102505,100,100376,100,102554,100,100296,100,,,100086,100
2019-06-28 09:59:30.000000000,101358,255,101123,255,101379,351,101027,251,101380,251,100991,251,101409,100,100906,100,101484,100,100902,100,101641,100,100705,100,102504,100,100461,100,102505,100,100376,100,102554,100,100296,100,,,100086,100
2019-06-28 09:59:30.496244151,101358,255,101123,155,101379,351,101027,251,101380,251,100991,251,101409,100,100906,100,101484,100,100902,100,101641,100,100705,100,102504,100,100461,100,102505,100,100376,100,102554,100,100296,100,,,100086,100
2019-06-28 09:59:35.130619189,101358,255,101123,155,101379,351,101027,251,101380,251,100991,251,101409,100,100906,100,101484,100,100902,100,101641,100,100705,100,102504,100,100484,100,102505,100,100461,100,102554,100,100376,100,,,100296,100
2019-06-28 09:59:40.000000000,101358,328,101027,328,101379,428,100991,328,101380,100,100906,100,101409,100,100902,100,101484,100,100705,100,101641,100,100484,100,102504,100,100461,100,102505,100,100376,100,102554,100,100296,100,,,100086,100
2019-06-28 09:59:50.000000000,101358,557,101027,557,101379,200,100991,100,101380,100,100906,100,101409,100,100902,100,101484,100,100705,100,101641,100,100484,100,102504,100,100461,100,102505,100,100376,100,102554,100,100296,100,,,100086,100
2019-06-28 09:59:51.597606027,101357,100,101027,557,101358,557,100991,100,101379,200,100906,100,101380,100,100902,100,101409,100,100705,100,101484,100,100484,100,101641,100,100461,100,102504,100,100376,100,102505,100,100296,100,102554,100,100038,100
2019-06-28 10:00:00.000000000,101357,328,101027,328,101358,328,100991,328,101379,200,100906,100,101380,100,100902,100,101409,100,100705,100,101484,100,100484,100,101641,100,100461,100,102504,100,100376,100,102505,100,100296,100,102554,100,100038,100
2019-06-28 10:00:10.000000000,101357,255,101027,255,101358,251,100991,251,101379,351,100906,251,101380,100,100902,100,101409,100,100705,100,101484,100,100484,100,101641,100,100461,100,102504,100,100376,100,102505,100,100296,100,102554,100,100038,100
2019-06-28 10:00:15.099269523,101357,355,101027,255,101358,251,100991,251,101379,351,100906,251,101380,100,100902,100,101409,100,100705,100,101484,100,100484,100,101641,100,100461,100,102504,100,100376,100,102505,100,100296,100,102554,100,100038,100
2019-06-28 10:00:20.000000000,101357,314,101027,214,101358,214,100991,214,101379,314,100906,214,101380,214,100902,214,101409,100,100705,100,101484,100,100484,100,101641,100,100461,100,102504,100,100376,100,102505,100,100296,100,102554,100,100038,100
2019-06-28 10:00:30.000000000,101357,657,101027,557,101358,100,100991,100,101379,200,100906,100,101380,100,100902,100,101409,100,100705,100,101484,100,100484,100,101641,100,100461,100,102504,100,100376,100,102505,100,100296,100,102554,100,100038,100
2019-06-28 10:00:40.000000000,101357,314,101027,214,101358,214,100991,214,101379,314,100906,214,101380,214,100902,214,101409,100,100705,100,101484,100,100484,100,101641,100,100461,100,102504,100,100376,100,102505,100,100296,100,102554,100,100038,100
2019-06-28 10:00:50.000000000,101357,355,101027,255,101358,251,100991,251,101379,351,100906,251,101380,100,100902,100,101409,100,100705,100,101484,100,100484,100,101641,100,100461,100,102504,100,100376,100,102505,100,100296,100,102554,100,100038,100
2019-06-28 10:00:52.435638688,101357,355,101027,155,101358,251,100991,251,101379,351,100906,251,101380,100,100902,100,101409,100,100705,100,101484,100,100484,100,101641,100,100461,100,102504,100,100376,100,102505,100,100296,100,102554,100,100038,100
2019-06-28 10:01:00.000000000,101357,657,100991,557,101358,100,100906,100,101379,200,100902,100,101380,100,100705,100,101409,100,100484,100,101484,100,100461,100,101641,100,100376,100,102504,100,100296,100,102505,100,100038,100,102554,100,99868,100
2019-06-28 10:01:02.818598983,101357,657,100991,457,101358,100,100906,100,101379,200,100902,100,101380,100,100705,100,101409,100,100484,100,101484,100,100461,100,101641,100,100376,100,102504,100,100296,100,102505,100,100038,100,102554,100,99868,100
2019-06-28 10:01:10.000000000,101357,314,100906,214,101358,214,100902,214,101379,314,100705,214,101380,214,100484,214,101409,100,100461,100,101484,100,100376,100,101641,100,100296,100,102504,100,100038,100,102505,100,99868,100,102554,100,99810,100
2019-06-28 10:01:17.999109821,101357,314,100906,214,101358,214,100902,214,101379,314,100705,214,101380,214,100484,214,101409,100,100461,100,101641,100,100376,100,102504,100,100296,100,102505,100,100062,100,102554,100,100038,100,,,99868,100
2019-06-28 10:01:20.000000000,101357,291,100906,191,101358,191,100902,191,101379,291,100705,191,101380,191,100484,191,101409,191,100461,191,101641,100,100376,100,102504,100,100296,100,102505,100,100062,100,102554,100,100038,100,,,99868,100
2019-06-28 10:01:30.000000000,101357,428,100906,328,101358,328,100902,328,101379,200,100705,100,101380,100,100484,100,101409,100,100461,100,101641,100,100376,100,102504,100,100296,100,102505,100,100062,100,102554,100,100038,100,,,99868,100
2019-06-28 10:01:36.699512406,101027,100,100906,328,101357,428,100902,328,101358,328,100705,100,101379,200,100484,100,101380,100,100461,100,101409,100,100376,100,101641,100,100296,100,102504,100,100062,100,102505,100,100038,100,102554,100,99868,100
2019-06-28 10:01:40.000000000,101027,191,100906,191,101357,291,100902,191,101358,191,100705,191,101379,291,100484,191,101380,191,100461,191,101409,100,100376,100,101641,100,100296,100,102504,100,100062,100,102505,100,100038,100,102554,100,99868,100
2019-06-28 10:01:50.000000000,101027,214,100906,214,101357,314,100902,214,101358,214,100705,214,101379,314,100484,214,101380,100,100461,100,101409,100,100376,100,101641,100,100296,100,102504,100,100062,100,102505,100,100038,100,102554,100,99868,100
2019-06-28 10:01:57.712115817,101027,214,100906,114,101357,314,100902,214,101358,214,100705,214,101379,314,100484,214,101380,100,100461,100,101409,100,100376,100,101641,100,100296,100,102504,100,100062,100,102505,100,100038,100,102554,100,99810,100
2019-06-28 10:02:00.000000000,101027,191,100902,191,101357,291,100705,191,101358,191,100484,191,101379,291,100461,191,101380,191,100376,191,101409,100,100296,100,101641,100,100062,100,102504,100,100038,100,102505,100,99810,100,102554,100,99754,100
2019-06-28 10:02:07.297147532,101027,191,100902,191,101357,291,100705,191,101358,191,100484,191,101379,291,100461,191,101380,191,100376,191,101409,100,100296,100,101641,100,100062,100,102504,100,100038,100,102505,100,99852,100,102554,100,99810,100
2019-06-28 10:02:10.000000000,101027,214,100902,214,101357,314,100705,214,101358,214,100484,214,101379,314,100461,214,101380,100,100376,100,101409,100,100296,100,101641,100,100062,100,102504,100,100038,100,102505,100,99852,100,102554,100,99810,100
2019-06-28 10:02:14.905462761,101027,214,100902,214,101357,314,100705,214,101358,214,100484,214,101379,314,100461,214,101380,100,100376,100,101409,100,100296,100,101641,100,100171,100,102504,100,100062,100,102505,100,100038,100,102554,100,99852,100
2019-06-28 10:02:20.000000000,101027,214,100902,214,101357,314,100705,214,101358,214,100484,214,101379,314,100461,214,101380,100,100376,100,101409,100,100296,100,101641,100,100171,100,102504,100,100062,100,102505,100,100038,100,102554,100,99852,100
2019-06-28 10:02:26.259472501,100991,100,100902,214,101027,214,100705,214,101357,314,100484,214,101358,214,100461,214,101379,314,100376,100,101380,100,100296,100,101409,100,100171,100,101641,100,100062,100,102504,100,100038,100,102505,100,99852,100
2019-06-28 10:02:27.382828331,100991,100,100902,214,101027,214,100705,214,101357,314,100484,214,101358,214,100461,214,101379,314,100376,100,101380,100,100296,100,101409,100,100171,100,101641,100,100062,100,102504,100,100038,100,102505,100,99893,100
2019-06-28 10:02:30.000000000,100991,557,100902,557,101027,100,100705,100,101357,200,100484,100,101358,100,100461,100,101379,200,100376,100,101380,100,100296,100,101409,100,100171,100,101641,100,100062,100,102504,100,100038,100,102505,100,99893,100
2019-06-28 10:02:34.523737934,100991,657,100902,557,101027,100,100705,100,101357,200,100484,100,101358,100,100461,100,101379,200,100376,100,101380,100,100296,100,101409,100,100171,100,101641,100,100062,100,102504,100,100038,100,102505,100,99893,100
2019-06-28 10:02:36.888087507,100991,657,100902,557,101027,100,100705,100,101357,200,100484,100,101358,100,100461,100,101379,200,100376,100,101380,100,100296,100,101409,100,100171,100,101641,100,100062,100,102504,100,100038,100,102505,100,99893,100
2019-06-28 10:02:40.000000000,100991,291,100902,191,101027,191,100705,191,101357,291,100484,191,101358,191,100461,191,101379,291,100376,191,101380,100,100296,100,101409,100,100171,100,101641,100,100062,100,102504,100,100038,100,102505,100,99893,100
2019-06-28 10:02:50.000000000,100991,428,100902,328,101027,328,100705,328,101357,200,100484,100,101358,100,100461,100,101379,200,100376,100,101380,100,100296,100,101409,100,100171,100,101641,100,100062,100,102504,100,100038,100,102505,100,99893,100
2019-06-28 10:03:00.000000000,100991,428,100902,328,101027,328,100705,328,101357,200,100484,100,101358,100,100461,100,101379,200,100376,100,101380,100,100296,100,101409,100,100171,100,101641,100,100062,100,102504,100,100038,100,102505,100,99893,100
2019-06-28 10:03:02.972008102,100991,528,100902,328,101027,328,100705,328,101357,200,100484,100,101358,100,100461,100,101379,200,100376,100,101380,100,100296,100,101409,100,100171,100,101641,100,100062,100,102504,100,100038,100,102505,100,99893,100
2019-06-28 10:03:10.000000000,100991,528,100902,328,101027,328,100705,328,101357,200,100484,100,101358,100,100461,100,101379,200,100376,100,101380,100,100296,100,101409,100,100171,100,101641,100,100062,100,102504,100,100038,100,102505,100,99893,100
2019-06-28 10:03:18.127153292,100991,528,100902,328,101027,328,100705,328,101357,200,100484,100,101358,100,100461,100,101379,200,100376,100,101380,100,100296,100,101409,100,100062,100,101641,100,100038,100,102504,100,99949,100,102505,100,99893,100
2019-06-28 10:03:18.731527705,100991,528,100902,228,101027,328,100705,328,101357,200,100484,100,101358,100,100461,100,101379,200,100376,100,101380,100,100296,100,101409,100,100062,100,101641,100,100038,100,102504,100,99949,100,102505,100,99893,100
2019-06-28 10:03:20.000000000,100991,757,100705,557,101027,100,100484,100,101357,200,100461,100,101358,100,100376,100,101379,200,100296,100,101380,100,100062,100,101409,100,100038,100,101641,100,99949,100,102504,100,99893,100,102505,100,99852,100
2019-06-28 10:03:30.000000000,100991,391,100705,191,101027,191,100484,191,101357,291,100461,191,101358,191,100376,191,101379,291,100296,191,101380,100,100062,100,101409,100,100038,100,101641,100,99949,100,102504,100,99893,100,102505,100,99852,100
2019-06-28 10:03:40.000000000,100991,757,100705,557,101027,100,100484,100,101357,200,100461,100,101358,100,100376,100,101379,200,100296,100,101380,100,100062,100,101409,100,100038,100,101641,100,99949,100,102504,100,99893,100,102505,100,99852,100
2019-06-28 10:03:50.000000000,100991,455,100705,255,101027,251,100484,251,101357,351,100461,251,101358,100,100376,100,101379,200,100296,100,101380,100,100062,100,101409,100,100038,100,101641,100,99949,100,102504,100,99893,100,102505,100,99852,100
2019-06-28 10:03:56.153524246,100991,355,100705,255,101027,251,100484,251,101357,351,100461,251,101358,100,100376,100,101379,200,100296,100,101380,100,100062,100,101409,100,100038,100,101641,100,99949,100,102504,100,99893,100,102505,100,99852,100
2019-06-28 10:04:00.000000000,100991,291,100705,191,101027,191,100484,191,101357,291,100461,191,101358,191,100376,191,101379,291,100296,191,101380,100,100062,100,101409,100,100038,100,101641,100,99949,100,102504,100,99893,100,102505,100,99852,100
2019-06-28 10:04:10.000000000,100991,657,100705,557,101027,100,100484,100,101357,200,100461,100,101358,100,100376,100,101379,200,100296,100,101380,100,100062,100,101409,100,100038,100,101641,100,99949,100,102504,100,99893,100,102505,100,99852,100
2019-06-28 10:04:20.000000000,100991,291,100705,191,101027,191,100484,191,101357,291,100461,191,101358,191,100376,191,101379,291,100296,191,101380,100,100062,100,101409,100,100038,100,101641,100,99949,100,102504,100,99893,100,102505,100,99852,100
2019-06-28 10:04:29.187641501,100991,291,100705,191,101027,191,100484,191,101357,291,100461,191,101358,191,100376,191,101379,291,100296,191,101380,100,100062,100,101409,100,100038,100,101641,100,99996,100,102504,100,99949,100,102505,100,99893,100
2019-06-28 10:04:30.000000000,100991,657,100705,557,101027,100,100484,100,101357,200,100461,100,101358,100,100376,100,101379,200,100296,100,101380,100,100062,100,101409,100,100038,100,101641,100,99996,100,102504,100,99949,100,102505,100,99893,100
2019-06-28 10:04:40.000000000,100991,291,100705,191,101027,191,100484,191,101357,291,100461,191,101358,191,100376,191,101379,291,100296,191,101380,100,100062,100,101409,100,100038,100,101641,100,99996,100,102504,100,99949,100,102505,100,99893,100
2019-06-28 10:04:45.709842508,100991,291,100705,91,101027,191,100484,191,101357,291,100461,191,101358,191,100376,191,101379,291,100296,191,101380,100,100062,100,101409,100,100038,100,101641,100,99996,100,102504,100,99949,100,102505,100,99893,100
2019-06-28 10:04:50.000000000,100991,428,100484,328,101027,328,100461,328,101357,200,100376,100,101358,100,100296,100,101379,200,100062,100,101380,100,100038,100,101409,100,99996,100,101641,100,99949,100,102504,100,99893,100,102505,100,99852,100
2019-06-28 10:04:54.128987828,100991,428,100484,328,101027,328,100461,328,101357,200,100376,100,101358,100,100296,100,101379,200,100062,100,101380,100,100038,100,101409,100,99996,100,102504,100,99949,100,102505,100,99900,100,102554,100,99893,100
2019-06-28 10:04:56.601036011,100991,428,100484,328,101027,328,100461,328,101357,200,100296,100,101358,100,100062,100,101379,200,100038,100,101380,100,99996,100,101409,100,99949,100,102504,100,99900,100,102505,100,99893,100,102554,100,99852,100
2019-06-28 10:05:00.000000000,100991,314,100484,214,101027,214,100461,214,101357,314,100296,214,101358,214,100062,214,101379,200,100038,100,101380,100,99996,100,101409,100,99949,100,102504,100,99900,100,102505,100,99893,100,102554,100,99852,100
2019-06-28 10:05:06.208705411,100991,314,100484,214,101027,214,100461,214,101357,314,100296,214,101358,214,100062,214,101379,200,100038,100,101380,100,99996,100,101409,100,99949,100,102505,100,99904,100,102554,100,99900,100,,,99893,100
2019-06-28 10:05:10.000000000,100991,428,100484,328,101027,328,100461,328,101357,200,100296,100,101358,100,100062,100,101379,200,100038,100,101380,100,99996,100,101409,100,99949,100,102505,100,99904,100,102554,100,99900,100,,,99893,100
2019-06-28 10:05:20.000000000,100991,428,100484,328,101027,328,100461,328,101357,200,100296,100,101358,100,100062,100,101379,200,100038,100,101380,100,99996,100,101409,100,99949,100,102505,100,99904,100,102554,100,99900,100,,,99893,100
2019-06-28 10:05:30.000000000,100991,291,100484,191,101027,191,100461,191,101357,291,100296,191,101358,191,100062,191,101379,291,100038,191,101380,100,99996,100,101409,100,99949,100,102505,100,99904,100,102554,100,99900,100,,,99893,100
2019-06-28 10:05:37.744527222,100991,291,100484,91,101027,191,100461,191,101357,291,100296,191,101358,191,100062,191,101379,291,100038,191,101380,100,99996,100,101409,100,99949,100,102505,100,99904,100,102554,100,99900,100,,,99893,100
2019-06-28 10:05:40.000000000,100991,314,100461,214,101027,214,100296,214,101357,314,100062,214,101358,214,100038,214,101379,200,99996,100,101380,100,99949,100,101409,100,99904,100,102505,100,99900,100,102554,100,99893,100,,,99852,100
2019-06-28 10:05:42.877065601,100991,314,100461,114,101027,214,100296,214,101357,314,100062,214,101358,214,100038,214,101379,200,99996,100,101380,100,99949,100,101409,100,99904,100,102505,100,99900,100,102554,100,99893,100,,,99852,100
2019-06-28 10:05:46.677399694,100991,314,100461,14,101027,214,100296,214,101357,314,100062,214,101358,214,100038,214,101379,200,99996,100,101380,100,99949,100,101409,100,99904,100,102505,100,99900,100,102554,100,99852,100,,,99810,100
2019-06-28 10:05:50.000000000,100991,355,100296,255,101027,251,100062,251,101357,351,100038,251,101358,100,99996,100,101379,200,99949,100,101380,100,99904,100,101409,100,99900,100,102505,100,99852,100,102554,100,99810,100,,,99754,100
2019-06-28 10:06:00.000000000,100991,428,100296,328,101027,328,100062,328,101357,200,100038,100,101358,100,99996,100,101379,200,99949,100,101380,100,99904,100,101409,100,99900,100,102505,100,99852,100,102554,100,99810,100,,,99754,100
2019-06-28 10:06:10.000000000,100991,291,100296,191,101027,191,100062,191,101357,291,100038,191,101358,191,99996,191,101379,291,99949,191,101380,100,99904,100,101409,100,99900,100,102505,100,99852,100,102554,100,99810,100,,,99754,100
2019-06-28 10:06:16.340435830,100991,291,100296,191,101027,191,100062,191,101357,291,100038,191,101358,191,99996,191,101379,291,99949,191,101380,100,99904,100,101409,100,99900,100,102505,100,99852,100,102554,100,99810,100,,,99754,100
2019-06-28 10:06:20.000000000,100991,355,100296,255,101027,251,100062,251,101357,351,100038,251,101358,100,99996,100,101379,200,99949,100,101380,100,99904,100,101409,100,99900,100,102505,100,99852,100,102554,100,99810,100,,,99754,100
2019-06-28 10:06:20.060608333,100991,355,100296,155,101027,251,100062,251,101357,351,100038,251,101358,100,99949,100,101379,200,99904,100,101380,100,99900,100,101409,100,99852,100,102505,100,99810,100,102554,100,99754,100,,,99717,100
2019-06-28 10:06:25.221039784,100461,100,100296,155,100991,255,100062,251,101027,251,100038,251,101357,351,99949,100,101358,100,99904,100,101379,200,99900,100,101380,100,99852,100,101409,100,99810,100,102505,100,99754,100,102554,100,99717,100
2019-06-28 10:06:30.000000000,100461,214,100062,214,100991,214,100038,214,101027,214,99949,214,101357,314,99904,214,101358,100,99900,100,101379,200,99852,100,101380,100,99810,100,101409,100,99754,100,102505,100,99717,100,102554,100,99530,100
2019-06-28 10:06:40.000000000,100461,328,100062,328,100991,328,100038,328,101027,100,99949,100,101357,200,99904,100,101358,100,99900,100,101379,200,99852,100,101380,100,99810,100,101409,100,99754,100,102505,100,99717,100,102554,100,99530,100
2019-06-28 10:06:50.000000000,100461,255,100062,255,100991,251,100038,251,101027,251,99949,251,101357,200,99904,100,101358,100,99900,100,101379,200,99852,100,101380,100,99810,100,101409,100,99754,100,102505,100,99717,100,102554,100,99530,100
