,ask_price_1,ask_size_1,bid_price_1,bid_size_1,ask_price_2,ask_size_2,bid_price_2,bid_size_2,ask_price_3,ask_size_3,bid_price_3,bid_size_3,ask_price_4,ask_size_4,bid_price_4,bid_size_4,ask_price_5,ask_size_5,bid_price_5,bid_size_5,ask_price_6,ask_size_6,bid_price_6,bid_size_6,ask_price_7,ask_size_7,bid_price_7,bid_size_7,ask_price_8,ask_size_8,bid_price_8,bid_size_8,ask_price_9,ask_size_9,bid_price_9,bid_size_9,ask_price_10,ask_size_10,bid_price_10,bid_size_10
2019-06-28 09:30:00.000000002,100091,100,,,,,,,,,,,,,,,,,,,,,,,,,,,,,,,,,,,,,,
2019-06-28 09:30:00.000000005,100091,100,99895,100,,,,,,,,,,,,,,,,,,,,,,,,,,,,,,,,,,,,
2019-06-28 09:30:00.000000008,100091,100,99976,100,,,99895,100,,,,,,,,,,,,,,,,,,,,,,,,,,,,,,,,
2019-06-28 09:30:00.000000010,100091,100,99976,100,100145,100,99954,100,,,99895,100,,,,,,,,,,,,,,,,,,,,,,,,,,,,
2019-06-28 09:30:00.000000015,100091,100,99976,100,100145,100,99954,100,,,99895,100,,,99835,100,,,,,,,,,,,,,,,,,,,,,,,,
2019-06-28 09:30:00.000000016,100091,100,99991,100,100145,100,99976,100,,,99954,100,,,99895,100,,,99835,100,,,,,,,,,,,,,,,,,,,,
2019-06-28 09:30:00.000000018,100091,100,99991,100,100145,100,99976,100,,,99954,100,,,99900,100,,,99895,100,,,99835,100,,,,,,,,,,,,,,,,
2019-06-28 09:30:00.000000019,100091,100,100025,100,100145,100,99991,100,,,99976,100,,,99954,100,,,99900,100,,,99895,100,,,99835,100,,,,,,,,,,,,
2019-06-28 09:30:00.000000020,100091,100,99991,100,100145,100,99976,100,,,99954,100,,,99900,100,,,99895,100,,,99835,100,,,,,,,,,,,,,,,,
2019-06-28 09:30:00.000000022,100091,100,99991,100,100145,100,99976,100,,,99954,100,,,99916,100,,,99900,100,,,99895,100,,,99835,100,,,,,,,,,,,,
2019-06-28 09:30:00.000000023,100091,100,99991,100,100145,100,99976,100,,,99954,100,,,99931,100,,,99916,100,,,99900,100,,,99895,100,,,99835,100,,,,,,,,
2019-06-28 09:30:00.000000024,100075,100,99991,100,100091,100,99976,100,100145,100,99954,100,,,99931,100,,,99916,100,,,99900,100,,,99895,100,,,99835,100,,,,,,,,
2019-06-28 09:30:00.000000027,100075,100,99976,100,100091,100,99954,100,100145,100,99931,100,,,99916,100,,,99900,100,,,99895,100,,,99835,100,,,,,,,,,,,,
2019-06-28 09:30:00.000000029,100075,100,99976,100,100078,100,99954,100,100091,100,99931,100,100145,100,99916,100,,,99900,100,,,99895,100,,,99835,100,,,,,,,,,,,,
2019-06-28 09:30:00.000000031,100025,100,99976,100,100075,100,99954,100,100078,100,99931,100,100091,100,99916,100,100145,100,99900,100,,,99895,100,,,99835,100,,,,,,,,,,,,
2019-06-28 09:30:00.000000036,100025,200,99976,100,100075,100,99954,100,100078,100,99931,100,100091,100,99916,100,100145,100,99900,100,,,99895,100,,,99835,100,,,,,,,,,,,,
2019-06-28 09:30:00.000000041,100025,300,99976,100,100075,100,99954,100,100078,100,99931,100,100091,100,99916,100,100145,100,99900,100,,,99895,100,,,99835,100,,,,,,,,,,,,
2019-06-28 09:30:00.000000042,100025,300,99976,100,100075,100,99954,100,100078,100,99931,100,100091,100,99916,100,100145,100,99900,100,,,99895,100,,,99874,100,,,99867,100,,,99835,100,,,,
2019-06-28 09:30:00.000000047,100025,300,99976,100,100033,100,99954,100,100075,100,99931,100,100078,100,99916,100,100091,100,99900,100,100145,100,99895,100,,,99874,100,,,99867,100,,,99835,100,,,,
2019-06-28 09:30:00.000000048,100025,400,99976,100,100033,100,99954,100,100075,100,99931,100,100078,100,99916,100,100091,100,99900,100,100145,100,99895,100,,,99874,100,,,99867,100,,,99835,100,,,,
2019-06-28 09:30:00.000000049,100025,400,99976,100,100033,100,99954,100,100075,100,99931,100,100078,100,99916,100,100091,100,99900,100,100120,100,99895,100,100145,100,99874,100,,,99867,100,,,99835,100,,,,
2019-06-28 09:30:00.000000050,100025,400,100000,100,100033,100,99977,100,100075,100,99976,100,100078,100,99954,100,100091,100,99931,100,100120,100,99916,100,100145,100,99900,100,,,99895,100,,,99874,100,,,99867,100
2019-06-28 09:30:00.000000051,100025,400,100000,100,100033,100,99977,100,100075,100,99976,100,100078,100,99954,100,100091,100,99931,100,100120,100,99916,100,100145,100,99900,100,,,99895,100,,,99881,100,,,99874,100
2019-06-28 09:30:00.000000052,100025,400,100000,100,100033,100,99991,100,100075,100,99977,100,100078,100,99976,100,100091,100,99954,100,100120,100,99931,100,100145,100,99916,100,,,99900,100,,,99895,100,,,99881,100
2019-06-28 09:30:00.000000053,100025,400,100000,100,100033,100,99991,100,100075,100,99977,100,100078,100,99976,100,100091,100,99954,100,100120,100,99931,100,100145,100,99916,100,,,99900,100,,,99895,100,,,99881,100
2019-06-28 09:30:00.000000054,100025,500,100000,100,100033,100,99991,100,100075,100,99977,100,100078,100,99976,100,100091,100,99954,100,100120,100,99931,100,100145,100,99916,100,,,99900,100,,,99895,100,,,99881,100
2019-06-28 09:30:00.000000055,100025,700,100000,100,100033,100,99991,100,100075,100,99977,100,100078,100,99976,100,100091,100,99954,100,100120,100,99931,100,100145,100,99916,100,,,99900,100,,,99895,100,,,99881,100
2019-06-28 09:30:00.000000056,100025,800,100000,100,100033,100,99991,100,100075,100,99977,100,100078,100,99976,100,100091,100,99954,100,100120,100,99931,100,100145,100,99916,100,,,99900,100,,,99895,100,,,99881,100
2019-06-28 09:30:00.000000059,100025,800,100000,100,100033,100,99998,100,100056,100,99991,100,100075,100,99977,100,100078,100,99976,100,100091,100,99954,100,100120,100,99931,100,100145,100,99916,100,,,99900,100,,,99895,100
2019-06-28 09:30:00.000000060,100025,800,100000,100,100033,100,99998,100,100056,100,99991,100,100075,100,99977,100,100078,100,99976,100,100091,100,99954,100,100109,100,99931,100,100120,100,99916,100,100145,100,99900,100,,,99895,100
2019-06-28 09:30:00.000000062,100025,700,100000,100,100033,100,99998,100,100056,100,99991,100,100075,100,99977,100,100078,100,99976,100,100081,100,99954,100,100091,100,99931,100,100109,100,99916,100,100120,100,99900,100,100145,100,99895,100
2019-06-28 09:30:00.000000063,100025,700,99998,100,100033,100,99991,100,100056,100,99977,100,100075,100,99976,100,100078,100,99954,100,100081,100,99931,100,100091,100,99916,100,100109,100,99900,100,100120,100,99895,100,100145,100,99881,100
2019-06-28 09:30:00.000000064,100024,100,99998,100,100025,700,99991,100,100033,100,99977,100,100056,100,99976,100,100075,100,99954,100,100078,100,99931,100,100081,100,99916,100,100091,100,99900,100,100109,100,99895,100,100120,100,99881,100
2019-06-28 09:30:00.000000065,100024,100,99998,100,100025,700,99991,100,100033,100,99977,100,100056,100,99976,200,100075,100,99954,100,100078,100,99931,100,100081,100,99916,100,100091,100,99900,100,100109,100,99895,100,100120,100,99881,100
2019-06-28 09:30:00.000000068,100024,200,99998,100,100025,700,99991,100,100033,100,99977,100,100056,100,99976,200,100075,100,99954,100,100078,100,99931,100,100081,100,99916,100,100091,100,99900,100,100109,100,99895,100,100120,100,99881,100
2019-06-28 09:30:00.000000069,100024,200,99998,100,100025,700,99991,100,100033,100,99977,100,100042,100,99976,200,100056,100,99954,100,100075,100,99931,100,100078,100,99916,100,100081,100,99900,100,100091,100,99895,100,100109,100,99881,100
2019-06-28 09:30:00.000000070,100024,300,99998,100,100025,700,99991,100,100033,100,99977,100,100042,100,99976,200,100056,100,99954,100,100075,100,99931,100,100078,100,99916,100,100081,100,99900,100,100091,100,99895,100,100109,100,99881,100
2019-06-28 09:30:00.000000073,100024,300,99998,100,100025,700,99991,100,100033,100,99977,100,100042,100,99976,200,100056,100,99954,100,100075,100,99931,100,100078,100,99929,100,100081,100,99916,100,100091,100,99900,100,100109,100,99895,100
2019-06-28 09:30:00.000000075,100024,200,99998,100,100025,700,99991,100,100033,100,99977,100,100042,100,99976,200,100046,100,99954,100,100056,100,99931,100,100075,100,99929,100,100078,100,99916,100,100081,100,99900,100,100091,100,99895,100
2019-06-28 09:30:00.000000076,100023,100,99998,100,100024,200,99991,100,100025,700,99977,100,100033,100,99976,200,100042,100,99954,100,100046,100,99931,100,100056,100,99929,100,100075,100,99927,100,100078,100,99916,100,100081,100,99900,100
2019-06-28 09:30:00.000000078,100023,100,99998,100,100024,200,99991,100,100025,700,99977,100,100033,100,99976,200,100042,100,99954,100,100046,100,99931,100,100056,100,99929,100,100075,100,99927,100,100078,100,99926,100,100081,100,99916,100
2019-06-28 09:30:00.000000079,100023,100,99998,100,100024,200,99991,100,100025,700,99977,100,100033,100,99976,200,100042,100,99954,100,100046,100,99931,100,100056,100,99929,100,100075,100,99927,100,100078,100,99926,100,100081,100,99916,100
2019-06-28 09:30:00.000000080,100023,100,99998,100,100024,200,99991,100,100025,700,99977,100,100033,100,99976,200,100042,100,99954,100,100046,100,99931,100,100056,100,99929,100,100075,100,99927,100,100078,100,99926,100,100081,100,99916,100
2019-06-28 09:30:00.000000081,100023,100,99998,100,100024,200,99991,100,100025,700,99977,100,100033,100,99976,200,100042,100,99954,100,100046,100,99931,100,100056,100,99929,100,100075,100,99927,100,100078,100,99926,100,100081,100,99916,100
2019-06-28 09:30:00.000000083,100023,200,99998,100,100024,200,99991,100,100025,700,99977,100,100033,100,99976,200,100042,100,99954,100,100046,100,99931,100,100056,100,99929,100,100075,100,99927,100,100078,100,99926,100,100081,100,99916,100
2019-06-28 09:30:00.000000084,100023,200,99998,100,100024,200,99991,100,100025,700,99977,100,100033,100,99976,200,100042,100,99954,100,100046,100,99931,100,100056,100,99929,100,100075,100,99927,100,100078,100,99926,100,100081,100,99916,100
2019-06-28 09:30:00.000000085,100023,200,99998,100,100024,200,99991,100,100025,700,99977,100,100033,100,99976,200,100042,100,99954,100,100046,100,99941,100,100056,100,99931,100,100075,100,99929,100,100078,100,99927,100,100081,100,99926,100
2019-06-28 09:30:00.000000087,100019,100,99998,100,100023,200,99991,100,100024,200,99977,100,100025,700,99976,200,100033,100,99954,100,100042,100,99941,100,100046,100,99931,100,100056,100,99929,100,100075,100,99927,100,100078,100,99926,100
2019-06-28 09:30:00.000000088,100019,100,99998,100,100023,200,99991,100,100024,200,99977,100,100025,700,99976,200,100033,100,99954,100,100042,100,99942,100,100046,100,99941,100,100056,100,99931,100,100075,100,99929,100,100078,100,99927,100
2019-06-28 09:30:00.000000089,100019,100,99998,100,100023,200,99991,100,100024,200,99977,100,100025,700,99976,200,100033,100,99971,100,100042,100,99954,100,100046,100,99942,100,100056,100,99941,100,100075,100,99931,100,100078,100,99929,100
2019-06-28 09:30:00.000000092,100019,100,99998,100,100023,200,99991,100,100024,200,99977,100,100025,700,99976,200,100033,100,99971,100,100042,100,99954,100,100046,100,99942,100,100056,100,99941,100,100059,100,99931,100,100075,100,99929,100
2019-06-28 09:30:00.000000094,100019,100,99998,100,100023,200,99991,100,100024,200,99977,100,100025,700,99976,200,100033,100,99971,100,100042,100,99954,100,100046,100,99942,100,100056,100,99941,100,100059,100,99936,100,100075,100,99931,100
2019-06-28 09:30:00.000000096,100010,100,99991,100,100019,100,99977,100,100023,200,99976,200,100024,200,99971,100,100025,700,99954,100,100033,100,99942,100,100042,100,99941,100,100046,100,99936,100,100056,100,99931,100,100059,100,99929,100
2019-06-28 09:30:00.000000097,100010,100,99991,100,100019,100,99977,100,100023,200,99976,200,100024,200,99971,100,100025,700,99963,100,100033,100,99954,100,100042,100,99942,100,100046,100,99941,100,100056,100,99936,100,100059,100,99931,100
2019-06-28 09:30:00.000000099,100010,100,99991,100,100019,100,99977,100,100023,200,99976,200,100024,200,99971,100,100025,700,99963,100,100033,100,99954,100,100042,100,99942,100,100046,100,99941,100,100056,100,99936,100,100059,100,99931,100
2019-06-28 09:30:10.000000000,100010,215,99991,215,100019,215,99977,215,100023,315,99976,315,100024,315,99971,215,100025,700,99963,100,100033,100,99954,100,100042,100,99942,100,100046,100,99941,100,100056,100,99936,100,100059,100,99931,100
2019-06-28 09:30:20.000000000,100010,256,99991,256,100019,251,99977,251,100023,351,99976,351,100024,200,99971,100,100025,700,99963,100,100033,100,99954,100,100042,100,99942,100,100046,100,99941,100,100056,100,99936,100,100059,100,99931,100
2019-06-28 09:30:30.000000000,100010,215,99991,215,100019,215,99977,215,100023,315,99976,315,100024,315,99971,215,100025,700,99963,100,100033,100,99954,100,100042,100,99942,100,100046,100,99941,100,100056,100,99936,100,100059,100,99931,100
2019-06-28 09:30:40.000000000,100010,256,99991,256,100019,251,99977,251,100023,351,99976,351,100024,200,99971,100,100025,700,99963,100,100033,100,99954,100,100042,100,99942,100,100046,100,99941,100,100056,100,99936,100,100059,100,99931,100
2019-06-28 09:30:42.372012351,100010,256,99991,256,100019,251,99977,251,100023,351,99976,351,100024,200,99971,100,100025,700,99963,100,100033,100,99954,100,100042,100,99942,100,100046,100,99941,100,100056,100,99931,100,100059,100,99929,100
2019-06-28 09:30:50.000000000,100010,330,99991,330,100019,330,99977,330,100023,200,99976,200,100024,200,99971,100,100025,700,99963,100,100033,100,99954,100,100042,100,99942,100,100046,100,99941,100,100056,100,99931,100,100059,100,99929,100
2019-06-28 09:31:00.000000000,100010,256,99991,256,100019,251,99977,251,100023,351,99976,351,100024,200,99971,100,100025,700,99963,100,100033,100,99954,100,100042,100,99942,100,100046,100,99941,100,100056,100,99931,100,100059,100,99929,100
2019-06-28 09:31:07.323128454,100010,256,99991,256,100019,251,99977,251,100022,100,99976,351,100023,351,99971,100,100024,200,99963,100,100025,700,99954,100,100033,100,99942,100,100042,100,99941,100,100046,100,99931,100,100056,100,99929,100
2019-06-28 09:31:10.000000000,100010,215,99991,215,100019,215,99977,215,100022,215,99976,315,100023,315,99971,215,100024,200,99963,100,100025,700,99954,100,100033,100,99942,100,100042,100,99941,100,100046,100,99931,100,100056,100,99929,100
2019-06-28 09:31:13.721539647,100010,215,99991,215,100019,215,99977,215,100022,215,99976,315,100023,315,99971,215,100024,100,99963,100,100025,700,99954,100,100033,100,99942,100,100042,100,99941,100,100046,100,99931,100,100056,100,99929,100
2019-06-28 09:31:17.105230151,100010,215,99991,215,100019,215,99977,215,100022,215,99976,315,100023,315,99971,215,100024,100,99963,100,100025,700,99954,100,100033,100,99942,100,100042,100,99941,100,100046,100,99931,100,100056,100,99929,100
2019-06-28 09:31:19.490870012,100009,100,99991,215,100010,215,99977,215,100019,215,99976,315,100022,215,99971,215,100023,215,99963,100,100024,100,99954,100,100025,700,99942,100,100033,100,99941,100,100042,100,99931,100,100046,100,99929,100
2019-06-28 09:31:20.000000000,100009,559,99991,559,100010,100,99977,100,100019,100,99976,200,100022,100,99971,100,100023,100,99963,100,100024,100,99954,100,100025,700,99942,100,100033,100,99941,100,100042,100,99931,100,100046,100,99929,100
2019-06-28 09:31:30.000000000,100009,559,99991,559,100010,100,99977,100,100019,100,99976,200,100022,100,99971,100,100023,100,99963,100,100024,100,99954,100,100025,700,99942,100,100033,100,99941,100,100042,100,99931,100,100046,100,99929,100
2019-06-28 09:31:40.000000000,100009,559,99991,559,100010,100,99977,100,100019,100,99976,200,100022,100,99971,100,100023,100,99963,100,100024,100,99954,100,100025,700,99942,100,100033,100,99941,100,100042,100,99931,100,100046,100,99929,100
2019-06-28 09:31:41.645885561,100009,559,99991,559,100010,100,99977,100,100019,100,99976,200,100022,100,99971,100,100023,100,99963,100,100024,100,99959,100,100025,700,99954,100,100033,100,99942,100,100046,100,99941,100,100056,100,99931,100
2019-06-28 09:31:50.000000000,100009,192,99991,192,100010,192,99977,192,100019,192,99976,292,100022,192,99971,192,100023,192,99963,192,100024,100,99959,100,100025,700,99954,100,100033,100,99942,100,100046,100,99941,100,100056,100,99931,100
2019-06-28 09:31:55.496806584,100009,292,99991,192,100010,192,99977,192,100019,192,99976,292,100022,192,99971,192,100023,192,99963,192,100024,100,99959,100,100025,600,99954,100,100033,100,99942,100,100046,100,99941,100,100056,100,99931,100
2019-06-28 09:32:00.000000000,100009,292,99991,192,100010,192,99977,192,100019,192,99976,292,100022,192,99971,192,100023,192,99963,192,100024,100,99959,100,100025,600,99954,100,100033,100,99942,100,100046,100,99941,100,100056,100,99931,100
2019-06-28 09:32:10.000000000,100009,356,99991,256,100010,251,99977,251,100019,251,99976,351,100022,100,99971,100,100023,100,99963,100,100024,100,99959,100,100025,600,99954,100,100033,100,99942,100,100046,100,99941,100,100056,100,99931,100
2019-06-28 09:32:20.000000000,100009,356,99991,256,100010,251,99977,251,100019,251,99976,351,100022,100,99971,100,100023,100,99963,100,100024,100,99959,100,100025,600,99954,100,100033,100,99942,100,100046,100,99941,100,100056,100,99931,100
2019-06-28 09:32:21.219437213,100009,356,99991,256,100010,251,99977,251,100019,251,99976,351,100022,100,99971,100,100023,100,99963,100,100024,100,99959,100,100025,600,99954,100,100033,100,99942,100,100046,100,99941,100,100056,100,99931,100
2019-06-28 09:32:21.562661226,100009,356,99991,256,100010,251,99977,251,100019,251,99976,351,100022,100,99971,100,100023,100,99963,100,100024,100,99959,100,100025,600,99954,100,100033,100,99942,100,100046,100,99941,100,100056,100,99931,100
2019-06-28 09:32:23.267589897,100004,100,99991,256,100009,356,99977,251,100010,251,99976,351,100019,251,99963,100,100022,100,99959,100,100023,100,99954,100,100024,100,99942,100,100025,600,99941,100,100033,100,99931,100,100046,100,99929,100
2019-06-28 09:32:23.854129426,100004,100,99991,256,100009,356,99977,251,100010,251,99976,351,100019,251,99963,100,100022,100,99959,100,100023,100,99954,100,100024,100,99942,100,100025,600,99941,100,100033,100,99931,100,100046,100,99927,100
2019-06-28 09:32:30.000000000,100004,330,99991,330,100009,430,99977,330,100010,100,99976,200,100019,100,99963,100,100022,100,99959,100,100023,100,99954,100,100024,100,99942,100,100025,600,99941,100,100033,100,99931,100,100046,100,99927,100
2019-06-28 09:32:40.000000000,100004,215,99991,215,100009,315,99977,215,100010,215,99976,315,100019,215,99963,215,100022,100,99959,100,100023,100,99954,100,100024,100,99942,100,100025,600,99941,100,100033,100,99931,100,100046,100,99927,100
2019-06-28 09:32:47.809020094,100004,115,99991,215,100009,315,99977,215,100010,215,99976,315,100019,215,99963,215,100022,100,99959,100,100023,100,99954,100,100024,100,99942,100,100025,600,99941,100,100033,100,99931,100,100046,100,99927,100
2019-06-28 09:32:50.000000000,100009,659,99991,559,100010,100,99977,100,100019,100,99976,200,100022,100,99963,100,100023,100,99959,100,100024,100,99954,100,100025,600,99942,100,100033,100,99941,100,100046,100,99931,100,100056,100,99927,100
2019-06-28 09:33:00.000000000,100009,659,99991,559,100010,100,99977,100,100019,100,99976,200,100022,100,99963,100,100023,100,99959,100,100024,100,99954,100,100025,600,99942,100,100033,100,99941,100,100046,100,99931,100,100056,100,99927,100
2019-06-28 09:33:10.000000000,100009,356,99991,256,100010,251,99977,251,100019,251,99976,351,100022,100,99963,100,100023,100,99959,100,100024,100,99954,100,100025,600,99942,100,100033,100,99941,100,100046,100,99931,100,100056,100,99927,100
2019-06-28 09:33:20.000000000,100009,292,99991,192,100010,192,99977,192,100019,192,99976,292,100022,192,99963,192,100023,192,99959,192,100024,100,99954,100,100025,600,99942,100,100033,100,99941,100,100046,100,99931,100,100056,100,99927,100
2019-06-28 09:33:26.641165046,100009,292,99991,92,100010,192,99977,192,100019,192,99976,292,100022,192,99963,192,100023,192,99959,192,100024,100,99954,100,100025,600,99942,100,100046,100,99941,100,100056,100,99931,100,100075,100,99927,100
2019-06-28 09:33:30.000000000,100009,315,99977,215,100010,215,99976,315,100019,215,99963,215,100022,215,99959,215,100023,100,99954,100,100024,100,99942,100,100025,600,99941,100,100046,100,99931,100,100056,100,99927,100,100075,100,99926,100
2019-06-28 09:33:40.000000000,100009,315,99977,215,100010,215,99976,315,100019,215,99963,215,100022,215,99959,215,100023,100,99954,100,100024,100,99942,100,100025,600,99941,100,100046,100,99931,100,100056,100,99927,100,100075,100,99926,100
2019-06-28 09:33:46.685344447,100003,100,99977,215,100009,315,99976,315,100010,215,99963,215,100019,215,99959,215,100022,215,99954,100,100023,100,99942,100,100025,600,99941,100,100046,100,99931,100,100056,100,99927,100,100075,100,99926,100
2019-06-28 09:33:50.000000000,100003,215,99977,215,100009,315,99976,315,100010,215,99963,215,100019,215,99959,215,100022,100,99954,100,100023,100,99942,100,100025,600,99941,100,100046,100,99931,100,100056,100,99927,100,100075,100,99926,100
2019-06-28 09:34:00.000000000,100003,215,99977,215,100009,315,99976,315,100010,215,99963,215,100019,215,99959,215,100022,100,99954,100,100023,100,99942,100,100025,600,99941,100,100046,100,99931,100,100056,100,99927,100,100075,100,99926,100
2019-06-28 09:34:10.000000000,100003,330,99977,330,100009,430,99976,430,100010,100,99963,100,100019,100,99959,100,100022,100,99954,100,100023,100,99942,100,100025,600,99941,100,100046,100,99931,100,100056,100,99927,100,100075,100,99926,100
2019-06-28 09:34:18.853726094,100003,430,99977,330,100009,330,99976,430,100010,100,99963,100,100019,100,99959,100,100022,100,99954,100,100023,100,99942,100,100025,600,99941,100,100046,100,99931,100,100056,100,99927,100,100075,100,99926,100
2019-06-28 09:34:20.000000000,100003,356,99977,256,100009,251,99976,351,100010,251,99963,251,100019,100,99959,100,100022,100,99954,100,100023,100,99942,100,100025,600,99941,100,100046,100,99931,100,100056,100,99927,100,100075,100,99926,100
2019-06-28 09:34:21.331726858,100003,356,99977,256,100009,251,99976,351,100010,251,99963,251,100019,100,99959,100,100022,100,99954,100,100023,100,99942,100,100025,600,99941,100,100046,100,99931,100,100056,100,99927,100,100075,100,99926,100
2019-06-28 09:34:30.000000000,100003,315,99977,215,100009,215,99976,315,100010,215,99963,215,100019,215,99959,215,100022,100,99954,100,100023,100,99942,100,100025,600,99941,100,100046,100,99931,100,100056,100,99927,100,100075,100,99926,100
2019-06-28 09:34:40.000000000,100003,292,99977,192,100009,192,99976,292,100010,192,99963,192,100019,192,99959,192,100022,192,99954,192,100023,100,99942,100,100025,600,99941,100,100046,100,99931,100,100056,100,99927,100,100075,100,99926,100
2019-06-28 09:34:40.114895417,100003,292,99977,192,100009,192,99976,292,100010,192,99963,192,100019,192,99959,192,100022,192,99954,192,100023,100,99942,100,100025,600,99941,100,100046,100,99931,100,100056,100,99927,100,100075,100,99926,100
2019-06-28 09:34:50.000000000,100003,356,99977,256,100009,251,99976,351,100010,251,99963,251,100019,100,99959,100,100022,100,99954,100,100023,100,99942,100,100025,600,99941,100,100046,100,99931,100,100056,100,99927,100,100075,100,99926,100
2019-06-28 09:34:50.157305470,100003,356,99977,256,100009,251,99976,351,100010,251,99963,251,100019,100,99954,100,100022,100,99942,100,100023,100,99941,100,100025,600,99931,100,100046,100,99927,100,100056,100,99926,100,100075,100,99911,100
2019-06-28 09:34:51.661838406,100003,356,99977,156,100009,251,99976,251,100010,251,99963,251,100019,100,99954,100,100022,100,99942,100,100023,100,99941,100,100025,600,99931,100,100046,100,99927,100,100056,100,99926,100,100075,100,99911,100
2019-06-28 09:35:00.000000000,100003,659,99976,559,100009,100,99963,100,100010,100,99954,100,100019,100,99942,100,100022,100,99941,100,100023,100,99931,100,100025,600,99927,100,100046,100,99926,100,100056,100,99911,100,100075,100,99900,100
2019-06-28 09:35:00.425723608,99991,100,99976,559,100003,659,99963,100,100009,100,99954,100,100010,100,99942,100,100019,100,99941,100,100022,100,99931,100,100023,100,99927,100,100025,500,99926,100,100046,100,99911,100,100056,100,99900,100
2019-06-28 09:35:01.815177834,99991,200,99976,559,100003,659,99963,100,100009,100,99954,100,100010,100,99942,100,100019,100,99941,100,100022,100,99931,100,100023,100,99927,100,100025,400,99926,100,100046,100,99911,100,100056,100,99900,100
2019-06-28 09:35:10.000000000,99991,659,99976,559,100003,200,99963,100,100009,100,99954,100,100010,100,99942,100,100019,100,99941,100,100022,100,99931,100,100023,100,99927,100,100025,400,99926,100,100046,100,99911,100,100056,100,99900,100
2019-06-28 09:35:20.000000000,99991,659,99976,559,100003,200,99963,100,100009,100,99954,100,100010,100,99942,100,100019,100,99941,100,100022,100,99931,100,100023,100,99927,100,100025,400,99926,100,100046,100,99911,100,100056,100,99900,100
2019-06-28 09:35:25.435989933,99991,759,99976,559,100003,200,99963,100,100009,100,99954,100,100010,100,99942,100,100019,100,99941,100,100022,100,99931,100,100023,100,99927,100,100025,400,99926,100,100046,100,99911,100,100056,100,99900,100
2019-06-28 09:35:30.000000000,99991,530,99976,330,100003,430,99963,330,100009,100,99954,100,100010,100,99942,100,100019,100,99941,100,100022,100,99931,100,100023,100,99927,100,100025,400,99926,100,100046,100,99911,100,100056,100,99900,100
2019-06-28 09:35:40.000000000,99991,392,99976,192,100003,292,99963,192,100009,192,99954,192,100010,192,99942,192,100019,192,99941,192,100022,100,99931,100,100023,100,99927,100,100025,400,99926,100,100046,100,99911,100,100056,100,99900,100
2019-06-28 09:35:43.261748068,99991,392,99976,192,100003,292,99963,192,100009,192,99954,192,100010,192,99942,192,100019,192,99941,192,100022,100,99931,100,100023,100,99927,100,100025,400,99926,100,100046,100,99911,100,100056,100,99900,100
2019-06-28 09:35:50.000000000,99991,759,99976,559,100003,200,99963,100,100009,100,99954,100,100010,100,99942,100,100019,100,99941,100,100022,100,99931,100,100023,100,99927,100,100025,400,99926,100,100046,100,99911,100,100056,100,99900,100
2019-06-28 09:35:54.267779823,99991,759,99976,459,100003,200,99963,100,100009,100,99954,100,100010,100,99942,100,100019,100,99941,100,100022,100,99931,100,100023,100,99927,100,100025,400,99911,100,100046,100,99900,100,100056,100,99895,100
2019-06-28 09:36:00.000000000,99991,759,99963,559,100003,200,99954,100,100009,100,99942,100,100010,100,99941,100,100019,100,99931,100,100022,100,99927,100,100023,100,99911,100,100025,400,99900,100,100046,100,99895,100,100056,100,99885,100
2019-06-28 09:36:05.337926714,99991,759,99963,459,100003,200,99954,100,100009,100,99942,100,100010,100,99941,100,100019,100,99931,100,100022,100,99927,100,100023,100,99911,100,100025,400,99900,100,100046,100,99895,100,100056,100,99885,100
2019-06-28 09:36:07.838457510,99991,759,99963,459,100003,200,99954,100,100009,100,99942,100,100010,100,99941,100,100019,100,99931,100,100022,100,99927,100,100023,100,99911,100,100025,400,99900,100,100046,100,99895,100,100056,100,99885,100
2019-06-28 09:36:10.000000000,99991,759,99954,559,100003,200,99942,100,100009,100,99941,100,100010,100,99931,100,100019,100,99927,100,100022,100,99911,100,100023,100,99900,100,100025,400,99895,100,100046,100,99885,100,100056,100,99881,100
2019-06-28 09:36:18.485004458,99991,759,99954,559,100003,200,99942,100,100009,100,99941,100,100010,100,99931,100,100019,100,99927,100,100022,100,99911,100,100023,100,99900,100,100025,400,99895,100,100046,100,99885,100,100056,100,99881,100
2019-06-28 09:36:20.000000000,99991,530,99954,330,100003,430,99942,330,100009,100,99941,100,100010,100,99931,100,100019,100,99927,100,100022,100,99911,100,100023,100,99900,100,100025,400,99895,100,100046,100,99885,100,100056,100,99881,100
2019-06-28 09:36:21.956573374,99991,430,99954,330,100003,430,99942,330,100009,100,99941,100,100010,100,99931,100,100019,100,99927,100,100022,100,99911,100,100023,100,99900,100,100025,400,99895,100,100046,100,99885,100,100056,100,99881,100
2019-06-28 09:36:24.481840934,99991,430,99954,330,100003,430,99942,330,100009,100,99941,100,100010,100,99931,100,100019,100,99927,100,100022,100,99911,100,100023,100,99900,100,100025,400,99895,100,100046,100,99885,100,100056,100,99881,100
2019-06-28 09:36:30.000000000,99991,356,99954,256,100003,351,99942,251,100009,251,99941,251,100010,100,99931,100,100019,100,99927,100,100022,100,99911,100,100023,100,99900,100,100025,400,99895,100,100046,100,99885,100,100056,100,99881,100
2019-06-28 09:36:40.000000000,99991,315,99954,215,100003,315,99942,215,100009,215,99941,215,100010,215,99931,215,100019,100,99927,100,100022,100,99911,100,100023,100,99900,100,100025,400,99895,100,100046,100,99885,100,100056,100,99881,100
2019-06-28 09:36:41.336477716,99991,315,99954,115,100003,315,99942,215,100009,215,99941,215,100010,215,99931,215,100019,100,99927,100,100022,100,99911,100,100023,100,99900,100,100025,400,99895,100,100046,100,99885,100,100056,100,99881,100
2019-06-28 09:36:44.287345564,99991,315,99954,115,100003,315,99942,215,100009,215,99941,215,100010,215,99931,215,100019,100,99927,100,100022,100,99911,100,100023,100,99900,100,100025,400,99895,100,100046,100,99885,100,100056,100,99881,100
2019-06-28 09:36:50.000000000,99991,315,99942,215,100003,315,99941,215,100009,215,99931,215,100010,215,99927,215,100019,100,99911,100,100022,100,99900,100,100023,100,99895,100,100025,400,99885,100,100046,100,99881,100,100056,100,99879,100
2019-06-28 09:37:00.000000000,99991,659,99942,559,100003,200,99941,100,100009,100,99931,100,100010,100,99927,100,100019,100,99911,100,100022,100,99900,100,100023,100,99895,100,100025,400,99885,100,100046,100,99881,100,100056,100,99879,100
2019-06-28 09:37:10.000000000,99991,430,99942,330,100003,430,99941,330,100009,100,99931,100,100010,100,99927,100,100019,100,99911,100,100022,100,99900,100,100023,100,99895,100,100025,400,99885,100,100046,100,99881,100,100056,100,99879,100
2019-06-28 09:37:20.000000000,99991,659,99942,559,100003,200,99941,100,100009,100,99931,100,100010,100,99927,100,100019,100,99911,100,100022,100,99900,100,100023,100,99895,100,100025,400,99885,100,100046,100,99881,100,100056,100,99879,100
2019-06-28 09:37:30.000000000,99991,659,99942,559,100003,200,99941,100,100009,100,99931,100,100010,100,99927,100,100019,100,99911,100,100022,100,99900,100,100023,100,99895,100,100025,400,99885,100,100046,100,99881,100,100056,100,99879,100
2019-06-28 09:37:40.000000000,99991,292,99942,192,100003,292,99941,192,100009,192,99931,192,100010,192,99927,192,100019,192,99911,192,100022,100,99900,100,100023,100,99895,100,100025,400,99885,100,100046,100,99881,100,100056,100,99879,100
2019-06-28 09:37:50.000000000,99991,315,99942,215,100003,315,99941,215,100009,215,99931,215,100010,215,99927,215,100019,100,99911,100,100022,100,99900,100,100023,100,99895,100,100025,400,99885,100,100046,100,99881,100,100056,100,99879,100
2019-06-28 09:38:00.000000000,99991,659,99942,559,100003,200,99941,100,100009,100,99931,100,100010,100,99927,100,100019,100,99911,100,100022,100,99900,100,100023,100,99895,100,100025,400,99885,100,100046,100,99881,100,100056,100,99879,100
2019-06-28 09:38:04.531031548,99991,659,99942,559,100003,200,99941,100,100009,100,99931,100,100010,100,99927,100,100019,100,99911,100,100022,100,99900,100,100023,100,99895,100,100025,400,99885,100,100046,100,99881,100,100056,100,99879,100
2019-06-28 09:38:09.007727862,99991,659,99942,559,100003,200,99941,100,100009,100,99931,100,100010,100,99911,100,100019,100,99900,100,100022,100,99895,100,100023,100,99885,100,100025,400,99881,100,100046,100,99879,100,100056,100,99874,100
2019-06-28 09:38:10.000000000,99991,292,99942,192,100003,292,99941,192,100009,192,99931,192,100010,192,99911,192,100019,192,99900,192,100022,100,99895,100,100023,100,99885,100,100025,400,99881,100,100046,100,99879,100,100056,100,99874,100
2019-06-28 09:38:11.932542332,99991,292,99942,192,100003,292,99941,192,100009,192,99931,192,100010,192,99911,192,100019,192,99900,192,100022,100,99895,100,100023,100,99885,100,100025,400,99881,100,100046,100,99879,100,100056,100,99874,100
2019-06-28 09:38:16.776484913,99991,292,99942,92,100003,292,99941,192,100009,192,99931,192,100010,192,99911,192,100019,192,99900,192,100022,100,99895,100,100023,100,99885,100,100025,400,99881,100,100046,100,99879,100,100056,100,99874,100
2019-06-28 09:38:20.000000000,99991,292,99941,192,100003,292,99931,192,100009,192,99911,192,100010,192,99900,192,100019,192,99895,192,100022,100,99885,100,100023,100,99881,100,100025,400,99879,100,100046,100,99874,100,100056,100,99867,100
2019-06-28 09:38:29.160386668,99991,292,99941,192,100003,292,99931,192,100009,192,99911,192,100010,192,99900,192,100019,192,99895,192,100022,100,99885,100,100023,100,99881,100,100025,400,99879,100,100046,100,99874,100,100056,100,99867,100
2019-06-28 09:38:30.000000000,99991,315,99941,215,100003,315,99931,215,100009,215,99911,215,100010,215,99900,215,100019,100,99895,100,100022,100,99885,100,100023,100,99881,100,100025,400,99879,100,100046,100,99874,100,100056,100,99867,100
2019-06-28 09:38:37.464433036,99991,315,99941,115,100003,315,99931,215,100009,215,99911,215,100010,215,99900,215,100019,100,99895,100,100022,100,99881,100,100023,100,99879,100,100025,400,99874,100,100046,100,99867,100,100056,100,99855,100
2019-06-28 09:38:40.000000000,99991,356,99931,256,100003,351,99911,251,100009,251,99900,251,100010,100,99895,100,100019,100,99881,100,100022,100,99879,100,100023,100,99874,100,100025,400,99867,100,100046,100,99855,100,100056,100,99835,100
2019-06-28 09:38:43.292942665,99991,356,99931,256,100003,351,99911,251,100009,251,99900,251,100010,100,99895,100,100019,100,99879,100,100022,100,99874,100,100023,100,99867,100,100025,400,99855,100,100046,100,99835,100,100056,100,99802,100
2019-06-28 09:38:43.560893643,99991,356,99931,156,100003,351,99911,251,100009,251,99900,251,100010,100,99895,100,100019,100,99879,100,100022,100,99874,100,100023,100,99867,100,100025,400,99855,100,100046,100,99835,100,100056,100,99802,100
2019-06-28 09:38:50.000000000,99991,659,99911,559,100003,200,99900,100,100009,100,99895,100,100010,100,99879,100,100019,100,99874,100,100022,100,99867,100,100023,100,99855,100,100025,400,99835,100,100046,100,99802,100,100056,100,99784,100
2019-06-28 09:39:00.000000000,99991,292,99911,192,100003,292,99900,192,100009,192,99895,192,100010,192,99879,192,100019,192,99874,192,100022,100,99867,100,100023,100,99855,100,100025,400,99835,100,100046,100,99802,100,100056,100,99784,100
2019-06-28 09:39:03.113206893,99991,292,99911,92,100003,292,99900,192,100009,192,99895,192,100010,192,99879,192,100019,192,99874,192,100022,100,99867,100,100023,100,99855,100,100025,400,99835,100,100046,100,99802,100,100056,100,99784,100
2019-06-28 09:39:10.000000000,99991,315,99900,215,100003,315,99895,215,100009,215,99879,215,100010,215,99874,215,100019,100,99867,100,100022,100,99855,100,100023,100,99835,100,100025,400,99802,100,100046,100,99784,100,100056,100,99686,100
2019-06-28 09:39:17.686622681,99991,315,99900,215,100003,315,99895,215,100009,215,99879,215,100010,215,99874,215,100019,100,99867,100,100022,100,99855,100,100023,100,99835,100,100025,400,99802,100,100046,100,99784,100,100056,100,99686,100
2019-06-28 09:39:20.000000000,99991,315,99900,215,100003,315,99895,215,100009,215,99879,215,100010,215,99874,215,100019,100,99867,100,100022,100,99855,100,100023,100,99835,100,100025,400,99802,100,100046,100,99784,100,100056,100,99686,100
2019-06-28 09:39:26.000357814,99991,315,99900,215,100003,315,99895,215,100009,215,99879,215,100010,215,99874,215,100019,100,99867,100,100022,100,99855,100,100023,100,99835,100,100025,400,99802,100,100046,100,99784,100,100056,100,99686,100
2019-06-28 09:39:28.303240512,99931,100,99900,215,99991,315,99895,215,100003,315,99879,215,100009,215,99874,215,100010,215,99867,100,100019,100,99855,100,100022,100,99835,100,100023,100,99802,100,100025,400,99784,100,100046,100,99686,100
2019-06-28 09:39:30.000000000,99931,330,99900,330,99991,430,99895,330,100003,200,99879,100,100009,100,99874,100,100010,100,99867,100,100019,100,99855,100,100022,100,99835,100,100023,100,99802,100,100025,400,99784,100,100046,100,99686,100
2019-06-28 09:39:37.675793089,99931,330,99900,330,99991,330,99895,330,100003,200,99879,100,100009,100,99874,100,100010,100,99867,100,100019,100,99855,100,100022,100,99835,100,100023,100,99802,100,100025,400,99784,100,100046,100,99686,100
2019-06-28 09:39:40.000000000,99931,559,99900,559,99991,100,99895,100,100003,200,99879,100,100009,100,99874,100,100010,100,99867,100,100019,100,99855,100,100022,100,99835,100,100023,100,99802,100,100025,400,99784,100,100046,100,99686,100
2019-06-28 09:39:50.000000000,99931,330,99900,330,99991,330,99895,330,100003,200,99879,100,100009,100,99874,100,100010,100,99867,100,100019,100,99855,100,100022,100,99835,100,100023,100,99802,100,100025,400,99784,100,100046,100,99686,100
2019-06-28 09:40:00.000000000,99931,559,99900,559,99991,100,99895,100,100003,200,99879,100,100009,100,99874,100,100010,100,99867,100,100019,100,99855,100,100022,100,99835,100,100023,100,99802,100,100025,400,99784,100,100046,100,99686,100
2019-06-28 09:40:07.589908487,99931,659,99900,559,99991,100,99895,100,100003,200,99879,100,100009,100,99874,100,100010,100,99867,100,100019,100,99855,100,100022,100,99835,100,100023,100,99802,100,100025,300,99784,100,100046,100,99686,100
2019-06-28 09:40:10.000000000,99931,430,99900,330,99991,330,99895,330,100003,200,99879,100,100009,100,99874,100,100010,100,99867,100,100019,100,99855,100,100022,100,99835,100,100023,100,99802,100,100025,300,99784,100,100046,100,99686,100
2019-06-28 09:40:18.012647677,99931,530,99900,330,99991,330,99895,330,100003,200,99879,100,100009,100,99874,100,100010,100,99867,100,100019,100,99855,100,100022,100,99835,100,100023,100,99802,100,100025,200,99784,100,100046,100,99686,100
2019-06-28 09:40:20.000000000,99931,392,99900,192,99991,192,99895,192,100003,292,99879,192,100009,192,99874,192,100010,192,99867,192,100019,100,99855,100,100022,100,99835,100,100023,100,99802,100,100025,200,99784,100,100046,100,99686,100
2019-06-28 09:40:30.000000000,99931,415,99900,215,99991,215,99895,215,100003,315,99879,215,100009,215,99874,215,100010,100,99867,100,100019,100,99855,100,100022,100,99835,100,100023,100,99802,100,100025,200,99784,100,100046,100,99686,100
2019-06-28 09:40:40.000000000,99931,415,99900,215,99991,215,99895,215,100003,315,99879,215,100009,215,99874,215,100010,100,99867,100,100019,100,99855,100,100022,100,99835,100,100023,100,99802,100,100025,200,99784,100,100046,100,99686,100
2019-06-28 09:40:50.000000000,99931,392,99900,192,99991,192,99895,192,100003,292,99879,192,100009,192,99874,192,100010,192,99867,192,100019,100,99855,100,100022,100,99835,100,100023,100,99802,100,100025,200,99784,100,100046,100,99686,100
2019-06-28 09:41:00.000000000,99931,759,99900,559,99991,100,99895,100,100003,200,99879,100,100009,100,99874,100,100010,100,99867,100,100019,100,99855,100,100022,100,99835,100,100023,100,99802,100,100025,200,99784,100,100046,100,99686,100
2019-06-28 09:41:09.999636033,99931,759,99900,459,99991,100,99895,100,100003,200,99879,100,100009,100,99874,100,100010,100,99867,100,100019,100,99855,100,100022,100,99835,100,100023,100,99802,100,100025,200,99784,100,100046,100,99686,100
2019-06-28 09:41:10.000000000,99931,530,99895,330,99991,330,99879,330,100003,200,99874,100,100009,100,99867,100,100010,100,99855,100,100019,100,99835,100,100022,100,99802,100,100023,100,99784,100,100025,200,99686,100,100046,100,99621,100
2019-06-28 09:41:20.000000000,99931,530,99895,330,99991,330,99879,330,100003,200,99874,100,100009,100,99867,100,100010,100,99855,100,100019,100,99835,100,100022,100,99802,100,100023,100,99784,100,100025,200,99686,100,100046,100,99621,100
2019-06-28 09:41:24.096255647,99931,530,99895,330,99991,330,99879,330,100003,200,99874,100,100009,100,99867,100,100010,100,99855,100,100019,100,99835,100,100022,100,99802,100,100023,100,99784,100,100025,200,99686,100,100046,100,99621,100
2019-06-28 09:41:30.000000000,99931,530,99895,330,99991,330,99879,330,100003,200,99874,100,100009,100,99867,100,100010,100,99855,100,100019,100,99835,100,100022,100,99802,100,100023,100,99784,100,100025,200,99686,100,100046,100,99621,100
2019-06-28 09:41:40.000000000,99931,530,99895,330,99991,330,99879,330,100003,200,99874,100,100009,100,99867,100,100010,100,99855,100,100019,100,99835,100,100022,100,99802,100,100023,100,99784,100,100025,200,99686,100,100046,100,99621,100
2019-06-28 09:41:41.351189428,99931,530,99895,330,99991,230,99879,330,100003,200,99874,100,100009,100,99867,100,100010,100,99855,100,100019,100,99835,100,100022,100,99802,100,100023,100,99784,100,100025,200,99686,100,100046,100,99621,100
2019-06-28 09:41:42.172786018,99931,530,99895,230,99991,230,99879,330,100003,200,99874,100,100009,100,99867,100,100010,100,99855,100,100019,100,99835,100,100022,100,99802,100,100023,100,99784,100,100025,200,99686,100,100046,100,99621,100
2019-06-28 09:41:50.000000000,99931,392,99879,192,100003,292,99874,192,100009,192,99867,192,100010,192,99855,192,100019,192,99835,192,100022,100,99802,100,100023,100,99784,100,100025,200,99686,100,100046,100,99621,100,100056,100,99608,100
2019-06-28 09:42:00.000000000,99931,415,99879,215,100003,315,99874,215,100009,215,99867,215,100010,215,99855,215,100019,100,99835,100,100022,100,99802,100,100023,100,99784,100,100025,200,99686,100,100046,100,99621,100,100056,100,99608,100
2019-06-28 09:42:03.597524543,99931,415,99879,215,100003,315,99874,215,100009,215,99867,215,100010,215,99855,215,100019,100,99835,100,100022,100,99802,100,100023,100,99784,100,100025,200,99686,100,100046,100,99621,100,100056,100,99608,100
2019-06-28 09:42:10.000000000,99931,759,99879,559,100003,200,99874,100,100009,100,99867,100,100010,100,99855,100,100019,100,99835,100,100022,100,99802,100,100023,100,99784,100,100025,200,99686,100,100046,100,99621,100,100056,100,99608,100
2019-06-28 09:42:20.000000000,99931,415,99879,215,100003,315,99874,215,100009,215,99867,215,100010,215,99855,215,100019,100,99835,100,100022,100,99802,100,100023,100,99784,100,100025,200,99686,100,100046,100,99621,100,100056,100,99608,100
2019-06-28 09:42:30.000000000,99931,530,99879,330,100003,430,99874,330,100009,100,99867,100,100010,100,99855,100,100019,100,99835,100,100022,100,99802,100,100023,100,99784,100,100025,200,99686,100,100046,100,99621,100,100056,100,99608,100
2019-06-28 09:42:39.183029945,99931,530,99879,330,100003,430,99874,330,100009,100,99867,100,100010,100,99855,100,100019,100,99835,100,100022,100,99802,100,100023,100,99784,100,100025,200,99686,100,100046,100,99621,100,100056,100,99608,100
2019-06-28 09:42:40.000000000,99931,456,99879,256,100003,351,99874,251,100009,251,99867,251,100010,100,99855,100,100019,100,99835,100,100022,100,99802,100,100023,100,99784,100,100025,200,99686,100,100046,100,99621,100,100056,100,99608,100
2019-06-28 09:42:50.000000000,99931,759,99879,559,100003,200,99874,100,100009,100,99867,100,100010,100,99855,100,100019,100,99835,100,100022,100,99802,100,100023,100,99784,100,100025,200,99686,100,100046,100,99621,100,100056,100,99608,100
2019-06-28 09:42:54.185021582,99931,759,99879,459,100003,200,99867,100,100009,100,99855,100,100010,100,99835,100,100019,100,99802,100,100022,100,99784,100,100023,100,99686,100,100025,200,99621,100,100046,100,99608,100,100056,100,99581,100
2019-06-28 09:43:00.000000000,99931,456,99867,256,100003,351,99855,251,100009,251,99835,251,100010,100,99802,100,100019,100,99784,100,100022,100,99686,100,100023,100,99621,100,100025,200,99608,100,100046,100,99581,100,100056,100,99550,100
2019-06-28 09:43:09.455405478,99931,456,99867,256,100003,251,99855,251,100009,251,99835,251,100010,100,99802,100,100019,100,99784,100,100022,100,99686,100,100023,100,99621,100,100025,200,99608,100,100046,100,99581,100,100056,100,99550,100
2019-06-28 09:43:10.000000000,99931,456,99867,256,100003,251,99855,251,100009,251,99835,251,100010,100,99802,100,100019,100,99784,100,100022,100,99686,100,100023,100,99621,100,100025,200,99608,100,100046,100,99581,100,100056,100,99550,100
2019-06-28 09:43:16.828103292,99931,456,99867,156,100003,251,99855,251,100009,251,99835,251,100019,100,99802,100,100022,100,99784,100,100023,100,99686,100,100025,200,99621,100,100046,100,99608,100,100056,100,99581,100,100078,100,99550,100
2019-06-28 09:43:20.000000000,99931,392,99855,192,100003,192,99835,192,100009,192,99802,192,100019,192,99784,192,100022,192,99686,192,100023,100,99621,100,100025,200,99608,100,100046,100,99581,100,100056,100,99550,100,100078,100,99541,100
2019-06-28 09:43:25.130349647,99879,100,99855,192,99931,392,99835,192,100003,192,99802,192,100009,192,99784,192,100019,192,99686,192,100022,192,99621,100,100023,100,99608,100,100025,200,99581,100,100046,100,99550,100,100056,100,99541,100
2019-06-28 09:43:25.161227882,99879,100,99855,92,99931,392,99835,192,100003,192,99802,192,100009,192,99784,192,100019,192,99686,192,100022,192,99621,100,100023,100,99581,100,100025,200,99550,100,100046,100,99541,100,100056,100,99505,100
2019-06-28 09:43:30.000000000,99879,330,99835,330,99931,530,99802,330,100003,100,99784,100,100009,100,99686,100,100019,100,99621,100,100022,100,99581,100,100023,100,99550,100,100025,200,99541,100,100046,100,99505,100,100056,100,99457,100
2019-06-28 09:43:32.398678448,99879,330,99835,330,99931,530,99802,330,100003,100,99784,100,100009,100,99686,100,100019,100,99621,100,100022,100,99581,100,100023,100,99550,100,100025,200,99541,100,100046,100,99505,100,100056,100,99457,100
2019-06-28 09:43:40.000000000,99879,215,99835,215,99931,415,99802,215,100003,215,99784,215,100009,215,99686,215,100019,100,99621,100,100022,100,99581,100,100023,100,99550,100,100025,200,99541,100,100046,100,99505,100,100056,100,99457,100
2019-06-28 09:43:50.000000000,99879,559,99835,559,99931,300,99802,100,100003,100,99784,100,100009,100,99686,100,100019,100,99621,100,100022,100,99581,100,100023,100,99550,100,100025,200,99541,100,100046,100,99505,100,100056,100,99457,100
2019-06-28 09:44:00.000000000,99879,256,99835,256,99931,451,99802,251,100003,251,99784,251,100009,100,99686,100,100019,100,99621,100,100022,100,99581,100,100023,100,99550,100,100025,200,99541,100,100046,100,99505,100,100056,100,99457,100
2019-06-28 09:44:05.938322446,99879,256,99835,156,99931,451,99802,251,100003,251,99784,251,100009,100,99686,100,100019,100,99621,100,100022,100,99581,100,100023,100,99550,100,100025,200,99541,100,100046,100,99505,100,100056,100,99457,100
2019-06-28 09:44:10.000000000,99879,192,99802,192,99931,392,99784,192,100003,192,99686,192,100009,192,99621,192,100019,192,99581,192,100022,100,99550,100,100023,100,99541,100,100025,200,99505,100,100046,100,99457,100,100056,100,99449,100
2019-06-28 09:44:12.411213014,99879,192,99802,192,99931,392,99784,192,100003,92,99686,192,100009,192,99621,192,100019,192,99581,192,100022,100,99550,100,100023,100,99541,100,100025,200,99505,100,100046,100,99457,100,100056,100,99449,100
2019-06-28 09:44:20.000000000,99879,256,99802,256,99931,451,99784,251,100009,251,99686,251,100019,100,99621,100,100022,100,99581,100,100023,100,99550,100,100025,200,99541,100,100046,100,99505,100,100056,100,99457,100,100078,100,99449,100
2019-06-28 09:44:30.000000000,99879,330,99802,330,99931,530,99784,330,100009,100,99686,100,100019,100,99621,100,100022,100,99581,100,100023,100,99550,100,100025,200,99541,100,100046,100,99505,100,100056,100,99457,100,100078,100,99449,100
2019-06-28 09:44:40.000000000,99879,192,99802,192,99931,392,99784,192,100009,192,99686,192,100019,192,99621,192,100022,192,99581,192,100023,100,99550,100,100025,200,99541,100,100046,100,99505,100,100056,100,99457,100,100078,100,99449,100
2019-06-28 09:44:42.656191316,99879,192,99802,192,99931,392,99784,192,100009,192,99686,192,100019,192,99621,192,100022,192,99581,192,100023,100,99550,100,100025,200,99541,100,100046,100,99505,100,100056,100,99457,100,100078,100,99449,100
2019-06-28 09:44:50.000000000,99879,256,99802,256,99931,451,99784,251,100009,251,99686,251,100019,100,99621,100,100022,100,99581,100,100023,100,99550,100,100025,200,99541,100,100046,100,99505,100,100056,100,99457,100,100078,100,99449,100
2019-06-28 09:45:00.000000000,99879,559,99802,559,99931,300,99784,100,100009,100,99686,100,100019,100,99621,100,100022,100,99581,100,100023,100,99550,100,100025,200,99541,100,100046,100,99505,100,100056,100,99457,100,100078,100,99449,100
2019-06-28 09:45:10.000000000,99879,256,99802,256,99931,451,99784,251,100009,251,99686,251,100019,100,99621,100,100022,100,99581,100,100023,100,99550,100,100025,200,99541,100,100046,100,99505,100,100056,100,99457,100,100078,100,99449,100
2019-06-28 09:45:13.557264029,99879,256,99802,256,99931,451,99784,251,100009,251,99686,251,100019,100,99621,100,100022,100,99581,100,100023,100,99550,100,100025,200,99541,100,100046,100,99505,100,100056,100,99471,100,100078,100,99457,100
2019-06-28 09:45:20.000000000,99879,559,99802,559,99931,300,99784,100,100009,100,99686,100,100019,100,99621,100,100022,100,99581,100,100023,100,99550,100,100025,200,99541,100,100046,100,99505,100,100056,100,99471,100,100078,100,99457,100
2019-06-28 09:45:30.000000000,99879,256,99802,256,99931,451,99784,251,100009,251,99686,251,100019,100,99621,100,100022,100,99581,100,100023,100,99550,100,100025,200,99541,100,100046,100,99505,100,100056,100,99471,100,100078,100,99457,100
2019-06-28 09:45:40.000000000,99879,330,99802,330,99931,530,99784,330,100009,100,99686,100,100019,100,99621,100,100022,100,99581,100,100023,100,99550,100,100025,200,99541,100,100046,100,99505,100,100056,100,99471,100,100078,100,99457,100
2019-06-28 09:45:50.000000000,99879,559,99802,559,99931,300,99784,100,100009,100,99686,100,100019,100,99621,100,100022,100,99581,100,100023,100,99550,100,100025,200,99541,100,100046,100,99505,100,100056,100,99471,100,100078,100,99457,100
2019-06-28 09:45:57.757094475,99879,559,99802,559,99899,100,99784,100,99931,300,99686,100,100009,100,99621,100,100019,100,99581,100,100022,100,99550,100,100023,100,99541,100,100025,200,99505,100,100046,100,99471,100,100056,100,99457,100
2019-06-28 09:45:58.332850663,99879,559,99802,459,99899,100,99784,100,99931,300,99686,100,100009,100,99621,100,100019,100,99581,100,100022,100,99550,100,100023,100,99541,100,100025,200,99505,100,100046,100,99471,100,100056,100,99457,100
2019-06-28 09:46:00.000000000,99879,559,99784,559,99899,100,99686,100,99931,300,99621,100,100009,100,99581,100,100019,100,99550,100,100022,100,99541,100,100023,100,99505,100,100025,200,99471,100,100046,100,99457,100,100056,100,99449,100
2019-06-28 09:46:10.000000000,99879,192,99784,192,99899,192,99686,192,99931,392,99621,192,100009,192,99581,192,100019,192,99550,192,100022,100,99541,100,100023,100,99505,100,100025,200,99471,100,100046,100,99457,100,100056,100,99449,100
2019-06-28 09:46:20.000000000,99879,256,99784,256,99899,251,99686,251,99931,451,99621,251,100009,100,99581,100,100019,100,99550,100,100022,100,99541,100,100023,100,99505,100,100025,200,99471,100,100046,100,99457,100,100056,100,99449,100
2019-06-28 09:46:30.000000000,99879,215,99784,215,99899,215,99686,215,99931,415,99621,215,100009,215,99581,215,100019,100,99550,100,100022,100,99541,100,100023,100,99505,100,100025,200,99471,100,100046,100,99457,100,100056,100,99449,100
2019-06-28 09:46:33.563871369,99879,115,99784,215,99899,215,99686,215,99931,415,99621,215,100009,215,99581,215,100019,100,99550,100,100022,100,99541,100,100023,100,99505,100,100025,200,99471,100,100046,100,99457,100,100056,100,99449,100
2019-06-28 09:46:40.000000000,99899,215,99784,215,99931,415,99686,215,100009,215,99621,215,100019,215,99581,215,100022,100,99550,100,100023,100,99541,100,100025,200,99505,100,100046,100,99471,100,100056,100,99457,100,100078,100,99449,100
2019-06-28 09:46:50.000000000,99899,256,99784,256,99931,451,99686,251,100009,251,99621,251,100019,100,99581,100,100022,100,99550,100,100023,100,99541,100,100025,200,99505,100,100046,100,99471,100,100056,100,99457,100,100078,100,99449,100
2019-06-28 09:46:51.962911134,99899,256,99784,256,99931,451,99686,251,100009,251,99621,251,100019,100,99581,100,100022,100,99550,100,100023,100,99541,100,100025,200,99505,100,100046,100,99471,100,100051,100,99457,100,100056,100,99449,100
2019-06-28 09:46:55.775708408,99899,256,99896,100,99931,451,99784,256,100009,251,99686,251,100019,100,99621,251,100022,100,99581,100,100023,100,99550,100,100025,200,99541,100,100046,100,99505,100,100051,100,99471,100,100056,100,99457,100
2019-06-28 09:46:56.859119438,99899,256,99896,100,99931,451,99784,256,99977,100,99686,251,100009,251,99621,251,100019,100,99581,100,100022,100,99550,100,100023,100,99541,100,100025,200,99505,100,100046,100,99471,100,100051,100,99457,100
2019-06-28 09:47:00.000000000,99899,330,99896,330,99931,530,99784,330,99977,100,99686,100,100009,100,99621,100,100019,100,99581,100,100022,100,99550,100,100023,100,99541,100,100025,200,99505,100,100046,100,99471,100,100051,100,99457,100
2019-06-28 09:47:10.000000000,99899,192,99896,192,99931,392,99784,192,99977,192,99686,192,100009,192,99621,192,100019,192,99581,192,100022,100,99550,100,100023,100,99541,100,100025,200,99505,100,100046,100,99471,100,100051,100,99457,100
2019-06-28 09:47:16.918800718,99899,192,99896,192,99931,392,99784,192,99977,192,99686,192,100009,192,99621,192,100019,192,99581,192,100022,100,99550,100,100023,100,99541,100,100025,200,99505,100,100046,100,99471,100,100051,100,99457,100
2019-06-28 09:47:20.000000000,99899,192,99896,192,99931,392,99784,192,99977,192,99686,192,100009,192,99621,192,100019,192,99581,192,100022,100,99550,100,100023,100,99541,100,100025,200,99505,100,100046,100,99471,100,100051,100,99457,100
2019-06-28 09:47:30.000000000,99899,192,99896,192,99931,392,99784,192,99977,192,99686,192,100009,192,99621,192,100019,192,99581,192,100022,100,99550,100,100023,100,99541,100,100025,200,99505,100,100046,100,99471,100,100051,100,99457,100
2019-06-28 09:47:36.657114052,99899,192,99896,192,99931,392,99803,100,99977,192,99784,192,100009,192,99686,192,100019,192,99621,192,100022,100,99581,192,100023,100,99550,100,100025,200,99541,100,100046,100,99505,100,100051,100,99471,100
2019-06-28 09:47:40.000000000,99899,256,99896,256,99931,451,99803,251,99977,251,99784,251,100009,100,99686,100,100019,100,99621,100,100022,100,99581,100,100023,100,99550,100,100025,200,99541,100,100046,100,99505,100,100051,100,99471,100
2019-06-28 09:47:50.000000000,99899,330,99896,330,99931,530,99803,330,99977,100,99784,100,100009,100,99686,100,100019,100,99621,100,100022,100,99581,100,100023,100,99550,100,100025,200,99541,100,100046,100,99505,100,100051,100,99471,100
2019-06-28 09:48:00.000000000,99899,330,99896,330,99931,530,99803,330,99977,100,99784,100,100009,100,99686,100,100019,100,99621,100,100022,100,99581,100,100023,100,99550,100,100025,200,99541,100,100046,100,99505,100,100051,100,99471,100
2019-06-28 09:48:05.409279447,99899,330,99896,230,99931,430,99803,330,99977,100,99784,100,100009,100,99686,100,100019,100,99621,100,100022,100,99581,100,100023,100,99550,100,100025,200,99541,100,100046,100,99505,100,100051,100,99471,100
2019-06-28 09:48:10.000000000,99899,559,99803,559,99931,200,99784,100,99977,100,99686,100,100009,100,99621,100,100019,100,99581,100,100022,100,99550,100,100023,100,99541,100,100025,200,99505,100,100046,100,99471,100,100051,100,99457,100
2019-06-28 09:48:11.279445225,99899,559,99803,459,99931,200,99784,100,99977,100,99686,100,100009,100,99621,100,100019,100,99581,100,100022,100,99550,100,100023,100,99541,100,100025,200,99505,100,100046,100,99471,100,100051,100,99457,100
2019-06-28 09:48:20.000000000,99899,256,99784,256,99931,351,99686,251,99977,251,99621,251,100009,100,99581,100,100019,100,99550,100,100022,100,99541,100,100023,100,99505,100,100025,200,99471,100,100046,100,99457,100,100051,100,99449,100
2019-06-28 09:48:30.000000000,99899,559,99784,559,99931,200,99686,100,99977,100,99621,100,100009,100,99581,100,100019,100,99550,100,100022,100,99541,100,100023,100,99505,100,100025,200,99471,100,100046,100,99457,100,100051,100,99449,100
2019-06-28 09:48:38.333107831,99899,559,99784,559,99931,200,99686,100,99977,100,99621,100,100009,100,99581,100,100019,100,99550,100,100022,100,99541,100,100023,100,99529,100,100025,200,99505,100,100046,100,99471,100,100051,100,99457,100
2019-06-28 09:48:40.000000000,99899,256,99784,256,99931,351,99686,251,99977,251,99621,251,100009,100,99581,100,100019,100,99550,100,100022,100,99541,100,100023,100,99529,100,100025,200,99505,100,100046,100,99471,100,100051,100,99457,100
2019-06-28 09:48:50.000000000,99899,215,99784,215,99931,315,99686,215,99977,215,99621,215,100009,215,99581,215,100019,100,99550,100,100022,100,99541,100,100023,100,99529,100,100025,200,99505,100,100046,100,99471,100,100051,100,99457,100
2019-06-28 09:49:00.000000000,99899,559,99784,559,99931,200,99686,100,99977,100,99621,100,100009,100,99581,100,100019,100,99550,100,100022,100,99541,100,100023,100,99529,100,100025,200,99505,100,100046,100,99471,100,100051,100,99457,100
2019-06-28 09:49:06.777657051,99899,559,99784,559,99920,100,99686,100,99931,200,99621,100,99977,100,99581,100,100009,100,99550,100,100019,100,99541,100,100022,100,99529,100,100023,100,99505,100,100025,200,99471,100,100046,100,99457,100
2019-06-28 09:49:10.000000000,99899,215,99784,215,99920,215,99686,215,99931,315,99621,215,99977,215,99581,215,100009,100,99550,100,100019,100,99541,100,100022,100,99529,100,100023,100,99505,100,100025,200,99471,100,100046,100,99457,100
2019-06-28 09:49:20.000000000,99899,256,99784,256,99920,251,99686,251,99931,351,99621,251,99977,100,99581,100,100009,100,99550,100,100019,100,99541,100,100022,100,99529,100,100023,100,99505,100,100025,200,99471,100,100046,100,99457,100
2019-06-28 09:49:30.000000000,99899,559,99784,559,99920,100,99686,100,99931,200,99621,100,99977,100,99581,100,100009,100,99550,100,100019,100,99541,100,100022,100,99529,100,100023,100,99505,100,100025,200,99471,100,100046,100,99457,100
2019-06-28 09:49:40.000000000,99899,215,99784,215,99920,215,99686,215,99931,315,99621,215,99977,215,99581,215,100009,100,99550,100,100019,100,99541,100,100022,100,99529,100,100023,100,99505,100,100025,200,99471,100,100046,100,99457,100
2019-06-28 09:49:50.000000000,99899,330,99784,330,99920,330,99686,330,99931,200,99621,100,99977,100,99581,100,100009,100,99550,100,100019,100,99541,100,100022,100,99529,100,100023,100,99505,100,100025,200,99471,100,100046,100,99457,100
2019-06-28 09:49:53.060365289,99899,330,99784,330,99920,330,99686,330,99931,200,99621,100,99977,100,99581,100,100009,100,99550,100,100019,100,99541,100,100022,100,99529,100,100023,100,99505,100,100025,200,99471,100,100046,100,99457,100
2019-06-28 09:49:55.563958924,99899,330,99784,330,99920,230,99686,330,99931,200,99621,100,99977,100,99581,100,100009,100,99550,100,100019,100,99541,100,100022,100,99529,100,100023,100,99505,100,100025,200,99471,100,100046,100,99457,100
2019-06-28 09:50:00.000000000,99899,256,99784,256,99931,351,99686,251,99977,251,99621,251,100009,100,99581,100,100019,100,99550,100,100022,100,99541,100,100023,100,99529,100,100025,200,99505,100,100046,100,99471,100,100051,100,99457,100
2019-06-28 09:50:00.988166404,99899,256,99784,256,99931,351,99686,251,99977,251,99621,251,100009,100,99581,100,100019,100,99550,100,100022,100,99541,100,100023,100,99529,100,100025,200,99505,100,100046,100,99471,100,100051,100,99457,100
2019-06-28 09:50:10.000000000,99899,192,99784,192,99931,292,99686,192,99977,192,99621,192,100009,192,99581,192,100019,192,99550,192,100022,100,99541,100,100023,100,99529,100,100025,200,99505,100,100046,100,99471,100,100051,100,99457,100
2019-06-28 09:50:20.000000000,99899,256,99784,256,99931,351,99686,251,99977,251,99621,251,100009,100,99581,100,100019,100,99550,100,100022,100,99541,100,100023,100,99529,100,100025,200,99505,100,100046,100,99471,100,100051,100,99457,100
2019-06-28 09:50:20.995706334,99896,100,99784,256,99899,256,99686,251,99931,351,99621,251,99977,251,99581,100,100009,100,99550,100,100019,100,99541,100,100022,100,99529,100,100023,100,99505,100,100025,200,99471,100,100046,100,99457,100
2019-06-28 09:50:30.000000000,99896,559,99784,559,99899,100,99686,100,99931,200,99621,100,99977,100,99581,100,100009,100,99550,100,100019,100,99541,100,100022,100,99529,100,100023,100,99505,100,100025,200,99471,100,100046,100,99457,100
2019-06-28 09:50:40.000000000,99896,192,99784,192,99899,192,99686,192,99931,292,99621,192,99977,192,99581,192,100009,192,99550,192,100019,100,99541,100,100022,100,99529,100,100023,100,99505,100,100025,200,99471,100,100046,100,99457,100
2019-06-28 09:50:50.000000000,99896,330,99784,330,99899,330,99686,330,99931,200,99621,100,99977,100,99581,100,100009,100,99550,100,100019,100,99541,100,100022,100,99529,100,100023,100,99505,100,100025,200,99471,100,100046,100,99457,100
2019-06-28 09:51:00.000000000,99896,559,99784,559,99899,100,99686,100,99931,200,99621,100,99977,100,99581,100,100009,100,99550,100,100019,100,99541,100,100022,100,99529,100,100023,100,99505,100,100025,200,99471,100,100046,100,99457,100
2019-06-28 09:51:10.000000000,99896,330,99784,330,99899,330,99686,330,99931,200,99621,100,99977,100,99581,100,100009,100,99550,100,100019,100,99541,100,100022,100,99529,100,100023,100,99505,100,100025,200,99471,100,100046,100,99457,100
2019-06-28 09:51:20.000000000,99896,256,99784,256,99899,251,99686,251,99931,351,99621,251,99977,100,99581,100,100009,100,99550,100,100019,100,99541,100,100022,100,99529,100,100023,100,99505,100,100025,200,99471,100,100046,100,99457,100
2019-06-28 09:51:29.063431575,99896,356,99784,256,99899,251,99686,251,99931,351,99621,251,99977,100,99581,100,100009,100,99550,100,100019,100,99541,100,100022,100,99529,100,100023,100,99505,100,100025,200,99471,100,100046,100,99457,100
2019-06-28 09:51:30.000000000,99896,315,99784,215,99899,215,99686,215,99931,315,99621,215,99977,215,99581,215,100009,100,99550,100,100019,100,99541,100,100022,100,99529,100,100023,100,99505,100,100025,200,99471,100,100046,100,99457,100
2019-06-28 09:51:40.000000000,99896,356,99784,256,99899,251,99686,251,99931,351,99621,251,99977,100,99581,100,100009,100,99550,100,100019,100,99541,100,100022,100,99529,100,100023,100,99505,100,100025,200,99471,100,100046,100,99457,100
2019-06-28 09:51:50.000000000,99896,430,99784,330,99899,330,99686,330,99931,200,99621,100,99977,100,99581,100,100009,100,99550,100,100019,100,99541,100,100022,100,99529,100,100023,100,99505,100,100025,200,99471,100,100046,100,99457,100
2019-06-28 09:51:54.618646889,99896,530,99784,330,99899,330,99686,330,99931,200,99621,100,99977,100,99581,100,100009,100,99550,100,100019,100,99541,100,100022,100,99529,100,100023,100,99505,100,100025,200,99471,100,100046,100,99457,100
2019-06-28 09:52:00.000000000,99896,759,99784,559,99899,100,99686,100,99931,200,99621,100,99977,100,99581,100,100009,100,99550,100,100019,100,99541,100,100022,100,99529,100,100023,100,99505,100,100025,200,99471,100,100046,100,99457,100
2019-06-28 09:52:10.000000000,99896,456,99784,256,99899,251,99686,251,99931,351,99621,251,99977,100,99581,100,100009,100,99550,100,100019,100,99541,100,100022,100,99529,100,100023,100,99505,100,100025,200,99471,100,100046,100,99457,100
2019-06-28 09:52:20.000000000,99896,456,99784,256,99899,251,99686,251,99931,351,99621,251,99977,100,99581,100,100009,100,99550,100,100019,100,99541,100,100022,100,99529,100,100023,100,99505,100,100025,200,99471,100,100046,100,99457,100
2019-06-28 09:52:30.000000000,99896,759,99784,559,99899,100,99686,100,99931,200,99621,100,99977,100,99581,100,100009,100,99550,100,100019,100,99541,100,100022,100,99529,100,100023,100,99505,100,100025,200,99471,100,100046,100,99457,100
2019-06-28 09:52:37.721507049,99896,759,99784,559,99899,100,99686,100,99931,200,99621,100,99977,100,99581,100,100009,100,99550,100,100019,100,99541,100,100022,100,99529,100,100023,100,99505,100,100025,200,99471,100,100046,100,99457,100
2019-06-28 09:52:40.000000000,99896,530,99784,330,99899,330,99686,330,99931,200,99621,100,99977,100,99581,100,100009,100,99550,100,100019,100,99541,100,100022,100,99529,100,100023,100,99505,100,100025,200,99471,100,100046,100,99457,100
2019-06-28 09:52:40.367555428,99806,100,99784,330,99896,530,99686,330,99899,330,99621,100,99931,200,99581,100,99977,100,99550,100,100009,100,99541,100,100019,100,99529,100,100022,100,99505,100,100023,100,99471,100,100025,200,99457,100
2019-06-28 09:52:43.991826499,99806,100,99784,330,99896,630,99686,330,99899,330,99621,100,99931,200,99581,100,99977,100,99550,100,100009,100,99541,100,100019,100,99529,100,100022,100,99505,100,100023,100,99471,100,100025,200,99457,100
2019-06-28 09:52:50.000000000,99806,330,99784,330,99896,630,99686,330,99899,100,99621,100,99931,200,99581,100,99977,100,99550,100,100009,100,99541,100,100019,100,99529,100,100022,100,99505,100,100023,100,99471,100,100025,200,99457,100
2019-06-28 09:53:00.000000000,99806,330,99784,330,99896,630,99686,330,99899,100,99621,100,99931,200,99581,100,99977,100,99550,100,100009,100,99541,100,100019,100,99529,100,100022,100,99505,100,100023,100,99471,100,100025,200,99457,100
2019-06-28 09:53:07.899680217,99806,330,99786,100,99896,630,99784,330,99899,100,99686,330,99931,200,99621,100,99977,100,99581,100,100009,100,99550,100,100019,100,99541,100,100022,100,99529,100,100023,100,99505,100,100025,200,99471,100
2019-06-28 09:53:10.000000000,99806,559,99786,559,99896,400,99784,100,99899,100,99686,100,99931,200,99621,100,99977,100,99581,100,100009,100,99550,100,100019,100,99541,100,100022,100,99529,100,100023,100,99505,100,100025,200,99471,100
2019-06-28 09:53:11.343395799,99806,559,99786,459,99896,400,99784,100,99899,100,99686,100,99931,200,99621,100,99977,100,99581,100,100009,100,99550,100,100019,100,99541,100,100022,100,99529,100,100023,100,99505,100,100025,200,99471,100
2019-06-28 09:53:20.000000000,99806,192,99784,192,99896,492,99686,192,99899,192,99621,192,99931,292,99581,192,99977,192,99550,192,100009,100,99541,100,100019,100,99529,100,100022,100,99505,100,100023,100,99471,100,100025,200,99457,100
2019-06-28 09:53:30.000000000,99806,559,99784,559,99896,400,99686,100,99899,100,99621,100,99931,200,99581,100,99977,100,99550,100,100009,100,99541,100,100019,100,99529,100,100022,100,99505,100,100023,100,99471,100,100025,200,99457,100
2019-06-28 09:53:39.192668649,99806,559,99804,100,99896,400,99784,559,99899,100,99686,100,99931,200,99621,100,99977,100,99581,100,100009,100,99550,100,100019,100,99541,100,100022,100,99529,100,100023,100,99505,100,100025,200,99471,100
2019-06-28 09:53:40.000000000,99806,256,99804,256,99896,551,99784,251,99899,251,99686,251,99931,200,99621,100,99977,100,99581,100,100009,100,99550,100,100019,100,99541,100,100022,100,99529,100,100023,100,99505,100,100025,200,99471,100
2019-06-28 09:53:40.176799085,99806,256,99804,356,99896,551,99784,251,99899,251,99686,251,99931,200,99621,100,99977,100,99581,100,100019,100,99550,100,100022,100,99541,100,100023,100,99529,100,100025,200,99505,100,100046,100,99471,100
2019-06-28 09:53:50.000000000,99806,192,99804,292,99896,492,99784,192,99899,192,99686,192,99931,292,99621,192,99977,192,99581,192,100019,100,99550,100,100022,100,99541,100,100023,100,99529,100,100025,200,99505,100,100046,100,99471,100
2019-06-28 09:54:00.000000000,99806,256,99804,356,99896,551,99784,251,99899,251,99686,251,99931,200,99621,100,99977,100,99581,100,100019,100,99550,100,100022,100,99541,100,100023,100,99529,100,100025,200,99505,100,100046,100,99471,100
2019-06-28 09:54:10.000000000,99806,330,99804,430,99896,630,99784,330,99899,100,99686,100,99931,200,99621,100,99977,100,99581,100,100019,100,99550,100,100022,100,99541,100,100023,100,99529,100,100025,200,99505,100,100046,100,99471,100
2019-06-28 09:54:20.000000000,99806,192,99804,292,99896,492,99784,192,99899,192,99686,192,99931,292,99621,192,99977,192,99581,192,100019,100,99550,100,100022,100,99541,100,100023,100,99529,100,100025,200,99505,100,100046,100,99471,100
2019-06-28 09:54:30.000000000,99806,215,99804,315,99896,515,99784,215,99899,215,99686,215,99931,315,99621,215,99977,100,99581,100,100019,100,99550,100,100022,100,99541,100,100023,100,99529,100,100025,200,99505,100,100046,100,99471,100
2019-06-28 09:54:33.354453623,99806,215,99804,215,99896,515,99784,215,99899,215,99686,215,99931,315,99621,215,99977,100,99581,100,100019,100,99550,100,100022,100,99541,100,100023,100,99529,100,100025,200,99505,100,100046,100,99471,100
2019-06-28 09:54:40.000000000,99806,330,99804,330,99896,630,99784,330,99899,100,99686,100,99931,200,99621,100,99977,100,99581,100,100019,100,99550,100,100022,100,99541,100,100023,100,99529,100,100025,200,99505,100,100046,100,99471,100
2019-06-28 09:54:50.000000000,99806,215,99804,215,99896,515,99784,215,99899,215,99686,215,99931,315,99621,215,99977,100,99581,100,100019,100,99550,100,100022,100,99541,100,100023,100,99529,100,100025,200,99505,100,100046,100,99471,100
2019-06-28 09:55:00.000000000,99806,256,99804,256,99896,551,99784,251,99899,251,99686,251,99931,200,99621,100,99977,100,99581,100,100019,100,99550,100,100022,100,99541,100,100023,100,99529,100,100025,200,99505,100,100046,100,99471,100
2019-06-28 09:55:08.644390235,99806,256,99804,256,99896,551,99784,251,99899,251,99686,251,99931,200,99621,100,99977,100,99581,100,100019,100,99550,100,100022,100,99541,100,100023,100,99529,100,100025,200,99505,100,100046,100,99471,100
2019-06-28 09:55:10.000000000,99806,215,99804,215,99896,515,99784,215,99899,215,99686,215,99931,315,99621,215,99977,100,99581,100,100019,100,99550,100,100022,100,99541,100,100023,100,99529,100,100025,200,99505,100,100046,100,99471,100
2019-06-28 09:55:20.000000000,99806,330,99804,330,99896,630,99784,330,99899,100,99686,100,99931,200,99621,100,99977,100,99581,100,100019,100,99550,100,100022,100,99541,100,100023,100,99529,100,100025,200,99505,100,100046,100,99471,100
2019-06-28 09:55:30.000000000,99806,559,99804,559,99896,400,99784,100,99899,100,99686,100,99931,200,99621,100,99977,100,99581,100,100019,100,99550,100,100022,100,99541,100,100023,100,99529,100,100025,200,99505,100,100046,100,99471,100
2019-06-28 09:55:37.879180125,99806,559,99804,459,99896,400,99784,100,99899,100,99686,100,99931,200,99621,100,99977,100,99581,100,100019,100,99550,100,100022,100,99541,100,100023,100,99529,100,100025,200,99505,100,100046,100,99471,100
2019-06-28 09:55:39.611441097,99806,559,99804,359,99896,300,99784,100,99899,100,99686,100,99931,200,99621,100,99977,100,99581,100,100019,100,99550,100,100022,100,99541,100,100023,100,99529,100,100025,200,99505,100,100046,100,99471,100
2019-06-28 09:55:40.000000000,99806,215,99784,215,99896,415,99686,215,99899,215,99621,215,99931,315,99581,215,99977,100,99550,100,100019,100,99541,100,100022,100,99529,100,100023,100,99505,100,100025,200,99471,100,100046,100,99457,100
2019-06-28 09:55:50.000000000,99806,256,99784,256,99896,451,99686,251,99899,251,99621,251,99931,200,99581,100,99977,100,99550,100,100019,100,99541,100,100022,100,99529,100,100023,100,99505,100,100025,200,99471,100,100046,100,99457,100
2019-06-28 09:55:57.417276507,99804,100,99784,256,99806,256,99686,251,99896,451,99621,251,99899,251,99581,100,99931,200,99550,100,99977,100,99541,100,100019,100,99529,100,100022,100,99505,100,100023,100,99471,100,100025,200,99457,100
2019-06-28 09:56:00.000000000,99804,559,99784,559,99806,100,99686,100,99896,300,99621,100,99899,100,99581,100,99931,200,99550,100,99977,100,99541,100,100019,100,99529,100,100022,100,99505,100,100023,100,99471,100,100025,200,99457,100
2019-06-28 09:56:10.000000000,99804,330,99784,330,99806,330,99686,330,99896,300,99621,100,99899,100,99581,100,99931,200,99550,100,99977,100,99541,100,100019,100,99529,100,100022,100,99505,100,100023,100,99471,100,100025,200,99457,100
2019-06-28 09:56:14.589436200,99804,330,99784,330,99806,330,99686,330,99896,300,99621,100,99899,100,99581,100,99931,200,99550,100,99977,100,99541,100,100019,100,99529,100,100022,100,99505,100,100023,100,99471,100,100025,200,99457,100
2019-06-28 09:56:15.863154273,99804,330,99784,230,99806,330,99686,330,99896,300,99621,100,99899,100,99581,100,99931,200,99550,100,99977,100,99541,100,100019,100,99529,100,100022,100,99505,100,100023,100,99471,100,100025,200,99457,100
2019-06-28 09:56:20.000000000,99804,215,99686,215,99806,215,99621,215,99896,415,99581,215,99899,215,99550,215,99931,200,99541,100,99977,100,99529,100,100019,100,99505,100,100022,100,99471,100,100023,100,99457,100,100025,200,99449,100
2019-06-28 09:56:27.099427224,99804,215,99686,215,99806,215,99621,215,99831,100,99581,215,99896,415,99550,215,99899,215,99541,100,99931,200,99529,100,99977,100,99505,100,100019,100,99471,100,100022,100,99457,100,100023,100,99449,100
2019-06-28 09:56:30.000000000,99804,559,99686,559,99806,100,99621,100,99831,100,99581,100,99896,300,99550,100,99899,100,99541,100,99931,200,99529,100,99977,100,99505,100,100019,100,99471,100,100022,100,99457,100,100023,100,99449,100
2019-06-28 09:56:40.000000000,99804,256,99686,256,99806,251,99621,251,99831,251,99581,251,99896,300,99550,100,99899,100,99541,100,99931,200,99529,100,99977,100,99505,100,100019,100,99471,100,100022,100,99457,100,100023,100,99449,100
2019-06-28 09:56:40.031048991,99804,256,99686,256,99806,251,99621,251,99831,251,99581,251,99896,300,99550,100,99899,100,99541,100,99931,200,99529,100,99977,100,99505,100,100019,100,99471,100,100022,100,99457,100,100023,100,99449,100
2019-06-28 09:56:47.719476221,99804,256,99686,156,99806,251,99621,251,99831,251,99581,251,99896,300,99550,100,99899,100,99541,100,99931,200,99529,100,99977,100,99505,100,100019,100,99471,100,100022,100,99457,100,100023,100,99449,100
2019-06-28 09:56:49.342071635,99804,256,99686,56,99806,251,99621,251,99831,251,99581,251,99896,300,99550,100,99899,100,99541,100,99931,200,99529,100,99977,100,99505,100,100019,100,99471,100,100022,100,99457,100,100023,100,99449,100
2019-06-28 09:56:50.000000000,99804,192,99621,192,99806,192,99581,192,99831,192,99550,192,99896,392,99541,192,99899,192,99529,192,99931,200,99505,100,99977,100,99471,100,100019,100,99457,100,100022,100,99449,100,100023,100,99381,100
2019-06-28 09:56:58.007497189,99686,100,99621,192,99804,192,99581,192,99806,192,99550,192,99831,192,99541,192,99896,392,99529,192,99899,192,99505,100,99931,200,99471,100,99977,100,99457,100,100019,100,99449,100,100022,100,99381,100
2019-06-28 09:56:59.187470831,99686,100,99621,192,99804,192,99598,100,99806,192,99581,192,99831,192,99550,192,99896,392,99541,192,99899,192,99529,192,99931,200,99505,100,99977,100,99471,100,100019,100,99457,100,100022,100,99449,100
2019-06-28 09:56:59.547443680,99686,200,99621,192,99804,192,99598,100,99806,192,99581,192,99831,192,99550,192,99896,392,99541,192,99899,192,99529,192,99931,200,99505,100,99977,100,99471,100,100019,100,99457,100,100022,100,99449,100
2019-06-28 09:57:00.000000000,99686,659,99621,559,99804,100,99598,100,99806,100,99581,100,99831,100,99550,100,99896,300,99541,100,99899,100,99529,100,99931,200,99505,100,99977,100,99471,100,100019,100,99457,100,100022,100,99449,100
2019-06-28 09:57:10.000000000,99686,659,99621,559,99804,100,99598,100,99806,100,99581,100,99831,100,99550,100,99896,300,99541,100,99899,100,99529,100,99931,200,99505,100,99977,100,99471,100,100019,100,99457,100,100022,100,99449,100
2019-06-28 09:57:19.445051445,99686,659,99621,559,99804,100,99618,100,99806,100,99598,100,99831,100,99581,100,99896,300,99550,100,99899,100,99541,100,99931,200,99529,100,99977,100,99505,100,100019,100,99471,100,100022,100,99457,100
2019-06-28 09:57:20.000000000,99686,292,99621,192,99804,192,99618,192,99806,192,99598,192,99831,192,99581,192,99896,392,99550,192,99899,100,99541,100,99931,200,99529,100,99977,100,99505,100,100019,100,99471,100,100022,100,99457,100
2019-06-28 09:57:30.000000000,99686,356,99621,256,99804,251,99618,251,99806,251,99598,251,99831,100,99581,100,99896,300,99550,100,99899,100,99541,100,99931,200,99529,100,99977,100,99505,100,100019,100,99471,100,100022,100,99457,100
2019-06-28 09:57:35.579637195,99686,356,99621,156,99804,251,99618,251,99806,251,99598,251,99831,100,99581,100,99896,300,99550,100,99899,100,99541,100,99931,200,99529,100,99977,100,99505,100,100019,100,99471,100,100022,100,99457,100
2019-06-28 09:57:40.000000000,99686,659,99618,559,99804,100,99598,100,99806,100,99581,100,99831,100,99550,100,99896,300,99541,100,99899,100,99529,100,99931,200,99505,100,99977,100,99471,100,100019,100,99457,100,100022,100,99449,100
2019-06-28 09:57:50.000000000,99686,292,99618,192,99804,192,99598,192,99806,192,99581,192,99831,192,99550,192,99896,392,99541,192,99899,100,99529,100,99931,200,99505,100,99977,100,99471,100,100019,100,99457,100,100022,100,99449,100
2019-06-28 09:58:00.000000000,99686,356,99618,256,99804,251,99598,251,99806,251,99581,251,99831,100,99550,100,99896,300,99541,100,99899,100,99529,100,99931,200,99505,100,99977,100,99471,100,100019,100,99457,100,100022,100,99449,100
2019-06-28 09:58:08.699446841,99686,356,99618,256,99804,251,99598,251,99806,251,99581,251,99831,100,99550,100,99896,300,99541,100,99899,100,99540,100,99931,200,99529,100,99977,100,99505,100,100019,100,99471,100,100022,100,99457,100
2019-06-28 09:58:10.000000000,99686,292,99618,192,99804,192,99598,192,99806,192,99581,192,99831,192,99550,192,99896,392,99541,192,99899,100,99540,100,99931,200,99529,100,99977,100,99505,100,100019,100,99471,100,100022,100,99457,100
2019-06-28 09:58:20.000000000,99686,659,99618,559,99804,100,99598,100,99806,100,99581,100,99831,100,99550,100,99896,300,99541,100,99899,100,99540,100,99931,200,99529,100,99977,100,99505,100,100019,100,99471,100,100022,100,99457,100
2019-06-28 09:58:24.401963033,99686,659,99622,100,99804,100,99618,559,99806,100,99598,100,99831,100,99581,100,99896,300,99550,100,99899,100,99541,100,99931,200,99540,100,99977,100,99529,100,100019,100,99505,100,100022,100,99471,100
2019-06-28 09:58:30.000000000,99686,292,99622,192,99804,192,99618,192,99806,192,99598,192,99831,192,99581,192,99896,392,99550,192,99899,100,99541,100,99931,200,99540,100,99977,100,99529,100,100019,100,99505,100,100022,100,99471,100
2019-06-28 09:58:30.440878732,99686,292,99622,92,99804,192,99618,192,99806,192,99598,192,99831,192,99581,192,99896,392,99550,192,99899,100,99541,100,99931,200,99540,100,99977,100,99529,100,100019,100,99505,100,100022,100,99471,100
2019-06-28 09:58:40.000000000,99686,292,99618,192,99804,192,99598,192,99806,192,99581,192,99831,192,99550,192,99896,392,99541,192,99899,100,99540,100,99931,200,99529,100,99977,100,99505,100,100019,100,99471,100,100022,100,99457,100
2019-06-28 09:58:48.058279867,99686,292,99618,192,99804,192,99598,192,99806,192,99581,192,99831,192,99550,192,99896,392,99541,192,99899,100,99540,100,99931,200,99529,100,99977,100,99505,100,100019,100,99471,100,100022,100,99457,100
2019-06-28 09:58:50.000000000,99686,315,99618,215,99804,215,99598,215,99806,215,99581,215,99831,215,99550,215,99896,300,99541,100,99899,100,99540,100,99931,200,99529,100,99977,100,99505,100,100019,100,99471,100,100022,100,99457,100
2019-06-28 09:58:56.668564298,99686,315,99618,215,99799,100,99598,215,99804,215,99581,215,99806,215,99550,215,99831,115,99541,100,99896,300,99540,100,99899,100,99529,100,99931,200,99505,100,99977,100,99471,100,100019,100,99457,100
2019-06-28 09:59:00.000000000,99686,292,99618,192,99799,192,99598,192,99804,192,99581,192,99806,192,99550,192,99896,392,99541,192,99899,100,99540,100,99931,200,99529,100,99977,100,99505,100,100019,100,99471,100,100022,100,99457,100
2019-06-28 09:59:10.000000000,99686,659,99618,559,99799,100,99598,100,99804,100,99581,100,99806,100,99550,100,99896,300,99541,100,99899,100,99540,100,99931,200,99529,100,99977,100,99505,100,100019,100,99471,100,100022,100,99457,100
2019-06-28 09:59:20.000000000,99686,659,99618,559,99799,100,99598,100,99804,100,99581,100,99806,100,99550,100,99896,300,99541,100,99899,100,99540,100,99931,200,99529,100,99977,100,99505,100,100019,100,99471,100,100022,100,99457,100
2019-06-28 09:59:30.000000000,99686,292,99618,192,99799,192,99598,192,99804,192,99581,192,99806,192,99550,192,99896,392,99541,192,99899,100,99540,100,99931,200,99529,100,99977,100,99505,100,100019,100,99471,100,100022,100,99457,100
2019-06-28 09:59:40.000000000,99686,430,99618,330,99799,330,99598,330,99804,100,99581,100,99806,100,99550,100,99896,300,99541,100,99899,100,99540,100,99931,200,99529,100,99977,100,99505,100,100019,100,99471,100,100022,100,99457,100
2019-06-28 09:59:50.000000000,99686,315,99618,215,99799,215,99598,215,99804,215,99581,215,99806,215,99550,215,99896,300,99541,100,99899,100,99540,100,99931,200,99529,100,99977,100,99505,100,100019,100,99471,100,100022,100,99457,100
2019-06-28 09:59:58.518040092,99686,315,99618,215,99799,215,99598,215,99804,215,99581,215,99806,215,99550,215,99896,300,99541,100,99899,100,99540,100,99931,200,99529,100,99977,100,99505,100,100019,100,99471,100,100022,100,99457,100
2019-06-28 10:00:00.000000000,99686,356,99618,256,99799,251,99598,251,99804,251,99581,251,99806,100,99550,100,99896,300,99541,100,99899,100,99540,100,99931,200,99529,100,99977,100,99505,100,100019,100,99471,100,100022,100,99457,100
2019-06-28 10:00:10.000000000,99686,315,99618,215,99799,215,99598,215,99804,215,99581,215,99806,215,99550,215,99896,300,99541,100,99899,100,99540,100,99931,200,99529,100,99977,100,99505,100,100019,100,99471,100,100022,100,99457,100
2019-06-28 10:00:20.000000000,99686,356,99618,256,99799,251,99598,251,99804,251,99581,251,99806,100,99550,100,99896,300,99541,100,99899,100,99540,100,99931,200,99529,100,99977,100,99505,100,100019,100,99471,100,100022,100,99457,100
2019-06-28 10:00:30.000000000,99686,659,99618,559,99799,100,99598,100,99804,100,99581,100,99806,100,99550,100,99896,300,99541,100,99899,100,99540,100,99931,200,99529,100,99977,100,99505,100,100019,100,99471,100,100022,100,99457,100
2019-06-28 10:00:40.000000000,99686,659,99618,559,99799,100,99598,100,99804,100,99581,100,99806,100,99550,100,99896,300,99541,100,99899,100,99540,100,99931,200,99529,100,99977,100,99505,100,100019,100,99471,100,100022,100,99457,100
2019-06-28 10:00:50.000000000,99686,356,99618,256,99799,251,99598,251,99804,251,99581,251,99806,100,99550,100,99896,300,99541,100,99899,100,99540,100,99931,200,99529,100,99977,100,99505,100,100019,100,99471,100,100022,100,99457,100
2019-06-28 10:00:53.283711846,99686,356,99618,256,99799,251,99598,251,99804,251,99581,251,99806,100,99550,100,99896,300,99541,100,99899,100,99540,100,99931,200,99529,100,99977,100,99505,100,100019,100,99471,100,100022,100,99457,100
2019-06-28 10:01:00.000000000,99686,430,99618,330,99799,330,99598,330,99804,100,99581,100,99806,100,99550,100,99896,300,99541,100,99899,100,99540,100,99931,200,99529,100,99977,100,99505,100,100019,100,99471,100,100022,100,99457,100
2019-06-28 10:01:08.426854234,99686,430,99618,330,99799,330,99598,330,99804,100,99581,100,99806,100,99550,100,99896,300,99541,100,99899,100,99540,100,99931,200,99529,100,99977,100,99505,100,100019,100,99471,100,100022,100,99457,100
2019-06-28 10:01:10.000000000,99686,356,99618,256,99799,251,99598,251,99804,251,99581,251,99806,100,99550,100,99896,300,99541,100,99899,100,99540,100,99931,200,99529,100,99977,100,99505,100,100019,100,99471,100,100022,100,99457,100
2019-06-28 10:01:13.881236251,99686,356,99618,256,99799,251,99598,251,99804,251,99581,251,99806,100,99550,100,99896,300,99541,100,99899,100,99540,100,99931,200,99529,100,99977,100,99505,100,100019,100,99471,100,100022,100,99457,100
2019-06-28 10:01:20.000000000,99686,430,99618,330,99799,330,99598,330,99804,100,99581,100,99806,100,99550,100,99896,300,99541,100,99899,100,99540,100,99931,200,99529,100,99977,100,99505,100,100019,100,99471,100,100022,100,99457,100
2019-06-28 10:01:30.000000000,99686,430,99618,330,99799,330,99598,330,99804,100,99581,100,99806,100,99550,100,99896,300,99541,100,99899,100,99540,100,99931,200,99529,100,99977,100,99505,100,100019,100,99471,100,100022,100,99457,100
2019-06-28 10:01:38.096948225,99686,430,99618,330,99799,330,99598,330,99804,100,99581,100,99806,100,99550,100,99896,300,99541,100,99899,100,99540,100,99931,200,99529,100,99977,100,99505,100,100019,100,99471,100,100022,100,99457,100
2019-06-28 10:01:40.000000000,99686,315,99618,215,99799,215,99598,215,99804,215,99581,215,99806,215,99550,215,99896,300,99541,100,99899,100,99540,100,99931,200,99529,100,99977,100,99505,100,100019,100,99471,100,100022,100,99457,100
2019-06-28 10:01:41.943136824,99686,315,99618,115,99799,215,99598,215,99804,215,99581,215,99806,215,99550,215,99896,300,99541,100,99899,100,99540,100,99931,200,99529,100,99977,100,99505,100,100019,100,99471,100,100022,100,99457,100
2019-06-28 10:01:50.000000000,99686,430,99598,330,99799,330,99581,330,99804,100,99550,100,99806,100,99541,100,99896,300,99540,100,99899,100,99529,100,99931,200,99505,100,99977,100,99471,100,100019,100,99457,100,100022,100,99279,100
2019-06-28 10:01:56.945920350,99686,430,99598,330,99799,330,99581,330,99804,100,99550,100,99806,100,99541,100,99896,300,99540,100,99931,200,99529,100,99977,100,99505,100,100019,100,99471,100,100022,100,99457,100,100023,100,99279,100
2019-06-28 10:02:00.000000000,99686,356,99598,256,99799,251,99581,251,99804,251,99550,251,99806,100,99541,100,99896,300,99540,100,99931,200,99529,100,99977,100,99505,100,100019,100,99471,100,100022,100,99457,100,100023,100,99279,100
2019-06-28 10:02:02.428848368,99622,100,99598,256,99686,356,99581,251,99799,251,99550,251,99804,251,99541,100,99806,100,99540,100,99896,300,99529,100,99931,200,99505,100,99977,100,99471,100,100019,100,99457,100,100022,100,99279,100
2019-06-28 10:02:10.000000000,99622,330,99598,330,99686,430,99581,330,99799,100,99550,100,99804,100,99541,100,99806,100,99540,100,99896,300,99529,100,99931,200,99505,100,99977,100,99471,100,100019,100,99457,100,100022,100,99279,100
2019-06-28 10:02:19.181863170,99622,330,99598,330,99686,430,99581,330,99799,100,99550,100,99804,100,99541,100,99896,300,99540,100,99931,200,99529,100,99977,100,99505,100,100019,100,99471,100,100022,100,99457,100,100023,100,99279,100
2019-06-28 10:02:20.000000000,99622,330,99598,330,99686,430,99581,330,99799,100,99550,100,99804,100,99541,100,99896,300,99540,100,99931,200,99529,100,99977,100,99505,100,100019,100,99471,100,100022,100,99457,100,100023,100,99279,100
2019-06-28 10:02:21.460286937,99622,330,99598,330,99686,430,99581,330,99799,100,99541,100,99804,100,99540,100,99896,300,99529,100,99931,200,99505,100,99977,100,99471,100,100019,100,99457,100,100022,100,99279,100,100023,100,99223,100
2019-06-28 10:02:25.270434177,99622,330,99598,230,99686,430,99581,330,99799,100,99541,100,99804,100,99540,100,99896,300,99529,100,99931,200,99505,100,99977,100,99471,100,100019,100,99457,100,100022,100,99279,100,100023,100,99223,100
2019-06-28 10:02:25.762138476,99618,100,99598,230,99622,330,99581,330,99686,430,99541,100,99799,100,99540,100,99804,100,99529,100,99896,300,99505,100,99931,100,99471,100,99977,100,99457,100,100019,100,99279,100,100022,100,99223,100
2019-06-28 10:02:30.000000000,99618,256,99581,256,99622,251,99541,251,99686,351,99540,251,99799,100,99529,100,99804,100,99505,100,99896,300,99471,100,99931,100,99457,100,99977,100,99279,100,100019,100,99223,100,100022,100,99194,100
2019-06-28 10:02:36.893172380,99618,256,99581,256,99622,251,99541,251,99686,351,99540,251,99799,100,99529,100,99804,100,99505,100,99896,300,99471,100,99931,100,99457,100,99977,100,99279,100,100019,100,99223,100,100022,100,99194,100
2019-06-28 10:02:40.000000000,99618,192,99581,192,99622,192,99541,192,99686,292,99540,192,99799,192,99529,192,99804,192,99505,192,99896,300,99471,100,99931,100,99457,100,99977,100,99279,100,100019,100,99223,100,100022,100,99194,100
2019-06-28 10:02:50.000000000,99618,256,99581,256,99622,251,99541,251,99686,351,99540,251,99799,100,99529,100,99804,100,99505,100,99896,300,99471,100,99931,100,99457,100,99977,100,99279,100,100019,100,99223,100,100022,100,99194,100
2019-06-28 10:02:57.140670806,99618,256,99581,256,99622,251,99541,251,99686,351,99540,251,99799,100,99529,100,99804,100,99505,100,99896,300,99471,100,99931,100,99457,100,99977,100,99279,100,100019,100,99223,100,100022,100,99194,100
2019-06-28 10:03:00.000000000,99618,256,99581,256,99622,251,99541,251,99686,351,99540,251,99799,100,99529,100,99804,100,99505,100,99896,300,99471,100,99931,100,99457,100,99977,100,99279,100,100019,100,99223,100,100022,100,99194,100
2019-06-28 10:03:00.780095175,99618,256,99581,256,99622,251,99541,251,99686,351,99540,251,99799,100,99529,100,99804,100,99505,100,99896,300,99471,100,99931,100,99457,100,99977,100,99279,100,100019,100,99223,100,100022,100,99194,100
2019-06-28 10:03:01.983764770,99618,256,99581,156,99622,251,99541,251,99686,351,99540,151,99799,100,99529,100,99804,100,99505,100,99896,300,99471,100,99931,100,99457,100,99977,100,99279,100,100019,100,99223,100,100022,100,99194,100
2019-06-28 10:03:10.000000000,99618,192,99541,192,99622,192,99529,192,99686,292,99505,192,99799,192,99471,192,99804,192,99457,192,99896,300,99279,100,99931,100,99223,100,99977,100,99194,100,100019,100,99101,100,100022,100,99090,100
2019-06-28 10:03:20.000000000,99618,256,99541,256,99622,251,99529,251,99686,351,99505,251,99799,100,99471,100,99804,100,99457,100,99896,300,99279,100,99931,100,99223,100,99977,100,99194,100,100019,100,99101,100,100022,100,99090,100
2019-06-28 10:03:25.822455621,99598,100,99541,256,99618,256,99529,251,99622,251,99505,251,99686,351,99471,100,99799,100,99457,100,99896,300,99279,100,99931,100,99223,100,99977,100,99194,100,100019,100,99101,100,100022,100,99090,100
2019-06-28 10:03:30.000000000,99598,215,99541,215,99618,215,99529,215,99622,215,99505,215,99686,315,99471,215,99799,100,99457,100,99896,300,99279,100,99931,100,99223,100,99977,100,99194,100,100019,100,99101,100,100022,100,99090,100
2019-06-28 10:03:36.031846804,99598,215,99541,215,99618,215,99529,215,99622,115,99505,215,99686,315,99471,215,99799,100,99457,100,99896,300,99279,100,99931,100,99223,100,99977,100,99194,100,100019,100,99101,100,100022,100,99090,100
2019-06-28 10:03:40.000000000,99598,330,99541,330,99618,330,99529,330,99686,200,99505,100,99799,100,99471,100,99896,300,99457,100,99931,100,99279,100,99977,100,99223,100,100019,100,99194,100,100022,100,99101,100,100025,100,99090,100
2019-06-28 10:03:43.468933772,99598,330,99541,330,99618,330,99529,330,99686,200,99505,100,99799,100,99471,100,99896,300,99457,100,99931,100,99311,100,99977,100,99279,100,100019,100,99223,100,100022,100,99194,100,100025,100,99101,100
2019-06-28 10:03:50.000000000,99598,330,99541,330,99618,330,99529,330,99686,200,99505,100,99799,100,99471,100,99896,300,99457,100,99931,100,99311,100,99977,100,99279,100,100019,100,99223,100,100022,100,99194,100,100025,100,99101,100
2019-06-28 10:04:00.000000000,99598,256,99541,256,99618,251,99529,251,99686,351,99505,251,99799,100,99471,100,99896,300,99457,100,99931,100,99311,100,99977,100,99279,100,100019,100,99223,100,100022,100,99194,100,100025,100,99101,100
2019-06-28 10:04:10.000000000,99598,215,99541,215,99618,215,99529,215,99686,315,99505,215,99799,215,99471,215,99896,300,99457,100,99931,100,99311,100,99977,100,99279,100,100019,100,99223,100,100022,100,99194,100,100025,100,99101,100
2019-06-28 10:04:11.805226364,99598,215,99541,215,99618,215,99529,215,99686,315,99505,215,99799,215,99471,215,99896,300,99457,100,99931,100,99311,100,99977,100,99279,100,100019,100,99223,100,100022,100,99194,100,100051,100,99101,100
2019-06-28 10:04:13.775556922,99598,315,99541,215,99618,215,99529,215,99686,315,99505,215,99799,215,99471,215,99896,300,99457,100,99931,100,99311,100,99977,100,99279,100,100019,100,99223,100,100022,100,99194,100,100051,100,99101,100
2019-06-28 10:04:16.870299076,99598,315,99541,115,99618,215,99529,215,99686,315,99505,215,99799,215,99471,215,99896,300,99457,100,99931,100,99311,100,99977,100,99279,100,100019,100,99223,100,100022,100,99194,100,100051,100,99101,100
2019-06-28 10:04:20.000000000,99598,659,99529,559,99618,100,99505,100,99686,200,99471,100,99799,100,99457,100,99896,300,99311,100,99931,100,99279,100,99977,100,99223,100,100019,100,99194,100,100022,100,99101,100,100051,100,99090,100
2019-06-28 10:04:23.810845786,99598,659,99529,559,99605,100,99505,100,99618,100,99471,100,99686,200,99457,100,99799,100,99311,100,99896,300,99279,100,99931,100,99223,100,99977,100,99194,100,100019,100,99101,100,100022,100,99090,100
2019-06-28 10:04:29.109985906,99598,659,99529,459,99605,100,99505,100,99618,100,99471,100,99686,200,99457,100,99799,100,99311,100,99896,300,99279,100,99931,100,99223,100,99977,100,99194,100,100019,100,99101,100,100022,100,99090,100
2019-06-28 10:04:29.816537285,99598,659,99529,459,99605,100,99505,100,99618,100,99471,100,99686,200,99457,100,99799,100,99311,100,99896,300,99305,100,99931,100,99279,100,99977,100,99223,100,100019,100,99194,100,100022,100,99101,100
2019-06-28 10:04:30.000000000,99598,659,99505,559,99605,100,99471,100,99618,100,99457,100,99686,200,99311,100,99799,100,99305,100,99896,300,99279,100,99931,100,99223,100,99977,100,99194,100,100019,100,99101,100,100022,100,99090,100
2019-06-28 10:04:36.660194168,99598,659,99505,459,99605,100,99471,100,99618,100,99457,100,99686,200,99311,100,99799,100,99305,100,99896,300,99279,100,99931,100,99223,100,99977,100,99194,100,100019,100,99101,100,100022,100,99090,100
2019-06-28 10:04:40.000000000,99598,356,99471,256,99605,251,99457,251,99618,251,99311,251,99686,200,99305,100,99799,100,99279,100,99896,300,99223,100,99931,100,99194,100,99977,100,99101,100,100019,100,99090,100,100022,100,98994,100
2019-06-28 10:04:50.000000000,99598,430,99471,330,99605,330,99457,330,99618,100,99311,100,99686,200,99305,100,99799,100,99279,100,99896,300,99223,100,99931,100,99194,100,99977,100,99101,100,100019,100,99090,100,100022,100,98994,100
2019-06-28 10:05:00.000000000,99598,430,99471,330,99605,330,99457,330,99618,100,99311,100,99686,200,99305,100,99799,100,99279,100,99896,300,99223,100,99931,100,99194,100,99977,100,99101,100,100019,100,99090,100,100022,100,98994,100
2019-06-28 10:05:05.710329915,99598,430,99471,330,99605,330,99457,330,99618,100,99311,100,99686,200,99305,100,99799,100,99279,100,99896,300,99223,100,99931,100,99194,100,99977,100,99101,100,100019,100,99090,100,100022,100,99049,100
2019-06-28 10:05:10.000000000,99598,356,99471,256,99605,251,99457,251,99618,251,99311,251,99686,200,99305,100,99799,100,99279,100,99896,300,99223,100,99931,100,99194,100,99977,100,99101,100,100019,100,99090,100,100022,100,99049,100
2019-06-28 10:05:11.541436857,99598,356,99471,256,99605,251,99457,251,99618,251,99311,251,99686,200,99305,100,99799,100,99279,100,99896,300,99223,100,99931,100,99194,100,99977,100,99101,100,100019,100,99090,100,100056,100,99049,100
2019-06-28 10:05:11.560971400,99598,356,99471,156,99605,251,99457,251,99618,251,99311,251,99686,200,99305,100,99799,100,99279,100,99896,300,99223,100,99931,100,99194,100,99977,100,99101,100,100019,100,99090,100,100056,100,99049,100
2019-06-28 10:05:20.000000000,99598,356,99457,256,99605,251,99311,251,99618,251,99305,251,99686,200,99279,100,99799,100,99223,100,99896,300,99194,100,99931,100,99101,100,99977,100,99090,100,100019,100,99049,100,100056,100,98994,100
2019-06-28 10:05:30.000000000,99598,356,99457,256,99605,251,99311,251,99618,251,99305,251,99686,200,99279,100,99799,100,99223,100,99896,300,99194,100,99931,100,99101,100,99977,100,99090,100,100019,100,99049,100,100056,100,98994,100
2019-06-28 10:05:40.000000000,99598,659,99457,559,99605,100,99311,100,99618,100,99305,100,99686,200,99279,100,99799,100,99223,100,99896,300,99194,100,99931,100,99101,100,99977,100,99090,100,100019,100,99049,100,100056,100,98994,100
2019-06-28 10:05:50.000000000,99598,356,99457,256,99605,251,99311,251,99618,251,99305,251,99686,200,99279,100,99799,100,99223,100,99896,300,99194,100,99931,100,99101,100,99977,100,99090,100,100019,100,99049,100,100056,100,98994,100
2019-06-28 10:05:55.117337484,99505,100,99457,256,99598,356,99311,251,99605,251,99305,251,99618,151,99279,100,99686,200,99223,100,99799,100,99194,100,99896,300,99101,100,99931,100,99090,100,99977,100,99049,100,100019,100,98994,100
2019-06-28 10:06:00.000000000,99505,192,99457,192,99598,292,99311,192,99605,192,99305,192,99686,292,99279,192,99799,192,99223,192,99896,300,99194,100,99931,100,99101,100,99977,100,99090,100,100019,100,99049,100,100056,100,98994,100
2019-06-28 10:06:10.000000000,99505,330,99457,330,99598,430,99311,330,99605,100,99305,100,99686,200,99279,100,99799,100,99223,100,99896,300,99194,100,99931,100,99101,100,99977,100,99090,100,100019,100,99049,100,100056,100,98994,100
2019-06-28 10:06:20.000000000,99505,192,99457,192,99598,292,99311,192,99605,192,99305,192,99686,292,99279,192,99799,192,99223,192,99896,300,99194,100,99931,100,99101,100,99977,100,99090,100,100019,100,99049,100,100056,100,98994,100
2019-06-28 10:06:30.000000000,99505,192,99457,192,99598,292,99311,192,99605,192,99305,192,99686,292,99279,192,99799,192,99223,192,99896,300,99194,100,99931,100,99101,100,99977,100,99090,100,100019,100,99049,100,100056,100,98994,100
2019-06-28 10:06:35.283532854,99505,192,99457,192,99598,292,99311,192,99605,192,99305,192,99686,292,99279,192,99799,192,99223,192,99896,300,99194,100,99931,100,99101,100,99977,100,99049,100,100019,100,98994,100,100056,100,98941,100
2019-06-28 10:06:40.000000000,99505,256,99457,256,99598,351,99311,251,99605,251,99305,251,99686,200,99279,100,99799,100,99223,100,99896,300,99194,100,99931,100,99101,100,99977,100,99049,100,100019,100,98994,100,100056,100,98941,100
2019-06-28 10:06:50.000000000,99505,215,99457,215,99598,315,99311,215,99605,215,99305,215,99686,315,99279,215,99799,100,99223,100,99896,300,99194,100,99931,100,99101,100,99977,100,99049,100,100019,100,98994,100,100056,100,98941,100
2019-06-28 10:07:00.000000000,99505,256,99457,256,99598,351,99311,251,99605,251,99305,251,99686,200,99279,100,99799,100,99223,100,99896,300,99194,100,99931,100,99101,100,99977,100,99049,100,100019,100,98994,100,100056,100,98941,100
2019-06-28 10:07:02.141651408,99505,356,99457,256,99598,251,99311,251,99605,251,99305,251,99686,200,99279,100,99799,100,99223,100,99896,300,99194,100,99931,100,99101,100,99977,100,99049,100,100019,100,98994,100,100056,100,98941,100
2019-06-28 10:07:10.000000000,99505,315,99457,215,99598,215,99311,215,99605,215,99305,215,99686,315,99279,215,99799,100,99223,100,99896,300,99194,100,99931,100,99101,100,99977,100,99049,100,100019,100,98994,100,100056,100,98941,100
2019-06-28 10:07:18.903879377,99505,315,99457,115,99598,215,99311,115,99605,215,99305,215,99686,315,99279,215,99799,100,99223,100,99896,300,99194,100,99931,100,99101,100,99977,100,99049,100,100019,100,98994,100,100056,100,98941,100
2019-06-28 10:07:20.000000000,99505,356,99305,256,99598,251,99279,251,99605,251,99223,251,99686,200,99194,100,99799,100,99101,100,99896,300,99049,100,99931,100,98994,100,99977,100,98941,100,100019,100,98939,100,100056,100,98909,100
2019-06-28 10:07:30.000000000,99505,356,99305,256,99598,251,99279,251,99605,251,99223,251,99686,200,99194,100,99799,100,99101,100,99896,300,99049,100,99931,100,98994,100,99977,100,98941,100,100019,100,98939,100,100056,100,98909,100
2019-06-28 10:07:34.580950365,99505,356,99305,156,99598,251,99279,251,99605,251,99223,251,99686,200,99194,100,99799,100,99101,100,99896,300,99049,100,99931,100,98994,100,99977,100,98941,100,100019,100,98939,100,100056,100,98909,100
2019-06-28 10:07:40.000000000,99505,430,99279,330,99598,330,99223,330,99605,100,99194,100,99686,200,99101,100,99799,100,99049,100,99896,300,98994,100,99931,100,98941,100,99977,100,98939,100,100019,100,98909,100,100056,100,98897,100
2019-06-28 10:07:50.000000000,99505,430,99279,330,99598,330,99223,330,99605,100,99194,100,99686,200,99101,100,99799,100,99049,100,99896,300,98994,100,99931,100,98941,100,99977,100,98939,100,100019,100,98909,100,100056,100,98897,100
2019-06-28 10:07:50.179345776,99505,430,99279,330,99598,330,99223,330,99605,100,99194,100,99686,200,99101,100,99799,100,99049,100,99896,300,98994,100,99931,100,98939,100,99977,100,98909,100,100019,100,98897,100,100056,100,98851,100
2019-06-28 10:07:52.566137676,99505,430,99279,330,99598,330,99223,330,99605,100,99194,100,99686,200,99101,100,99799,100,99049,100,99896,300,98994,100,99931,100,98939,100,99977,100,98909,100,100019,100,98897,100,100056,100,98851,100
2019-06-28 10:08:00.000000000,99505,430,99279,330,99598,330,99223,330,99605,100,99194,100,99686,200,99101,100,99799,100,99049,100,99896,300,98994,100,99931,100,98939,100,99977,100,98909,100,100019,100,98897,100,100056,100,98851,100
2019-06-28 10:08:08.838353255,99505,430,99279,330,99598,330,99223,330,99605,100,99194,100,99686,200,99101,100,99799,100,99049,100,99896,300,98994,100,99931,100,98939,100,99977,100,98909,100,100019,100,98897,100,100056,100,98851,100
2019-06-28 10:08:10.000000000,99505,315,99279,215,99598,215,99223,215,99605,215,99194,215,99686,315,99101,215,99799,100,99049,100,99896,300,98994,100,99931,100,98939,100,99977,100,98909,100,100019,100,98897,100,100056,100,98851,100
