,ask_price_1,ask_size_1,bid_price_1,bid_size_1,ask_price_2,ask_size_2,bid_price_2,bid_size_2,ask_price_3,ask_size_3,bid_price_3,bid_size_3,ask_price_4,ask_size_4,bid_price_4,bid_size_4,ask_price_5,ask_size_5,bid_price_5,bid_size_5,ask_price_6,ask_size_6,bid_price_6,bid_size_6,ask_price_7,ask_size_7,bid_price_7,bid_size_7,ask_price_8,ask_size_8,bid_price_8,bid_size_8,ask_price_9,ask_size_9,bid_price_9,bid_size_9,ask_price_10,ask_size_10,bid_price_10,bid_size_10
2019-06-28 09:30:00.000000001,,,99954,100,,,99907,100,,,,,,,,,,,,,,,,,,,,,,,,,,,,,,,,
2019-06-28 09:30:00.000000002,100114,100,99954,100,,,99907,100,,,,,,,,,,,,,,,,,,,,,,,,,,,,,,,,
2019-06-28 09:30:00.000000003,100085,100,99954,100,100111,100,99907,100,100114,100,,,,,,,,,,,,,,,,,,,,,,,,,,,,,,
2019-06-28 09:30:00.000000004,100085,100,99954,100,100111,100,99907,100,100114,100,99880,100,,,99872,100,,,,,,,,,,,,,,,,,,,,,,,,
2019-06-28 09:30:00.000000005,100037,100,99977,100,100085,100,99954,100,100111,100,99907,100,100114,100,99880,100,,,99872,100,,,,,,,,,,,,,,,,,,,,
2019-06-28 09:30:00.000000007,100037,100,99977,100,100085,100,99954,100,100098,100,99907,100,100111,100,99880,100,100114,100,99872,100,,,,,,,,,,,,,,,,,,,,
2019-06-28 09:30:00.000000010,100037,100,99977,100,100085,100,99954,100,100098,100,99928,100,100111,100,99907,100,100114,100,99880,100,,,99872,100,,,,,,,,,,,,,,,,
2019-06-28 09:30:00.000000013,100037,100,99977,100,100042,100,99954,100,100085,100,99928,100,100098,100,99907,100,100111,100,99880,100,100114,100,99872,100,100155,100,,,,,,,,,,,,,,
2019-06-28 09:30:00.000000015,100037,100,99977,100,100042,100,99954,100,100072,100,99928,100,100085,100,99907,100,100098,100,99880,100,100111,100,99872,100,100114,100,,,100155,100,,,,,,,,,,
2019-06-28 09:30:00.000000016,100037,100,99977,100,100042,100,99954,100,100072,100,99928,100,100080,100,99907,100,100085,100,99880,100,100098,100,99872,100,100111,100,,,100114,100,,,100155,100,,,,,,
2019-06-28 09:30:00.000000017,100037,100,99981,100,100042,100,99977,100,100072,100,99954,100,100080,100,99928,100,100085,100,99907,100,100098,100,99880,100,100111,100,99872,100,100114,100,,,100155,100,,,,,,
2019-06-28 09:30:00.000000020,100037,100,99981,100,100042,100,99978,100,100072,100,99977,100,100080,100,99954,100,100085,100,99928,100,100098,100,99907,100,100111,100,99880,100,100114,100,99872,100,100155,100,,,,,,
2019-06-28 09:30:00.000000021,100032,100,99981,100,100037,100,99978,100,100042,100,99977,100,100072,100,99954,100,100080,100,99928,100,100085,100,99907,100,100098,100,99880,100,100111,100,99872,100,100114,100,,,100155,100,,
2019-06-28 09:30:00.000000022,100032,100,99981,100,100037,100,99978,100,100042,100,99977,100,100072,100,99954,100,100080,100,99928,100,100085,100,99907,100,100098,100,99880,100,100111,100,99872,100,100114,100,,,100126,100,,
2019-06-28 09:30:00.000000025,100032,100,99981,100,100037,100,99978,100,100042,100,99977,100,100072,100,99954,100,100080,100,99928,100,100085,100,99907,100,100098,100,99880,100,100111,100,99874,100,100114,100,99872,100,100126,100,,
2019-06-28 09:30:00.000000026,100032,100,99981,100,100037,100,99978,100,100042,100,99977,100,100061,100,99954,100,100072,100,99939,100,100080,100,99928,100,100085,100,99925,100,100098,100,99907,200,100111,100,99880,100,100114,100,99874,100
2019-06-28 09:30:00.000000028,100032,100,99981,100,100037,100,99978,100,100042,100,99977,100,100061,100,99954,100,100072,100,99939,100,100080,100,99928,100,100085,100,99925,100,100098,100,99907,200,100111,100,99900,100,100114,100,99880,100
2019-06-28 09:30:00.000000029,100032,100,99981,100,100037,100,99978,100,100042,100,99977,100,100061,100,99954,100,100072,100,99939,100,100080,100,99928,100,100085,100,99925,100,100098,100,99907,200,100111,100,99900,100,100114,100,99880,100
2019-06-28 09:30:00.000000031,100032,100,99981,100,100037,100,99978,100,100042,100,99977,100,100061,100,99954,100,100072,100,99939,100,100080,100,99928,100,100085,100,99925,100,100098,100,99907,200,100111,100,99900,100,100114,100,99880,100
2019-06-28 09:30:00.000000032,100032,100,100023,100,100037,100,99981,100,100042,100,99978,100,100061,100,99977,100,100072,100,99954,100,100080,100,99939,100,100085,100,99928,100,100098,100,99925,100,100111,100,99907,200,100114,100,99900,100
2019-06-28 09:30:00.000000038,100032,100,100026,100,100037,100,100023,100,100042,100,99981,100,100061,100,99978,100,100072,100,99977,100,100080,100,99960,100,100085,100,99954,100,100098,100,99939,100,100111,100,99928,100,100114,100,99925,100
2019-06-28 09:30:00.000000039,100037,100,100026,100,100042,100,100023,100,100061,100,99988,100,100072,100,99981,100,100080,100,99978,100,100085,100,99977,100,100098,100,99960,100,100111,100,99954,100,100114,100,99939,100,100123,100,99928,100
2019-06-28 09:30:00.000000040,100037,100,100026,100,100042,100,100023,100,100061,100,99988,100,100072,100,99981,100,100080,100,99978,100,100085,100,99977,100,100096,100,99960,100,100098,100,99954,100,100111,100,99939,100,100114,100,99928,100
2019-06-28 09:30:00.000000041,100031,100,100026,100,100037,100,100023,100,100042,100,99988,100,100061,100,99981,200,100072,100,99978,100,100080,100,99977,100,100085,100,99960,100,100096,100,99954,100,100098,100,99939,100,100111,100,99928,100
2019-06-28 09:30:00.000000043,100031,100,100026,100,100037,100,100023,100,100042,100,99988,100,100061,100,99981,200,100072,100,99978,100,100080,100,99977,100,100085,100,99960,100,100096,100,99954,100,100098,100,99939,100,100111,100,99928,100
2019-06-28 09:30:00.000000044,100031,100,100026,100,100037,100,100023,100,100042,100,99988,100,100061,100,99981,200,100072,100,99978,100,100080,100,99977,100,100085,100,99960,100,100096,100,99954,100,100098,100,99949,100,100111,100,99939,100
2019-06-28 09:30:00.000000046,100031,100,100026,100,100037,100,100023,100,100042,100,99988,100,100061,100,99981,200,100072,100,99978,100,100080,100,99977,100,100084,100,99960,100,100085,100,99954,100,100096,100,99949,100,100098,100,99939,100
2019-06-28 09:30:00.000000049,100031,100,100026,100,100037,100,100023,100,100042,100,99988,100,100057,100,99981,200,100061,100,99978,100,100072,100,99977,100,100080,100,99960,100,100084,100,99954,100,100085,100,99949,100,100094,100,99939,100
2019-06-28 09:30:00.000000050,100031,100,100026,100,100037,100,100023,100,100042,100,99988,100,100057,100,99981,200,100061,100,99978,100,100072,100,99977,100,100080,100,99960,100,100084,100,99954,100,100085,100,99949,100,100094,100,99939,100
2019-06-28 09:30:00.000000052,100031,100,100026,100,100037,100,100023,100,100042,100,99988,100,100057,100,99981,200,100061,100,99978,100,100072,100,99977,100,100080,100,99960,100,100081,100,99954,100,100084,100,99949,100,100085,100,99939,100
2019-06-28 09:30:00.000000055,100031,100,100026,100,100037,100,100023,100,100042,100,99988,100,100057,100,99981,200,100061,100,99978,100,100072,100,99977,100,100080,100,99960,100,100081,100,99954,100,100084,100,99949,100,100085,100,99939,100
2019-06-28 09:30:00.000000056,100031,100,100026,100,100037,100,100023,100,100042,100,99988,100,100057,100,99981,200,100061,100,99978,100,100072,100,99977,100,100080,100,99960,100,100081,100,99954,100,100084,100,99949,100,100085,100,99939,100
2019-06-28 09:30:00.000000057,100031,100,100026,100,100037,100,100023,100,100042,100,99988,100,100057,100,99981,200,100061,100,99978,100,100072,100,99977,100,100080,100,99963,100,100081,100,99960,100,100084,100,99954,100,100085,100,99949,100
2019-06-28 09:30:00.000000061,100031,100,100026,100,100037,100,100023,100,100042,100,99988,100,100057,100,99981,200,100061,100,99978,100,100072,100,99977,100,100080,100,99963,100,100081,100,99960,100,100084,100,99954,100,100085,100,99949,100
2019-06-28 09:30:00.000000062,100031,100,100026,100,100037,100,100023,100,100042,100,99988,100,100057,100,99981,200,100061,100,99978,100,100072,100,99977,100,100077,100,99963,100,100080,100,99960,100,100081,100,99954,100,100084,100,99949,100
2019-06-28 09:30:00.000000067,100031,100,100023,100,100037,100,99988,100,100042,100,99981,200,100057,100,99978,100,100061,100,99977,100,100072,100,99963,100,100077,100,99960,100,100080,100,99954,100,100081,100,99949,100,100084,100,99944,100
2019-06-28 09:30:00.000000072,100031,100,99988,100,100037,100,99981,200,100042,100,99978,100,100057,100,99977,100,100061,100,99963,100,100072,100,99960,100,100077,100,99954,100,100080,100,99949,100,100081,100,99944,100,100084,100,99939,100
2019-06-28 09:30:00.000000073,100031,100,99988,100,100037,100,99981,200,100042,100,99978,100,100057,100,99977,100,100061,100,99974,100,100072,100,99963,100,100077,100,99960,100,100080,100,99954,100,100081,100,99949,100,100084,100,99944,100
2019-06-28 09:30:00.000000074,100031,100,99988,100,100037,100,99981,200,100042,100,99978,100,100057,100,99977,100,100061,100,99974,100,100072,100,99963,100,100077,100,99960,100,100080,100,99954,100,100081,100,99949,100,100084,100,99944,100
2019-06-28 09:30:00.000000077,100031,100,100017,100,100037,100,99988,100,100042,100,99981,200,100057,100,99978,100,100061,100,99977,100,100072,100,99974,100,100077,100,99963,100,100080,100,99960,100,100081,100,99954,100,100084,100,99949,100
2019-06-28 09:30:00.000000078,100031,100,100023,100,100037,100,100017,100,100042,100,99988,100,100057,100,99981,200,100061,100,99978,100,100072,100,99977,100,100077,100,99974,100,100080,100,99963,100,100081,100,99960,100,100084,100,99954,100
2019-06-28 09:30:00.000000079,100031,100,100017,100,100037,100,99988,100,100042,100,99981,200,100057,100,99978,100,100061,100,99977,100,100072,100,99974,100,100077,100,99963,100,100080,100,99960,100,100081,100,99954,100,100084,100,99949,100
2019-06-28 09:30:00.000000081,100031,100,100017,100,100037,100,99988,100,100042,100,99981,200,100057,100,99978,100,100061,100,99977,100,100072,100,99974,100,100077,100,99963,100,100080,100,99960,100,100081,100,99954,100,100084,100,99949,100
2019-06-28 09:30:00.000000083,100031,100,100017,100,100037,100,99988,100,100042,100,99981,200,100057,100,99978,100,100060,100,99977,100,100061,100,99974,100,100072,100,99973,100,100077,100,99963,100,100080,100,99960,100,100081,100,99954,100
2019-06-28 09:30:00.000000087,100023,100,100017,100,100028,100,99988,100,100031,100,99981,200,100037,100,99978,100,100042,100,99977,100,100057,100,99974,100,100060,100,99973,100,100061,100,99963,100,100072,100,99960,100,100077,100,99954,100
2019-06-28 09:30:00.000000088,100023,200,100017,100,100028,100,99988,100,100031,100,99981,200,100037,100,99978,100,100042,100,99977,100,100057,100,99974,100,100060,100,99973,100,100061,100,99963,100,100072,100,99960,100,100077,100,99954,100
2019-06-28 09:30:00.000000090,100023,200,100017,100,100028,100,99988,100,100031,100,99981,200,100037,100,99978,100,100042,100,99977,100,100057,100,99974,100,100060,100,99973,100,100061,100,99972,100,100072,100,99963,100,100077,100,99960,100
2019-06-28 09:30:00.000000093,100023,100,100017,100,100028,100,99988,100,100031,100,99981,200,100037,100,99978,100,100042,100,99977,100,100057,100,99974,100,100060,100,99973,100,100061,100,99972,100,100072,100,99963,100,100077,100,99960,100
2019-06-28 09:30:00.000000096,100023,100,100017,100,100028,100,99988,100,100031,100,99981,200,100037,100,99978,100,100042,100,99977,100,100057,100,99974,100,100060,100,99973,100,100061,100,99972,100,100072,100,99963,100,100077,100,99960,100
2019-06-28 09:30:00.000000099,100023,100,99988,100,100028,100,99981,200,100031,100,99978,100,100037,100,99977,100,100042,100,99974,100,100057,100,99973,100,100060,100,99972,100,100061,100,99963,100,100072,100,99960,100,100077,100,99954,100
2019-06-28 09:30:10.000000000,100023,190,99988,190,100028,187,99981,287,100031,187,99978,187,100037,100,99977,100,100042,100,99974,100,100057,100,99973,100,100060,100,99972,100,100061,100,99963,100,100072,100,99960,100,100077,100,99954,100
2019-06-28 09:30:14.175621424,100023,190,99988,90,100028,187,99981,287,100031,187,99978,187,100037,100,99977,100,100042,100,99974,100,100057,100,99973,100,100060,100,99972,100,100061,100,99963,100,100072,100,99960,100,100077,100,99954,100
2019-06-28 09:30:15.375664864,100023,190,99988,90,100028,187,99981,287,100031,187,99978,187,100037,100,99977,100,100057,100,99974,100,100060,100,99973,100,100061,100,99972,100,100072,100,99963,100,100077,100,99960,100,100080,100,99954,100
2019-06-28 09:30:20.000000000,100023,190,99981,290,100028,187,99978,187,100031,187,99977,187,100037,100,99974,100,100057,100,99973,100,100060,100,99972,100,100061,100,99963,100,100072,100,99960,100,100077,100,99954,100,100080,100,99949,100
2019-06-28 09:30:22.136724286,100023,190,99981,290,100028,187,99978,187,100031,187,99977,187,100037,100,99974,100,100049,100,99973,100,100057,100,99972,100,100060,100,99963,100,100061,100,99960,100,100072,100,99954,100,100077,100,99949,100
2019-06-28 09:30:25.712585161,99982,100,99981,290,100023,190,99978,187,100028,187,99977,187,100031,87,99974,100,100037,100,99973,100,100049,100,99972,100,100057,100,99963,100,100060,100,99960,100,100061,100,99954,100,100072,100,99949,100
2019-06-28 09:30:30.000000000,99982,364,99981,464,100023,100,99978,100,100028,100,99977,100,100037,100,99974,100,100049,100,99973,100,100057,100,99972,100,100060,100,99963,100,100061,100,99960,100,100072,100,99954,100,100077,100,99949,100
2019-06-28 09:30:35.291973531,99982,364,99981,464,100023,100,99978,100,100028,100,99977,100,100037,100,99974,100,100049,100,99973,100,100057,100,99972,100,100060,100,99963,100,100061,100,99960,100,100072,100,99954,100,100077,100,99949,100
2019-06-28 09:30:40.000000000,99982,153,99981,253,100023,153,99978,153,100028,153,99977,153,100037,153,99974,153,100049,153,99973,153,100057,100,99972,100,100060,100,99963,100,100061,100,99960,100,100072,100,99954,100,100077,100,99949,100
2019-06-28 09:30:50.000000000,99982,166,99981,266,100023,166,99978,166,100028,166,99977,166,100037,166,99974,166,100049,100,99973,100,100057,100,99972,100,100060,100,99963,100,100061,100,99960,100,100072,100,99954,100,100077,100,99949,100
2019-06-28 09:31:00.000000000,99982,190,99981,290,100023,187,99978,187,100028,187,99977,187,100037,100,99974,100,100049,100,99973,100,100057,100,99972,100,100060,100,99963,100,100061,100,99960,100,100072,100,99954,100,100077,100,99949,100
2019-06-28 09:31:10.000000000,99982,232,99981,332,100023,232,99978,232,100028,100,99977,100,100037,100,99974,100,100049,100,99973,100,100057,100,99972,100,100060,100,99963,100,100061,100,99960,100,100072,100,99954,100,100077,100,99949,100
2019-06-28 09:31:11.230265613,99982,232,99981,332,100023,232,99978,232,100028,100,99977,100,100037,100,99974,100,100049,100,99973,100,100057,100,99972,100,100060,100,99963,100,100061,100,99960,200,100072,100,99954,100,100077,100,99949,100
2019-06-28 09:31:15.204219782,99982,132,99981,332,100023,232,99978,232,100028,100,99977,100,100037,100,99974,100,100049,100,99973,100,100057,100,99972,100,100060,100,99963,100,100061,100,99960,200,100072,100,99954,100,100077,100,99949,100
2019-06-28 09:31:17.082164067,99982,132,99981,332,100023,232,99978,232,100028,100,99977,100,100037,100,99974,100,100049,100,99973,100,100057,100,99963,100,100060,100,99960,200,100061,100,99954,100,100072,100,99949,100,100077,100,99944,100
2019-06-28 09:31:20.000000000,100023,364,99981,464,100028,100,99978,100,100037,100,99977,100,100049,100,99974,100,100057,100,99973,100,100060,100,99963,100,100061,100,99960,200,100072,100,99954,100,100077,100,99949,100,100080,100,99944,100
2019-06-28 09:31:30.000000000,100023,153,99981,253,100028,153,99978,153,100037,153,99977,153,100049,153,99974,153,100057,153,99973,153,100060,100,99963,100,100061,100,99960,200,100072,100,99954,100,100077,100,99949,100,100080,100,99944,100
2019-06-28 09:31:40.000000000,100023,166,99981,266,100028,166,99978,166,100037,166,99977,166,100049,166,99974,166,100057,100,99973,100,100060,100,99963,100,100061,100,99960,200,100072,100,99954,100,100077,100,99949,100,100080,100,99944,100
2019-06-28 09:31:50.000000000,100023,166,99981,266,100028,166,99978,166,100037,166,99977,166,100049,166,99974,166,100057,100,99973,100,100060,100,99963,100,100061,100,99960,200,100072,100,99954,100,100077,100,99949,100,100080,100,99944,100
2019-06-28 09:32:00.000000000,100023,232,99981,332,100028,232,99978,232,100037,100,99977,100,100049,100,99974,100,100057,100,99973,100,100060,100,99963,100,100061,100,99960,200,100072,100,99954,100,100077,100,99949,100,100080,100,99944,100
2019-06-28 09:32:00.413732845,100023,232,99981,332,100028,232,99978,232,100037,100,99977,100,100049,100,99974,100,100057,100,99973,100,100060,100,99963,100,100061,100,99960,200,100072,100,99954,100,100077,100,99949,100,100080,100,99944,100
2019-06-28 09:32:10.000000000,100023,190,99981,290,100028,187,99978,187,100037,187,99977,187,100049,100,99974,100,100057,100,99973,100,100060,100,99963,100,100061,100,99960,200,100072,100,99954,100,100077,100,99949,100,100080,100,99944,100
2019-06-28 09:32:20.000000000,100023,232,99981,332,100028,232,99978,232,100037,100,99977,100,100049,100,99974,100,100057,100,99973,100,100060,100,99963,100,100061,100,99960,200,100072,100,99954,100,100077,100,99949,100,100080,100,99944,100
2019-06-28 09:32:30.000000000,100023,153,99981,253,100028,153,99978,153,100037,153,99977,153,100049,153,99974,153,100057,153,99973,153,100060,100,99963,100,100061,100,99960,200,100072,100,99954,100,100077,100,99949,100,100080,100,99944,100
2019-06-28 09:32:31.480676106,100023,153,99981,253,100028,153,99978,153,100037,153,99977,153,100049,153,99974,153,100057,153,99973,153,100060,100,99963,100,100061,100,99960,200,100072,100,99954,100,100077,100,99949,100,100080,100,99944,100
2019-06-28 09:32:40.000000000,100023,190,99981,290,100028,187,99978,187,100037,187,99977,187,100049,100,99974,100,100057,100,99973,100,100060,100,99963,100,100061,100,99960,200,100072,100,99954,100,100077,100,99949,100,100080,100,99944,100
2019-06-28 09:32:46.859044710,100023,190,99981,290,100028,187,99978,187,100037,187,99977,187,100049,100,99974,100,100057,100,99973,100,100060,100,99963,100,100061,100,99960,200,100077,100,99954,100,100080,100,99949,100,100081,100,99944,100
2019-06-28 09:32:48.917779988,100023,190,99981,290,100028,187,99978,87,100037,187,99977,187,100049,100,99974,100,100057,100,99973,100,100060,100,99963,100,100061,100,99960,200,100077,100,99954,100,100080,100,99949,100,100081,100,99944,100
2019-06-28 09:32:49.477440888,100023,190,99981,290,100028,187,99978,87,100037,187,99977,187,100049,100,99974,100,100057,100,99973,100,100060,100,99963,100,100061,100,99960,200,100077,100,99954,100,100080,100,99949,100,100081,100,99944,100
2019-06-28 09:32:50.000000000,100023,190,99981,290,100028,187,99977,187,100037,187,99974,187,100049,100,99973,100,100057,100,99963,100,100060,100,99960,200,100061,100,99954,100,100077,100,99949,100,100080,100,99944,100,100081,100,99939,100
2019-06-28 09:32:54.137707092,100023,190,99981,290,100028,187,99977,187,100037,187,99974,187,100049,100,99973,100,100057,100,99963,100,100060,100,99960,200,100061,100,99954,100,100066,100,99949,100,100077,100,99944,100,100080,100,99939,100
2019-06-28 09:33:00.000000000,100023,153,99981,253,100028,153,99977,153,100037,153,99974,153,100049,153,99973,153,100057,153,99963,153,100060,100,99960,200,100061,100,99954,100,100066,100,99949,100,100077,100,99944,100,100080,100,99939,100
2019-06-28 09:33:00.003431719,100023,153,99981,253,100028,153,99977,153,100037,153,99974,153,100049,153,99973,153,100053,100,99963,153,100057,153,99960,200,100060,100,99954,100,100061,100,99949,100,100066,100,99944,100,100077,100,99939,100
2019-06-28 09:33:10.000000000,100023,190,99981,290,100028,187,99977,187,100037,187,99974,187,100049,100,99973,100,100053,100,99963,100,100057,100,99960,200,100060,100,99954,100,100061,100,99949,100,100066,100,99944,100,100077,100,99939,100
2019-06-28 09:33:10.108098990,100023,190,100000,100,100028,187,99981,290,100037,187,99977,187,100049,100,99974,187,100053,100,99973,100,100057,100,99963,100,100060,100,99960,200,100061,100,99954,100,100066,100,99949,100,100077,100,99944,100
2019-06-28 09:33:13.809259035,100013,100,100000,100,100023,190,99981,290,100028,187,99977,187,100037,187,99974,187,100049,100,99973,100,100053,100,99963,100,100057,100,99960,200,100060,100,99954,100,100061,100,99949,100,100066,100,99944,100
2019-06-28 09:33:18.132579078,100013,100,100000,100,100023,190,99981,290,100028,187,99977,187,100037,187,99974,187,100049,100,99973,100,100053,100,99963,100,100057,100,99960,200,100060,100,99955,100,100061,100,99954,100,100066,100,99949,100
2019-06-28 09:33:20.000000000,100013,364,100000,364,100023,100,99981,200,100028,100,99977,100,100037,100,99974,100,100049,100,99973,100,100053,100,99963,100,100057,100,99960,200,100060,100,99955,100,100061,100,99954,100,100066,100,99949,100
2019-06-28 09:33:29.235118221,100013,364,100000,364,100023,100,99989,100,100028,100,99981,200,100037,100,99977,100,100049,100,99974,100,100053,100,99973,100,100057,100,99963,100,100060,100,99960,200,100061,100,99955,100,100066,100,99954,100
2019-06-28 09:33:30.000000000,100013,190,100000,190,100023,187,99989,187,100028,187,99981,287,100037,100,99977,100,100049,100,99974,100,100053,100,99973,100,100057,100,99963,100,100060,100,99960,200,100061,100,99955,100,100066,100,99954,100
2019-06-28 09:33:33.284117358,100013,90,100000,90,100023,187,99989,187,100028,187,99981,287,100037,100,99977,100,100049,100,99974,100,100053,100,99973,100,100057,100,99963,100,100060,100,99960,200,100061,100,99955,100,100066,100,99954,100
2019-06-28 09:33:39.251646922,100000,10,99989,187,100013,90,99981,287,100023,187,99977,100,100028,187,99974,100,100037,100,99973,100,100049,100,99963,100,100053,100,99960,200,100057,100,99955,100,100060,100,99954,100,100061,100,99949,100
2019-06-28 09:33:40.000000000,100000,100,99989,190,100023,187,99981,287,100028,187,99977,187,100037,100,99974,100,100049,100,99973,100,100053,100,99963,100,100057,100,99960,200,100060,100,99955,100,100061,100,99954,100,100066,100,99949,100
2019-06-28 09:33:40.926593472,100000,100,99989,90,100023,187,99981,287,100028,187,99977,187,100037,100,99974,100,100049,100,99973,100,100053,100,99963,100,100057,100,99960,200,100061,100,99955,100,100066,100,99954,100,100077,100,99949,100
2019-06-28 09:33:50.000000000,100000,142,99981,332,100023,232,99977,232,100028,100,99974,100,100037,100,99973,100,100049,100,99963,100,100053,100,99960,200,100057,100,99955,100,100061,100,99954,100,100066,100,99949,100,100077,100,99944,100
2019-06-28 09:34:00.000000000,100000,142,99981,332,100023,232,99977,232,100028,100,99974,100,100037,100,99973,100,100049,100,99963,100,100053,100,99960,200,100057,100,99955,100,100061,100,99954,100,100066,100,99949,100,100077,100,99944,100
2019-06-28 09:34:05.981521587,100000,142,99981,332,100023,232,99977,232,100028,100,99974,100,100037,100,99973,100,100049,100,99963,100,100053,100,99960,200,100057,100,99955,100,100061,100,99954,100,100066,100,99949,100,100077,100,99944,100
2019-06-28 09:34:10.000000000,100000,142,99981,332,100023,232,99977,232,100028,100,99974,100,100037,100,99973,100,100049,100,99963,100,100053,100,99960,200,100057,100,99955,100,100061,100,99954,100,100066,100,99949,100,100077,100,99944,100
2019-06-28 09:34:11.920484772,100000,142,99981,232,100023,232,99977,232,100028,100,99974,100,100037,100,99973,100,100049,100,99963,100,100053,100,99960,200,100057,100,99955,100,100061,100,99954,100,100066,100,99949,100,100077,100,99944,100
2019-06-28 09:34:13.835856899,100000,142,99981,232,100023,232,99977,232,100028,100,99974,100,100037,100,99973,100,100049,100,99963,100,100053,100,99960,200,100057,100,99955,100,100061,100,99954,100,100066,100,99949,100,100077,100,99944,100
2019-06-28 09:34:20.000000000,100000,274,99981,364,100023,100,99977,100,100028,100,99974,100,100037,100,99973,100,100049,100,99963,100,100053,100,99960,200,100057,100,99955,100,100061,100,99954,100,100066,100,99949,100,100077,100,99944,100
2019-06-28 09:34:23.015986839,100000,274,99981,364,100023,100,99977,100,100028,100,99974,100,100037,100,99973,100,100049,100,99963,100,100053,100,99960,200,100057,100,99955,100,100061,100,99954,100,100066,100,99949,100,100077,100,99941,100
2019-06-28 09:34:30.000000000,100000,100,99981,190,100023,187,99977,187,100028,187,99974,187,100037,100,99973,100,100049,100,99963,100,100053,100,99960,200,100057,100,99955,100,100061,100,99954,100,100066,100,99949,100,100077,100,99941,100
2019-06-28 09:34:40.000000000,100000,63,99981,153,100023,153,99977,153,100028,153,99974,153,100037,153,99973,153,100049,153,99963,153,100053,100,99960,200,100057,100,99955,100,100061,100,99954,100,100066,100,99949,100,100077,100,99941,100
2019-06-28 09:34:50.000000000,100000,63,99981,153,100023,153,99977,153,100028,153,99974,153,100037,153,99973,153,100049,153,99963,153,100053,100,99960,200,100057,100,99955,100,100061,100,99954,100,100066,100,99949,100,100077,100,99941,100
2019-06-28 09:34:53.497304675,100000,63,99981,53,100023,153,99977,153,100028,153,99974,153,100037,153,99973,153,100049,153,99963,153,100053,100,99960,200,100057,100,99955,100,100061,100,99954,100,100066,100,99949,100,100077,100,99941,100
2019-06-28 09:34:59.491498637,100000,63,99981,53,100023,153,99977,153,100028,153,99974,153,100037,153,99973,153,100049,153,99963,153,100053,100,99960,200,100057,100,99955,100,100061,100,99954,100,100066,100,99949,100,100077,100,99941,100
2019-06-28 09:35:00.000000000,100000,274,99977,364,100023,100,99974,100,100028,100,99973,100,100037,100,99963,100,100049,100,99960,200,100053,100,99955,100,100057,100,99954,100,100061,100,99949,100,100066,100,99941,100,100077,100,99939,100
2019-06-28 09:35:09.485109947,100000,174,99977,364,100023,100,99974,100,100028,100,99973,100,100037,100,99963,100,100049,100,99960,100,100053,100,99955,100,100057,100,99954,100,100061,100,99949,100,100066,100,99941,100,100077,100,99939,100
2019-06-28 09:35:10.000000000,100023,190,99977,190,100028,187,99974,187,100037,187,99973,187,100049,100,99963,100,100053,100,99960,100,100057,100,99955,100,100061,100,99954,100,100066,100,99949,100,100077,100,99941,100,100080,100,99939,100
2019-06-28 09:35:11.063962755,100023,190,99977,190,100028,187,99974,187,100037,187,99973,187,100049,100,99963,100,100053,100,99960,100,100057,100,99955,100,100061,100,99954,100,100066,100,99949,100,100077,100,99941,100,100080,100,99939,100
2019-06-28 09:35:15.289875197,100023,90,99977,190,100028,187,99974,187,100037,187,99973,187,100049,100,99963,100,100053,100,99960,100,100057,100,99955,100,100061,100,99954,100,100066,100,99949,100,100077,100,99941,100,100080,100,99939,100
2019-06-28 09:35:20.000000000,100028,153,99977,153,100037,153,99974,153,100049,153,99973,153,100053,153,99963,153,100057,153,99960,153,100061,100,99955,100,100066,100,99954,100,100077,100,99949,100,100080,100,99941,100,100081,100,99939,100
2019-06-28 09:35:30.000000000,100028,153,99977,153,100037,153,99974,153,100049,153,99973,153,100053,153,99963,153,100057,153,99960,153,100061,100,99955,100,100066,100,99954,100,100077,100,99949,100,100080,100,99941,100,100081,100,99939,100
2019-06-28 09:35:40.000000000,100028,232,99977,232,100037,232,99974,232,100049,100,99973,100,100053,100,99963,100,100057,100,99960,100,100061,100,99955,100,100066,100,99954,100,100077,100,99949,100,100080,100,99941,100,100081,100,99939,100
2019-06-28 09:35:50.000000000,100028,364,99977,364,100037,100,99974,100,100049,100,99973,100,100053,100,99963,100,100057,100,99960,100,100061,100,99955,100,100066,100,99954,100,100077,100,99949,100,100080,100,99941,100,100081,100,99939,100
2019-06-28 09:35:52.147609856,100028,364,99977,364,100037,100,99974,100,100049,100,99973,100,100053,100,99963,100,100057,100,99960,100,100061,100,99955,100,100066,100,99954,100,100077,100,99949,100,100080,100,99941,100,100081,100,99939,100
2019-06-28 09:36:00.000000000,100028,190,99977,190,100037,187,99974,187,100049,187,99973,187,100053,100,99963,100,100057,100,99960,100,100061,100,99955,100,100066,100,99954,100,100077,100,99949,100,100080,100,99941,100,100081,100,99939,100
2019-06-28 09:36:10.000000000,100028,153,99977,153,100037,153,99974,153,100049,153,99973,153,100053,153,99963,153,100057,153,99960,153,100061,100,99955,100,100066,100,99954,100,100077,100,99949,100,100080,100,99941,100,100081,100,99939,100
2019-06-28 09:36:20.000000000,100028,166,99977,166,100037,166,99974,166,100049,166,99973,166,100053,166,99963,166,100057,100,99960,100,100061,100,99955,100,100066,100,99954,100,100077,100,99949,100,100080,100,99941,100,100081,100,99939,100
2019-06-28 09:36:29.554987398,100028,166,99977,166,100037,166,99974,166,100049,166,99973,166,100053,166,99963,166,100057,100,99960,100,100061,100,99955,100,100066,100,99954,100,100077,100,99949,100,100080,100,99941,100,100081,100,99939,100
2019-06-28 09:36:30.000000000,100028,232,99977,232,100037,232,99974,232,100049,100,99973,100,100053,100,99963,100,100057,100,99960,100,100061,100,99955,100,100066,100,99954,100,100077,100,99949,100,100080,100,99941,100,100081,100,99939,100
2019-06-28 09:36:40.000000000,100028,232,99977,232,100037,232,99974,232,100049,100,99973,100,100053,100,99963,100,100057,100,99960,100,100061,100,99955,100,100066,100,99954,100,100077,100,99949,100,100080,100,99941,100,100081,100,99939,100
2019-06-28 09:36:50.000000000,100028,190,99977,190,100037,187,99974,187,100049,187,99973,187,100053,100,99963,100,100057,100,99960,100,100061,100,99955,100,100066,100,99954,100,100077,100,99949,100,100080,100,99941,100,100081,100,99939,100
2019-06-28 09:36:54.325054456,100028,190,99977,190,100037,187,99974,187,100049,87,99973,187,100053,100,99963,100,100057,100,99960,100,100061,100,99955,100,100066,100,99954,100,100077,100,99949,100,100080,100,99941,100,100081,100,99939,100
2019-06-28 09:36:57.948910623,100028,190,99977,190,100037,187,99974,187,100049,87,99973,187,100053,100,99963,100,100057,100,99960,100,100061,100,99955,100,100066,100,99954,100,100077,100,99949,100,100080,100,99941,100,100081,100,99931,100
2019-06-28 09:37:00.000000000,100028,190,99977,190,100037,187,99974,187,100053,187,99973,187,100057,100,99963,100,100061,100,99960,100,100066,100,99955,100,100077,100,99954,100,100080,100,99949,100,100081,100,99941,100,100082,100,99931,100
2019-06-28 09:37:03.527782884,100037,187,100028,10,100053,187,99977,190,100057,100,99974,187,100061,100,99973,187,100066,100,99963,100,100077,100,99960,100,100080,100,99955,100,100081,100,99954,100,100082,100,99949,100,100085,100,99941,100
2019-06-28 09:37:06.098724930,100037,87,100028,10,100053,187,99977,190,100057,100,99974,187,100061,100,99973,187,100066,100,99963,100,100077,100,99960,100,100080,100,99955,100,100081,100,99954,100,100082,100,99949,100,100085,100,99941,100
2019-06-28 09:37:10.000000000,100053,166,100028,76,100057,166,99977,166,100061,166,99974,166,100066,166,99973,166,100077,100,99963,100,100080,100,99960,100,100081,100,99955,100,100082,100,99954,100,100085,100,99949,100,100094,100,99941,100
2019-06-28 09:37:19.956294296,100053,166,100028,76,100057,166,99977,166,100061,166,99974,166,100066,166,99973,166,100077,100,99963,100,100080,100,99960,100,100081,100,99955,100,100082,100,99954,100,100085,100,99949,100,100094,100,99941,100
2019-06-28 09:37:20.000000000,100053,166,100028,76,100057,166,99977,166,100061,166,99974,166,100066,166,99973,166,100077,100,99963,100,100080,100,99960,100,100081,100,99955,100,100082,100,99954,100,100085,100,99949,100,100094,100,99941,100
2019-06-28 09:37:30.000000000,100053,232,100028,142,100057,232,99977,232,100061,100,99974,100,100066,100,99973,100,100077,100,99963,100,100080,100,99960,100,100081,100,99955,100,100082,100,99954,100,100085,100,99949,100,100094,100,99941,100
2019-06-28 09:37:40.000000000,100053,364,100028,274,100057,100,99977,100,100061,100,99974,100,100066,100,99973,100,100077,100,99963,100,100080,100,99960,100,100081,100,99955,100,100082,100,99954,100,100085,100,99949,100,100094,100,99941,100
2019-06-28 09:37:50.000000000,100053,232,100028,142,100057,232,99977,232,100061,100,99974,100,100066,100,99973,100,100077,100,99963,100,100080,100,99960,100,100081,100,99955,100,100082,100,99954,100,100085,100,99949,100,100094,100,99941,100
2019-06-28 09:37:56.505267876,100053,232,100028,142,100057,232,99977,232,100061,100,99974,100,100066,100,99973,100,100077,100,99963,100,100080,100,99960,100,100081,100,99954,100,100082,100,99949,100,100085,100,99941,100,100094,100,99931,100
2019-06-28 09:38:00.000000000,100053,166,100028,76,100057,166,99977,166,100061,166,99974,166,100066,166,99973,166,100077,100,99963,100,100080,100,99960,100,100081,100,99954,100,100082,100,99949,100,100085,100,99941,100,100094,100,99931,100
2019-06-28 09:38:10.000000000,100053,153,100028,63,100057,153,99977,153,100061,153,99974,153,100066,153,99973,153,100077,153,99963,153,100080,100,99960,100,100081,100,99954,100,100082,100,99949,100,100085,100,99941,100,100094,100,99931,100
2019-06-28 09:38:20.000000000,100053,190,100028,100,100057,187,99977,187,100061,187,99974,187,100066,100,99973,100,100077,100,99963,100,100080,100,99960,100,100081,100,99954,100,100082,100,99949,100,100085,100,99941,100,100094,100,99931,100
2019-06-28 09:38:30.000000000,100053,364,100028,274,100057,100,99977,100,100061,100,99974,100,100066,100,99973,100,100077,100,99963,100,100080,100,99960,100,100081,100,99954,100,100082,100,99949,100,100085,100,99941,100,100094,100,99931,100
2019-06-28 09:38:40.000000000,100053,190,100028,100,100057,187,99977,187,100061,187,99974,187,100066,100,99973,100,100077,100,99963,100,100080,100,99960,100,100081,100,99954,100,100082,100,99949,100,100085,100,99941,100,100094,100,99931,100
2019-06-28 09:38:50.000000000,100053,153,100028,63,100057,153,99977,153,100061,153,99974,153,100066,153,99973,153,100077,153,99963,153,100080,100,99960,100,100081,100,99954,100,100082,100,99949,100,100085,100,99941,100,100094,100,99931,100
2019-06-28 09:39:00.000000000,100053,190,100028,100,100057,187,99977,187,100061,187,99974,187,100066,100,99973,100,100077,100,99963,100,100080,100,99960,100,100081,100,99954,100,100082,100,99949,100,100085,100,99941,100,100094,100,99931,100
2019-06-28 09:39:10.000000000,100053,166,100028,76,100057,166,99977,166,100061,166,99974,166,100066,166,99973,166,100077,100,99963,100,100080,100,99960,100,100081,100,99954,100,100082,100,99949,100,100085,100,99941,100,100094,100,99931,100
2019-06-28 09:39:18.359053708,100028,24,99977,166,100053,166,99974,166,100057,166,99973,166,100061,166,99963,100,100066,166,99960,100,100077,100,99954,100,100080,100,99949,100,100081,100,99941,100,100082,100,99931,100,100085,100,99928,100
2019-06-28 09:39:20.000000000,100028,156,99977,232,100053,232,99974,232,100057,100,99973,100,100061,100,99963,100,100066,100,99960,100,100077,100,99954,100,100080,100,99949,100,100081,100,99941,100,100082,100,99931,100,100085,100,99928,100
2019-06-28 09:39:30.000000000,100028,90,99977,166,100053,166,99974,166,100057,166,99973,166,100061,166,99963,166,100066,100,99960,100,100077,100,99954,100,100080,100,99949,100,100081,100,99941,100,100082,100,99931,100,100085,100,99928,100
2019-06-28 09:39:40.000000000,100028,90,99977,166,100053,166,99974,166,100057,166,99973,166,100061,166,99963,166,100066,100,99960,100,100077,100,99954,100,100080,100,99949,100,100081,100,99941,100,100082,100,99931,100,100085,100,99928,100
2019-06-28 09:39:50.000000000,100028,77,99977,153,100053,153,99974,153,100057,153,99973,153,100061,153,99963,153,100066,153,99960,153,100077,100,99954,100,100080,100,99949,100,100081,100,99941,100,100082,100,99931,100,100085,100,99928,100
2019-06-28 09:39:56.963217992,100028,77,99977,153,100037,100,99974,153,100053,153,99973,153,100057,53,99963,153,100061,153,99960,153,100066,153,99954,100,100077,100,99949,100,100080,100,99941,100,100081,100,99931,100,100082,100,99928,100
2019-06-28 09:40:00.000000000,100028,156,99977,232,100037,232,99974,232,100053,100,99973,100,100061,100,99963,100,100066,100,99960,100,100077,100,99954,100,100080,100,99949,100,100081,100,99941,100,100082,100,99931,100,100085,100,99928,100
2019-06-28 09:40:10.000000000,100028,90,99977,166,100037,166,99974,166,100053,166,99973,166,100061,166,99963,166,100066,100,99960,100,100077,100,99954,100,100080,100,99949,100,100081,100,99941,100,100082,100,99931,100,100085,100,99928,100
2019-06-28 09:40:20.000000000,100028,90,99977,166,100037,166,99974,166,100053,166,99973,166,100061,166,99963,166,100066,100,99960,100,100077,100,99954,100,100080,100,99949,100,100081,100,99941,100,100082,100,99931,100,100085,100,99928,100
2019-06-28 09:40:20.573697644,100028,90,99977,166,100037,166,99974,166,100053,166,99973,166,100061,166,99963,166,100066,100,99960,100,100077,100,99954,100,100080,100,99949,100,100081,100,99941,100,100082,100,99931,100,100085,100,99928,100
2019-06-28 09:40:26.847263868,100028,66,99977,166,100037,166,99974,166,100053,166,99973,166,100061,166,99963,166,100066,100,99960,100,100077,100,99954,100,100080,100,99949,100,100081,100,99941,100,100082,100,99931,100,100085,100,99928,100
2019-06-28 09:40:30.000000000,100037,232,99977,232,100053,232,99974,232,100061,100,99973,100,100066,100,99963,100,100077,100,99960,100,100080,100,99954,100,100081,100,99949,100,100082,100,99941,100,100085,100,99931,100,100094,100,99928,100
2019-06-28 09:40:40.000000000,100037,166,99977,166,100053,166,99974,166,100061,166,99973,166,100066,166,99963,166,100077,100,99960,100,100080,100,99954,100,100081,100,99949,100,100082,100,99941,100,100085,100,99931,100,100094,100,99928,100
2019-06-28 09:40:50.000000000,100037,190,99977,190,100053,187,99974,187,100061,187,99973,187,100066,100,99963,100,100077,100,99960,100,100080,100,99954,100,100081,100,99949,100,100082,100,99941,100,100085,100,99931,100,100094,100,99928,100
2019-06-28 09:41:00.000000000,100037,153,99977,153,100053,153,99974,153,100061,153,99973,153,100066,153,99963,153,100077,153,99960,153,100080,100,99954,100,100081,100,99949,100,100082,100,99941,100,100085,100,99931,100,100094,100,99928,100
2019-06-28 09:41:10.000000000,100037,190,99977,190,100053,187,99974,187,100061,187,99973,187,100066,100,99963,100,100077,100,99960,100,100080,100,99954,100,100081,100,99949,100,100082,100,99941,100,100085,100,99931,100,100094,100,99928,100
2019-06-28 09:41:19.915236677,100037,190,99977,190,100053,187,99974,187,100061,87,99973,187,100066,100,99963,100,100077,100,99960,100,100080,100,99954,100,100081,100,99949,100,100082,100,99941,100,100085,100,99931,100,100094,100,99928,100
2019-06-28 09:41:20.000000000,100037,166,99977,166,100053,166,99974,166,100066,166,99973,166,100077,166,99963,166,100080,100,99960,100,100081,100,99954,100,100082,100,99949,100,100085,100,99941,100,100094,100,99931,100,100096,100,99928,100
2019-06-28 09:41:30.000000000,100037,232,99977,232,100053,232,99974,232,100066,100,99973,100,100077,100,99963,100,100080,100,99960,100,100081,100,99954,100,100082,100,99949,100,100085,100,99941,100,100094,100,99931,100,100096,100,99928,100
2019-06-28 09:41:33.583618345,100037,232,99977,132,100053,232,99974,232,100066,100,99973,100,100080,100,99963,100,100081,100,99960,100,100082,100,99954,100,100085,100,99949,100,100094,100,99941,100,100096,100,99931,100,100098,100,99928,100
2019-06-28 09:41:38.708612760,100037,232,99977,132,100053,232,99974,232,100066,100,99973,100,100080,100,99963,100,100081,100,99960,100,100082,100,99954,100,100085,100,99949,100,100096,100,99941,100,100098,100,99931,100,100123,100,99928,100
2019-06-28 09:41:39.082522145,100027,100,99977,132,100037,232,99974,232,100053,232,99973,100,100066,100,99963,100,100080,100,99960,100,100081,100,99954,100,100082,100,99949,100,100085,100,99941,100,100096,100,99931,100,100098,100,99928,100
2019-06-28 09:41:40.000000000,100027,166,99974,166,100037,166,99973,166,100053,166,99963,166,100066,166,99960,166,100080,100,99954,100,100081,100,99949,100,100082,100,99941,100,100085,100,99931,100,100096,100,99928,100,100098,100,99925,100
2019-06-28 09:41:50.000000000,100027,364,99974,364,100037,100,99973,100,100053,100,99963,100,100066,100,99960,100,100080,100,99954,100,100081,100,99949,100,100082,100,99941,100,100085,100,99931,100,100096,100,99928,100,100098,100,99925,100
2019-06-28 09:41:55.225911783,100027,364,99974,364,100037,100,99973,100,100053,100,99963,100,100066,100,99960,100,100080,100,99954,100,100081,100,99949,100,100082,100,99941,100,100085,100,99931,100,100096,100,99928,100,100098,100,99925,100
2019-06-28 09:42:00.000000000,100027,232,99974,232,100037,232,99973,232,100053,100,99963,100,100066,100,99960,100,100080,100,99954,100,100081,100,99949,100,100082,100,99941,100,100085,100,99931,100,100096,100,99928,100,100098,100,99925,100
2019-06-28 09:42:10.000000000,100027,190,99974,190,100037,187,99973,187,100053,187,99963,187,100066,100,99960,100,100080,100,99954,100,100081,100,99949,100,100082,100,99941,100,100085,100,99931,100,100096,100,99928,100,100098,100,99925,100
2019-06-28 09:42:17.086433164,100027,190,99974,190,100037,187,99973,187,100053,187,99963,187,100066,100,99960,100,100080,100,99954,100,100081,100,99949,100,100082,100,99941,100,100085,100,99931,100,100096,100,99928,100,100098,100,99925,100
2019-06-28 09:42:18.494236409,100027,190,99974,190,100037,187,99973,187,100053,187,99963,187,100066,100,99960,100,100080,100,99954,100,100081,100,99949,100,100082,100,99941,100,100085,100,99931,100,100096,100,99928,100,100098,100,99925,100
2019-06-28 09:42:20.000000000,100027,232,99974,232,100037,232,99973,232,100053,100,99963,100,100066,100,99960,100,100080,100,99954,100,100081,100,99949,100,100082,100,99941,100,100085,100,99931,100,100096,100,99928,100,100098,100,99925,100
2019-06-28 09:42:30.000000000,100027,166,99974,166,100037,166,99973,166,100053,166,99963,166,100066,166,99960,166,100080,100,99954,100,100081,100,99949,100,100082,100,99941,100,100085,100,99931,100,100096,100,99928,100,100098,100,99925,100
2019-06-28 09:42:40.000000000,100027,153,99974,153,100037,153,99973,153,100053,153,99963,153,100066,153,99960,153,100080,153,99954,153,100081,100,99949,100,100082,100,99941,100,100085,100,99931,100,100096,100,99928,100,100098,100,99925,100
2019-06-28 09:42:50.000000000,100027,364,99974,364,100037,100,99973,100,100053,100,99963,100,100066,100,99960,100,100080,100,99954,100,100081,100,99949,100,100082,100,99941,100,100085,100,99931,100,100096,100,99928,100,100098,100,99925,100
2019-06-28 09:43:00.000000000,100027,364,99974,364,100037,100,99973,100,100053,100,99963,100,100066,100,99960,100,100080,100,99954,100,100081,100,99949,100,100082,100,99941,100,100085,100,99931,100,100096,100,99928,100,100098,100,99925,100
2019-06-28 09:43:10.000000000,100027,364,99974,364,100037,100,99973,100,100053,100,99963,100,100066,100,99960,100,100080,100,99954,100,100081,100,99949,100,100082,100,99941,100,100085,100,99931,100,100096,100,99928,100,100098,100,99925,100
2019-06-28 09:43:10.279808927,100027,464,99974,364,100037,100,99973,100,100053,100,99963,100,100066,100,99960,100,100080,100,99954,100,100081,100,99949,100,100082,100,99941,100,100085,100,99931,100,100096,100,99928,100,100098,100,99925,100
2019-06-28 09:43:11.710934748,100027,464,99974,264,100037,100,99973,100,100053,100,99963,100,100066,100,99960,100,100080,100,99954,100,100081,100,99949,100,100082,100,99941,100,100085,100,99931,100,100096,100,99928,100,100098,100,99925,100
2019-06-28 09:43:20.000000000,100027,266,99973,166,100037,166,99963,166,100053,166,99960,166,100066,166,99954,166,100080,100,99949,100,100081,100,99941,100,100082,100,99931,100,100085,100,99928,100,100096,100,99925,100,100098,100,99907,100
2019-06-28 09:43:20.198271508,100027,266,99973,166,100037,166,99963,166,100053,166,99960,166,100066,166,99954,166,100080,100,99949,100,100081,100,99941,100,100082,100,99931,100,100085,100,99928,100,100096,100,99925,100,100098,100,99907,100
2019-06-28 09:43:26.959202309,100027,266,99973,166,100037,166,99963,166,100053,166,99960,166,100066,166,99954,166,100080,100,99949,100,100081,100,99941,100,100082,100,99931,100,100085,100,99928,100,100096,100,99925,100,100098,100,99907,100
2019-06-28 09:43:30.000000000,100027,253,99973,153,100037,153,99963,153,100053,153,99960,153,100066,153,99954,153,100080,153,99949,153,100081,100,99941,100,100082,100,99931,100,100085,100,99928,100,100096,100,99925,100,100098,100,99907,100
2019-06-28 09:43:37.131659547,100027,253,99973,153,100037,153,99963,153,100053,153,99960,153,100066,153,99954,153,100080,153,99949,153,100081,100,99941,100,100082,100,99931,100,100085,100,99928,100,100096,100,99925,100,100098,100,99907,100
2019-06-28 09:43:40.000000000,100027,253,99973,153,100037,153,99963,153,100053,153,99960,153,100066,153,99954,153,100080,153,99949,153,100081,100,99941,100,100082,100,99931,100,100085,100,99928,100,100096,100,99925,100,100098,100,99907,100
2019-06-28 09:43:50.000000000,100027,290,99973,190,100037,187,99963,187,100053,187,99960,187,100066,100,99954,100,100080,100,99949,100,100081,100,99941,100,100082,100,99931,100,100085,100,99928,100,100096,100,99925,100,100098,100,99907,100
2019-06-28 09:44:00.000000000,100027,266,99973,166,100037,166,99963,166,100053,166,99960,166,100066,166,99954,166,100080,100,99949,100,100081,100,99941,100,100082,100,99931,100,100085,100,99928,100,100096,100,99925,100,100098,100,99907,100
2019-06-28 09:44:01.767308850,100027,266,99973,166,100037,166,99963,166,100053,166,99960,166,100066,166,99954,166,100080,100,99949,100,100081,100,99941,100,100082,100,99931,100,100085,100,99928,100,100096,100,99925,100,100098,100,99907,100
2019-06-28 09:44:10.000000000,100027,266,99973,166,100037,166,99963,166,100053,166,99960,166,100066,166,99954,166,100080,100,99949,100,100081,100,99941,100,100082,100,99931,100,100085,100,99928,100,100096,100,99925,100,100098,100,99907,100
2019-06-28 09:44:14.272097928,100027,266,99973,66,100037,166,99963,166,100053,166,99960,166,100066,166,99954,166,100080,100,99949,100,100081,100,99941,100,100082,100,99931,100,100085,100,99928,100,100096,100,99925,100,100098,100,99907,100
2019-06-28 09:44:20.000000000,100027,290,99963,190,100037,187,99960,187,100053,187,99954,187,100066,100,99949,100,100080,100,99941,100,100081,100,99931,100,100082,100,99928,100,100085,100,99925,100,100096,100,99907,100,100098,100,99903,100
2019-06-28 09:44:20.843845720,100027,290,99963,90,100037,187,99960,187,100053,187,99954,187,100066,100,99949,100,100080,100,99941,100,100081,100,99931,100,100082,100,99928,100,100085,100,99925,100,100096,100,99907,100,100098,100,99903,100
2019-06-28 09:44:23.364903362,99963,10,99960,187,100027,290,99954,187,100037,187,99949,100,100053,187,99941,100,100066,100,99931,100,100080,100,99928,100,100081,100,99925,100,100082,100,99907,100,100085,100,99903,100,100096,100,99900,100
2019-06-28 09:44:24.142086169,99963,10,99960,187,99992,100,99954,187,100027,290,99949,100,100037,187,99941,100,100053,187,99931,100,100066,100,99928,100,100080,100,99925,100,100081,100,99907,100,100082,100,99903,100,100085,100,99900,100
2019-06-28 09:44:30.000000000,99963,274,99960,364,99992,100,99954,100,100027,200,99949,100,100037,100,99941,100,100053,100,99931,100,100066,100,99928,100,100080,100,99925,100,100081,100,99907,100,100082,100,99903,100,100085,100,99900,100
2019-06-28 09:44:40.000000000,99963,63,99960,153,99992,153,99954,153,100027,253,99949,153,100037,153,99941,153,100053,153,99931,153,100066,100,99928,100,100080,100,99925,100,100081,100,99907,100,100082,100,99903,100,100085,100,99900,100
2019-06-28 09:44:50.000000000,99963,76,99960,166,99992,166,99954,166,100027,266,99949,166,100037,166,99941,166,100053,100,99931,100,100066,100,99928,100,100080,100,99925,100,100081,100,99907,100,100082,100,99903,100,100085,100,99900,100
2019-06-28 09:44:51.849392466,99963,76,99960,66,99992,166,99954,166,100027,266,99949,166,100037,166,99941,166,100053,100,99931,100,100066,100,99928,100,100080,100,99925,100,100081,100,99907,100,100082,100,99903,100,100085,100,99900,100
2019-06-28 09:45:00.000000000,99963,63,99954,153,99992,153,99949,153,100027,253,99941,153,100037,153,99931,153,100053,153,99928,153,100066,100,99925,100,100080,100,99907,100,100081,100,99903,100,100082,100,99900,100,100085,100,99793,100
2019-06-28 09:45:10.000000000,99963,142,99954,232,99992,232,99949,232,100027,200,99941,100,100037,100,99931,100,100053,100,99928,100,100066,100,99925,100,100080,100,99907,100,100081,100,99903,100,100082,100,99900,100,100085,100,99793,100
2019-06-28 09:45:20.000000000,99963,100,99954,190,99992,187,99949,187,100027,287,99941,187,100037,100,99931,100,100053,100,99928,100,100066,100,99925,100,100080,100,99907,100,100081,100,99903,100,100082,100,99900,100,100085,100,99793,100
2019-06-28 09:45:30.000000000,99963,63,99954,153,99992,153,99949,153,100027,253,99941,153,100037,153,99931,153,100053,153,99928,153,100066,100,99925,100,100080,100,99907,100,100081,100,99903,100,100082,100,99900,100,100085,100,99793,100
2019-06-28 09:45:40.000000000,99963,274,99954,364,99992,100,99949,100,100027,200,99941,100,100037,100,99931,100,100053,100,99928,100,100066,100,99925,100,100080,100,99907,100,100081,100,99903,100,100082,100,99900,100,100085,100,99793,100
2019-06-28 09:45:50.000000000,99963,76,99954,166,99992,166,99949,166,100027,266,99941,166,100037,166,99931,166,100053,100,99928,100,100066,100,99925,100,100080,100,99907,100,100081,100,99903,100,100082,100,99900,100,100085,100,99793,100
2019-06-28 09:45:58.610031315,99963,76,99954,166,99992,166,99949,166,100027,266,99941,166,100037,166,99931,166,100053,100,99928,100,100066,100,99925,100,100080,100,99903,100,100081,100,99900,100,100082,100,99793,100,100085,100,99710,100
2019-06-28 09:46:00.000000000,99963,100,99954,190,99992,187,99949,187,100027,287,99941,187,100037,100,99931,100,100053,100,99928,100,100066,100,99925,100,100080,100,99903,100,100081,100,99900,100,100082,100,99793,100,100085,100,99710,100
2019-06-28 09:46:10.000000000,99963,76,99954,166,99992,166,99949,166,100027,266,99941,166,100037,166,99931,166,100053,100,99928,100,100066,100,99925,100,100080,100,99903,100,100081,100,99900,100,100082,100,99793,100,100085,100,99710,100
2019-06-28 09:46:12.907955345,99963,76,99954,166,99992,166,99949,166,100027,266,99941,166,100037,166,99931,166,100053,100,99928,100,100066,100,99925,100,100080,100,99903,100,100081,100,99900,100,100082,100,99793,100,100085,100,99710,100
2019-06-28 09:46:20.000000000,99963,63,99954,153,99992,153,99949,153,100027,253,99941,153,100037,153,99931,153,100053,153,99928,153,100066,100,99925,100,100080,100,99903,100,100081,100,99900,100,100082,100,99793,100,100085,100,99710,100
2019-06-28 09:46:30.000000000,99963,274,99954,364,99992,100,99949,100,100027,200,99941,100,100037,100,99931,100,100053,100,99928,100,100066,100,99925,100,100080,100,99903,100,100081,100,99900,100,100082,100,99793,100,100085,100,99710,100
2019-06-28 09:46:40.000000000,99963,100,99954,190,99992,187,99949,187,100027,287,99941,187,100037,100,99931,100,100053,100,99928,100,100066,100,99925,100,100080,100,99903,100,100081,100,99900,100,100082,100,99793,100,100085,100,99710,100
2019-06-28 09:46:50.000000000,99963,142,99954,232,99992,232,99949,232,100027,200,99941,100,100037,100,99931,100,100053,100,99928,100,100066,100,99925,100,100080,100,99903,100,100081,100,99900,100,100082,100,99793,100,100085,100,99710,100
2019-06-28 09:47:00.000000000,99963,76,99954,166,99992,166,99949,166,100027,266,99941,166,100037,166,99931,166,100053,100,99928,100,100066,100,99925,100,100080,100,99903,100,100081,100,99900,100,100082,100,99793,100,100085,100,99710,100
2019-06-28 09:47:01.886211204,99963,76,99954,66,99992,166,99949,166,100027,266,99941,166,100037,166,99931,166,100053,100,99928,100,100066,100,99925,100,100080,100,99903,100,100081,100,99900,100,100082,100,99793,100,100085,100,99710,100
2019-06-28 09:47:05.656952605,99963,76,99954,66,99992,166,99949,166,100027,266,99941,166,100037,166,99931,166,100053,100,99928,100,100066,100,99925,100,100081,100,99903,100,100082,100,99900,100,100085,100,99793,100,100096,100,99710,100
2019-06-28 09:47:08.112293487,99963,76,99954,66,99992,166,99949,166,100027,266,99941,166,100037,166,99931,166,100053,100,99928,100,100066,100,99925,100,100082,100,99903,100,100085,100,99900,100,100096,100,99793,100,100098,100,99710,100
2019-06-28 09:47:10.000000000,99963,274,99949,364,99992,100,99941,100,100027,200,99931,100,100037,100,99928,100,100053,100,99925,100,100066,100,99903,100,100082,100,99900,100,100085,100,99793,100,100096,100,99710,100,100098,100,99464,100
2019-06-28 09:47:20.000000000,99963,76,99949,166,99992,166,99941,166,100027,266,99931,166,100037,166,99928,166,100053,100,99925,100,100066,100,99903,100,100082,100,99900,100,100085,100,99793,100,100096,100,99710,100,100098,100,99464,100
2019-06-28 09:47:30.000000000,99963,274,99949,364,99992,100,99941,100,100027,200,99931,100,100037,100,99928,100,100053,100,99925,100,100066,100,99903,100,100082,100,99900,100,100085,100,99793,100,100096,100,99710,100,100098,100,99464,100
2019-06-28 09:47:40.000000000,99963,142,99949,232,99992,232,99941,232,100027,200,99931,100,100037,100,99928,100,100053,100,99925,100,100066,100,99903,100,100082,100,99900,100,100085,100,99793,100,100096,100,99710,100,100098,100,99464,100
2019-06-28 09:47:50.000000000,99963,274,99949,364,99992,100,99941,100,100027,200,99931,100,100037,100,99928,100,100053,100,99925,100,100066,100,99903,100,100082,100,99900,100,100085,100,99793,100,100096,100,99710,100,100098,100,99464,100
2019-06-28 09:47:54.316482168,99960,100,99949,364,99963,274,99941,100,99992,100,99931,100,100027,200,99928,100,100037,100,99925,100,100053,100,99903,100,100066,100,99900,100,100082,100,99793,100,100085,100,99710,100,100096,100,99464,100
2019-06-28 09:48:00.000000000,99960,364,99949,364,99963,10,99941,100,99992,100,99931,100,100027,200,99928,100,100037,100,99925,100,100053,100,99903,100,100066,100,99900,100,100082,100,99793,100,100085,100,99710,100,100096,100,99464,100
2019-06-28 09:48:03.668490051,99960,364,99949,264,99963,10,99941,100,99992,100,99931,100,100027,200,99928,100,100037,100,99925,100,100053,100,99903,100,100066,100,99900,100,100082,100,99793,100,100085,100,99710,100,100096,100,99464,100
2019-06-28 09:48:05.235318872,99954,100,99949,264,99960,364,99941,100,99963,10,99931,100,99992,100,99928,100,100027,200,99925,100,100037,100,99903,100,100053,100,99900,100,100066,100,99793,100,100082,100,99710,100,100085,100,99464,100
2019-06-28 09:48:10.000000000,99954,166,99941,166,99960,166,99931,166,99963,76,99928,166,99992,166,99925,166,100027,200,99903,100,100037,100,99900,100,100053,100,99793,100,100066,100,99710,100,100082,100,99464,100,100085,100,99290,100
2019-06-28 09:48:13.529037232,99954,166,99941,166,99960,166,99931,166,99963,76,99928,166,99992,166,99925,166,100027,200,99903,100,100037,100,99900,100,100053,100,99793,100,100066,100,99710,100,100082,100,99464,100,100085,100,99290,100
2019-06-28 09:48:20.000000000,99954,153,99941,153,99960,153,99931,153,99963,63,99928,153,99992,153,99925,153,100027,253,99903,153,100037,100,99900,100,100053,100,99793,100,100066,100,99710,100,100082,100,99464,100,100085,100,99290,100
2019-06-28 09:48:26.009279058,99954,153,99941,153,99960,153,99931,153,99963,63,99928,153,99992,153,99925,153,100027,253,99903,153,100037,100,99900,100,100053,100,99793,100,100066,100,99710,100,100082,100,99464,100,100085,100,99290,100
2019-06-28 09:48:27.973793085,99954,153,99941,153,99960,153,99931,153,99963,63,99928,153,99992,153,99925,153,100027,253,99903,153,100037,100,99900,100,100053,100,99793,100,100066,100,99710,100,100082,100,99464,100,100085,100,99290,100
2019-06-28 09:48:30.000000000,99954,190,99941,190,99960,187,99931,187,99963,97,99928,187,99992,100,99925,100,100027,200,99903,100,100037,100,99900,100,100053,100,99793,100,100066,100,99710,100,100082,100,99464,100,100085,100,99290,100
2019-06-28 09:48:40.000000000,99954,166,99941,166,99960,166,99931,166,99963,76,99928,166,99992,166,99925,166,100027,200,99903,100,100037,100,99900,100,100053,100,99793,100,100066,100,99710,100,100082,100,99464,100,100085,100,99290,100
2019-06-28 09:48:50.000000000,99954,190,99941,190,99960,187,99931,187,99963,97,99928,187,99992,100,99925,100,100027,200,99903,100,100037,100,99900,100,100053,100,99793,100,100066,100,99710,100,100082,100,99464,100,100085,100,99290,100
2019-06-28 09:48:57.962156403,99954,290,99941,190,99960,187,99931,187,99963,97,99928,187,99992,100,99925,100,100027,200,99903,100,100037,100,99900,100,100053,100,99793,100,100066,100,99710,100,100082,100,99464,100,100085,100,99290,100
2019-06-28 09:49:00.000000000,99954,253,99941,153,99960,153,99931,153,99963,63,99928,153,99992,153,99925,153,100027,253,99903,153,100037,100,99900,100,100053,100,99793,100,100066,100,99710,100,100082,100,99464,100,100085,100,99290,100
2019-06-28 09:49:10.000000000,99954,290,99941,190,99960,187,99931,187,99963,97,99928,187,99992,100,99925,100,100027,200,99903,100,100037,100,99900,100,100053,100,99793,100,100066,100,99710,100,100082,100,99464,100,100085,100,99290,100
2019-06-28 09:49:20.000000000,99954,464,99941,364,99960,100,99931,100,99963,10,99928,100,99992,100,99925,100,100027,200,99903,100,100037,100,99900,100,100053,100,99793,100,100066,100,99710,100,100082,100,99464,100,100085,100,99290,100
2019-06-28 09:49:27.673355665,99954,464,99941,264,99960,100,99931,100,99963,10,99928,100,99992,100,99925,100,100027,200,99903,100,100037,100,99900,100,100053,100,99793,100,100066,100,99710,100,100082,100,99464,100,100085,100,99290,100
2019-06-28 09:49:30.000000000,99954,266,99931,166,99960,166,99928,166,99963,76,99925,166,99992,166,99903,166,100027,200,99900,100,100037,100,99793,100,100053,100,99710,100,100066,100,99464,100,100082,100,99290,100,100085,100,99215,100
2019-06-28 09:49:33.820340152,99949,100,99931,166,99954,166,99928,166,99960,166,99925,166,99963,76,99903,166,99992,166,99900,100,100027,200,99793,100,100037,100,99710,100,100053,100,99464,100,100066,100,99290,100,100082,100,99215,100
2019-06-28 09:49:39.868245873,99949,100,99931,166,99954,166,99928,166,99960,166,99925,166,99963,76,99903,166,99992,166,99900,100,100027,200,99793,100,100037,100,99710,100,100053,100,99464,100,100066,100,99290,100,100082,100,99215,100
2019-06-28 09:49:40.000000000,99949,166,99931,166,99954,166,99928,166,99960,166,99925,166,99963,76,99903,166,99992,100,99900,100,100027,200,99793,100,100037,100,99710,100,100053,100,99464,100,100066,100,99290,100,100082,100,99215,100
2019-06-28 09:49:50.000000000,99949,364,99931,364,99954,100,99928,100,99960,100,99925,100,99963,10,99903,100,99992,100,99900,100,100027,200,99793,100,100037,100,99710,100,100053,100,99464,100,100066,100,99290,100,100082,100,99215,100
2019-06-28 09:49:50.611082413,99949,364,99931,264,99954,100,99928,100,99960,100,99925,100,99963,10,99903,100,99992,100,99900,100,100027,200,99793,100,100037,100,99710,100,100053,100,99464,100,100066,100,99290,100,100082,100,99215,100
2019-06-28 09:50:00.000000000,99949,166,99928,166,99954,166,99925,166,99960,166,99903,166,99963,76,99900,166,99992,100,99793,100,100027,200,99710,100,100037,100,99464,100,100053,100,99290,100,100066,100,99215,100,100082,100,99171,100
2019-06-28 09:50:10.000000000,99949,153,99928,153,99954,153,99925,153,99960,153,99903,153,99963,63,99900,153,99992,153,99793,153,100027,200,99710,100,100037,100,99464,100,100053,100,99290,100,100066,100,99215,100,100082,100,99171,100
2019-06-28 09:50:17.894598743,99949,153,99928,153,99954,153,99925,153,99960,153,99903,153,99963,63,99900,153,99992,153,99793,153,100027,200,99710,100,100037,100,99464,100,100053,100,99290,100,100066,100,99215,100,100082,100,99171,100
2019-06-28 09:50:20.000000000,99949,190,99928,190,99954,187,99925,187,99960,187,99903,187,99963,10,99900,100,99992,100,99793,100,100027,200,99710,100,100037,100,99464,100,100053,100,99290,100,100066,100,99215,100,100082,100,99171,100
2019-06-28 09:50:24.095915452,99949,190,99928,90,99954,187,99925,187,99960,187,99903,187,99963,10,99900,100,99992,100,99793,100,100027,200,99710,100,100037,100,99464,100,100053,100,99290,100,100066,100,99215,100,100082,100,99171,100
2019-06-28 09:50:30.000000000,99949,232,99925,232,99954,232,99903,232,99960,100,99900,100,99963,10,99793,100,99992,100,99710,100,100027,200,99464,100,100037,100,99290,100,100053,100,99215,100,100066,100,99171,100,100082,100,98809,100
2019-06-28 09:50:40.000000000,99949,190,99925,190,99954,187,99903,187,99960,187,99900,187,99963,10,99793,100,99992,100,99710,100,100027,200,99464,100,100037,100,99290,100,100053,100,99215,100,100066,100,99171,100,100082,100,98809,100
2019-06-28 09:50:50.000000000,99949,364,99925,364,99954,100,99903,100,99960,100,99900,100,99963,10,99793,100,99992,100,99710,100,100027,200,99464,100,100037,100,99290,100,100053,100,99215,100,100066,100,99171,100,100082,100,98809,100
2019-06-28 09:50:56.121612455,99949,364,99925,364,99954,100,99903,100,99960,100,99900,100,99963,10,99793,100,99992,100,99710,100,100027,200,99464,100,100037,100,99290,100,100053,100,99215,100,100066,100,99171,100,100082,100,98809,100
2019-06-28 09:51:00.000000000,99949,364,99925,364,99954,100,99903,100,99960,100,99900,100,99963,10,99793,100,99992,100,99710,100,100027,200,99464,100,100037,100,99290,100,100053,100,99215,100,100066,100,99171,100,100082,100,98809,100
2019-06-28 09:51:08.193722657,99949,364,99925,264,99954,100,99903,100,99960,100,99793,100,99963,10,99710,100,99992,100,99464,100,100027,200,99290,100,100037,100,99215,100,100053,100,99171,100,100066,100,98809,100,100082,100,98793,100
2019-06-28 09:51:10.000000000,99949,166,99903,166,99954,166,99793,166,99960,166,99710,166,99963,76,99464,166,99992,100,99290,100,100027,200,99215,100,100037,100,99171,100,100053,100,98809,100,100066,100,98793,100,100082,100,98752,100
2019-06-28 09:51:20.000000000,99949,190,99903,190,99954,187,99793,187,99960,187,99710,187,99963,10,99464,100,99992,100,99290,100,100027,200,99215,100,100037,100,99171,100,100053,100,98809,100,100066,100,98793,100,100082,100,98752,100
2019-06-28 09:51:30.000000000,99949,190,99903,190,99954,187,99793,187,99960,187,99710,187,99963,10,99464,100,99992,100,99290,100,100027,200,99215,100,100037,100,99171,100,100053,100,98809,100,100066,100,98793,100,100082,100,98752,100
2019-06-28 09:51:33.342260204,99949,190,99903,90,99954,187,99793,187,99960,187,99710,187,99963,10,99464,100,99992,100,99290,100,100027,200,99215,100,100037,100,99171,100,100053,100,98809,100,100066,100,98793,100,100082,100,98752,100
2019-06-28 09:51:40.000000000,99949,166,99793,166,99954,166,99710,166,99960,166,99464,166,99963,76,99290,166,99992,100,99215,100,100027,200,99171,100,100037,100,98809,100,100053,100,98793,100,100066,100,98752,100,100082,100,98673,100
2019-06-28 09:51:50.000000000,99949,153,99793,153,99954,153,99710,153,99960,153,99464,153,99963,63,99290,153,99992,153,99215,153,100027,200,99171,100,100037,100,98809,100,100053,100,98793,100,100066,100,98752,100,100082,100,98673,100
2019-06-28 09:51:53.339139482,99949,153,99793,153,99954,153,99710,153,99960,153,99464,153,99963,63,99290,153,99992,153,99215,153,100027,200,99174,100,100037,100,99171,100,100053,100,98809,100,100066,100,98793,100,100082,100,98752,100
2019-06-28 09:52:00.000000000,99949,166,99793,166,99954,166,99710,166,99960,166,99464,166,99963,76,99290,166,99992,100,99215,100,100027,200,99174,100,100037,100,99171,100,100053,100,98809,100,100066,100,98793,100,100082,100,98752,100
2019-06-28 09:52:10.000000000,99949,190,99793,190,99954,187,99710,187,99960,187,99464,187,99963,10,99290,100,99992,100,99215,100,100027,200,99174,100,100037,100,99171,100,100053,100,98809,100,100066,100,98793,100,100082,100,98752,100
2019-06-28 09:52:17.893810884,99949,190,99793,90,99954,187,99710,187,99960,187,99464,187,99963,10,99290,100,99992,100,99215,100,100027,200,99174,100,100037,100,99171,100,100053,100,98809,100,100066,100,98793,100,100082,100,98752,100
2019-06-28 09:52:20.000000000,99949,364,99710,364,99954,100,99464,100,99960,100,99290,100,99963,10,99215,100,99992,100,99174,100,100027,200,99171,100,100037,100,98809,100,100053,100,98793,100,100066,100,98752,100,100082,100,98673,100
2019-06-28 09:52:24.995106136,99949,364,99710,364,99954,100,99464,100,99963,10,99290,100,99992,100,99215,100,100027,200,99174,100,100037,100,99171,100,100053,100,98809,100,100066,100,98793,100,100082,100,98752,100,100085,100,98673,100
2019-06-28 09:52:28.154761877,99949,364,99710,264,99954,100,99464,100,99963,10,99290,100,99992,100,99215,100,100027,200,99174,100,100037,100,99171,100,100053,100,98809,100,100066,100,98752,100,100082,100,98673,100,100085,100,98552,100
2019-06-28 09:52:28.499213826,99949,364,99710,164,99954,100,99464,100,99963,10,99290,100,99992,100,99215,100,100027,200,99171,100,100037,100,98809,100,100053,100,98752,100,100066,100,98673,100,100082,100,98552,100,100085,100,98516,100
2019-06-28 09:52:30.000000000,99949,232,99464,232,99954,232,99290,232,99963,10,99215,100,99992,100,99171,100,100027,200,98809,100,100037,100,98752,100,100053,100,98673,100,100066,100,98552,100,100082,100,98516,100,100085,100,,
2019-06-28 09:52:40.000000000,99949,364,99464,364,99954,100,99290,100,99963,10,99215,100,99992,100,99171,100,100027,200,98809,100,100037,100,98752,100,100053,100,98673,100,100066,100,98552,100,100082,100,98516,100,100085,100,,
2019-06-28 09:52:50.000000000,99949,166,99464,166,99954,166,99290,166,99963,76,99215,166,99992,166,99171,166,100027,200,98809,100,100037,100,98752,100,100053,100,98673,100,100066,100,98552,100,100082,100,98516,100,100085,100,,
2019-06-28 09:53:00.000000000,99949,232,99464,232,99954,232,99290,232,99963,10,99215,100,99992,100,99171,100,100027,200,98809,100,100037,100,98752,100,100053,100,98673,100,100066,100,98552,100,100082,100,98516,100,100085,100,,
2019-06-28 09:53:03.105646330,99949,232,99710,100,99954,232,99464,232,99963,10,99290,232,99992,100,99215,100,100027,200,99171,100,100037,100,98809,100,100053,100,98752,100,100066,100,98673,100,100082,100,98552,100,100085,100,98516,100
2019-06-28 09:53:03.472000679,99949,232,99710,200,99954,232,99464,232,99963,10,99290,232,99992,100,99215,100,100027,200,99171,100,100037,100,98809,100,100053,100,98752,100,100066,100,98673,100,100082,100,98552,100,100085,100,98516,100
2019-06-28 09:53:09.017429977,99949,232,99710,200,99954,232,99464,232,99963,10,99290,232,99992,100,99215,100,100027,200,99171,100,100053,100,98809,100,100066,100,98752,100,100082,100,98673,100,100085,100,98552,100,100096,100,98516,100
2019-06-28 09:53:10.000000000,99949,232,99710,332,99954,232,99464,232,99963,10,99290,100,99992,100,99215,100,100027,200,99171,100,100053,100,98809,100,100066,100,98752,100,100082,100,98673,100,100085,100,98552,100,100096,100,98516,100
2019-06-28 09:53:20.000000000,99949,153,99710,253,99954,153,99464,153,99963,63,99290,153,99992,153,99215,153,100027,253,99171,153,100053,100,98809,100,100066,100,98752,100,100082,100,98673,100,100085,100,98552,100,100096,100,98516,100
2019-06-28 09:53:30.000000000,99949,166,99710,266,99954,166,99464,166,99963,76,99290,166,99992,166,99215,166,100027,200,99171,100,100053,100,98809,100,100066,100,98752,100,100082,100,98673,100,100085,100,98552,100,100096,100,98516,100
2019-06-28 09:53:37.111353171,99949,166,99710,266,99954,166,99464,166,99963,76,99290,166,99992,166,99215,166,100027,200,99171,100,100053,100,98809,100,100066,100,98752,100,100082,100,98673,100,100085,100,98552,100,100096,100,98516,100
2019-06-28 09:53:40.000000000,99949,232,99710,332,99954,232,99464,232,99963,10,99290,100,99992,100,99215,100,100027,200,99171,100,100053,100,98809,100,100066,100,98752,100,100082,100,98673,100,100085,100,98552,100,100096,100,98516,100
2019-06-28 09:53:50.000000000,99949,190,99710,290,99954,187,99464,187,99963,97,99290,187,99992,100,99215,100,100027,200,99171,100,100053,100,98809,100,100066,100,98752,100,100082,100,98673,100,100085,100,98552,100,100096,100,98516,100
2019-06-28 09:53:56.937196337,99949,190,99710,290,99954,187,99464,187,99963,97,99290,187,99992,100,99215,100,100027,200,99171,100,100053,100,98809,100,100066,100,98752,100,100082,100,98673,100,100085,100,98552,100,100096,100,98516,100
2019-06-28 09:54:00.000000000,99949,232,99710,332,99954,232,99464,232,99963,10,99290,100,99992,100,99215,100,100027,200,99171,100,100053,100,98809,100,100066,100,98752,100,100082,100,98673,100,100085,100,98552,100,100096,100,98516,100
2019-06-28 09:54:10.000000000,99949,153,99710,253,99954,153,99464,153,99963,63,99290,153,99992,153,99215,153,100027,253,99171,153,100053,100,98809,100,100066,100,98752,100,100082,100,98673,100,100085,100,98552,100,100096,100,98516,100
2019-06-28 09:54:20.000000000,99949,364,99710,464,99954,100,99464,100,99963,10,99290,100,99992,100,99215,100,100027,200,99171,100,100053,100,98809,100,100066,100,98752,100,100082,100,98673,100,100085,100,98552,100,100096,100,98516,100
2019-06-28 09:54:28.806992670,99949,264,99710,464,99954,100,99464,100,99963,10,99290,100,99992,100,99215,100,100027,200,99171,100,100053,100,98809,100,100066,100,98752,100,100082,100,98673,100,100085,100,98552,100,100096,100,98516,100
2019-06-28 09:54:30.000000000,99954,166,99710,266,99963,76,99464,166,99992,166,99290,166,100027,266,99215,166,100053,100,99171,100,100066,100,98809,100,100082,100,98752,100,100085,100,98673,100,100096,100,98552,100,100098,100,98516,100
2019-06-28 09:54:30.305802685,99954,66,99710,266,99963,76,99464,166,99992,166,99290,166,100027,266,99215,166,100053,100,99171,100,100066,100,98809,100,100082,100,98752,100,100085,100,98673,100,100096,100,98552,100,100098,100,98516,100
2019-06-28 09:54:40.000000000,99963,76,99710,266,99992,166,99464,166,100027,266,99290,166,100053,166,99215,166,100066,100,99171,100,100082,100,98809,100,100085,100,98752,100,100096,100,98673,100,100098,100,98552,100,100131,100,98516,100
2019-06-28 09:54:50.000000000,99963,274,99710,464,99992,100,99464,100,100027,200,99290,100,100053,100,99215,100,100066,100,99171,100,100082,100,98809,100,100085,100,98752,100,100096,100,98673,100,100098,100,98552,100,100131,100,98516,100
2019-06-28 09:54:50.465006030,99963,174,99710,464,99992,100,99464,100,100027,200,99290,100,100053,100,99215,100,100066,100,99171,100,100082,100,98809,100,100096,100,98752,100,100098,100,98673,100,100131,100,98552,100,100147,100,98516,100
2019-06-28 09:54:53.333930680,99963,74,99710,464,99992,100,99464,100,100027,200,99290,100,100053,100,99215,100,100066,100,99171,100,100082,100,98809,100,100096,100,98752,100,100098,100,98673,100,100131,100,98552,100,100147,100,98516,100
2019-06-28 09:55:00.000000000,99992,190,99710,290,100027,287,99464,187,100053,187,99290,187,100066,100,99215,100,100082,100,99171,100,100096,100,98809,100,100098,100,98752,100,100131,100,98673,100,100147,100,98552,100,100155,100,98516,100
2019-06-28 09:55:10.000000000,99992,232,99710,332,100027,332,99464,232,100053,100,99290,100,100066,100,99215,100,100082,100,99171,100,100096,100,98809,100,100098,100,98752,100,100131,100,98673,100,100147,100,98552,100,100155,100,98516,100
2019-06-28 09:55:20.000000000,99992,166,99710,266,100027,266,99464,166,100053,166,99290,166,100066,166,99215,166,100082,100,99171,100,100096,100,98809,100,100098,100,98752,100,100131,100,98673,100,100147,100,98552,100,100155,100,98516,100
2019-06-28 09:55:30.000000000,99992,190,99710,290,100027,287,99464,187,100053,187,99290,187,100066,100,99215,100,100082,100,99171,100,100096,100,98809,100,100098,100,98752,100,100131,100,98673,100,100147,100,98552,100,100155,100,98516,100
2019-06-28 09:55:34.654204329,99992,190,99710,290,100027,287,99464,187,100053,187,99290,187,100066,100,99215,100,100082,100,99171,100,100096,100,98809,100,100098,100,98752,100,100131,100,98673,100,100147,100,98552,100,100155,100,98516,100
2019-06-28 09:55:35.153607105,99992,90,99710,290,100027,287,99464,187,100053,187,99290,187,100066,100,99215,100,100082,100,99171,100,100096,100,98809,100,100098,100,98752,100,100131,100,98673,100,100147,100,98552,100,100155,100,98516,100
2019-06-28 09:55:35.658882669,99992,90,99710,290,100027,287,99464,187,100053,87,99290,187,100066,100,99215,100,100082,100,99171,100,100096,100,98809,100,100098,100,98752,100,100131,100,98673,100,100147,100,98552,100,100155,100,98516,100
2019-06-28 09:55:40.000000000,100027,464,99710,464,100066,100,99464,100,100082,100,99290,100,100096,100,99215,100,100098,100,99171,100,100131,100,98809,100,100147,100,98752,100,100155,100,98673,100,100163,100,98552,100,100214,100,98516,100
2019-06-28 09:55:50.000000000,100027,332,99710,332,100066,232,99464,232,100082,100,99290,100,100096,100,99215,100,100098,100,99171,100,100131,100,98809,100,100147,100,98752,100,100155,100,98673,100,100163,100,98552,100,100214,100,98516,100
2019-06-28 09:56:00.000000000,100027,253,99710,253,100066,153,99464,153,100082,153,99290,153,100096,153,99215,153,100098,153,99171,153,100131,100,98809,100,100147,100,98752,100,100155,100,98673,100,100163,100,98552,100,100214,100,98516,100
2019-06-28 09:56:05.053856270,100027,153,99710,253,100066,153,99464,153,100082,153,99290,153,100096,153,99215,153,100098,153,99171,153,100131,100,98809,100,100147,100,98752,100,100155,100,98673,100,100163,100,98552,100,100214,100,98516,100
2019-06-28 09:56:10.000000000,100027,153,99710,253,100066,153,99464,153,100082,153,99290,153,100096,153,99215,153,100098,153,99171,153,100131,100,98809,100,100147,100,98752,100,100155,100,98673,100,100163,100,98552,100,100214,100,98516,100
2019-06-28 09:56:20.000000000,100027,153,99710,253,100066,153,99464,153,100082,153,99290,153,100096,153,99215,153,100098,153,99171,153,100131,100,98809,100,100147,100,98752,100,100155,100,98673,100,100163,100,98552,100,100214,100,98516,100
2019-06-28 09:56:29.370943663,100027,53,99710,253,100066,153,99464,153,100082,153,99290,153,100096,153,99215,153,100098,153,99171,153,100131,100,98809,100,100147,100,98752,100,100155,100,98673,100,100163,100,98552,100,100214,100,98516,100
2019-06-28 09:56:30.000000000,100066,153,99710,253,100082,153,99464,153,100096,153,99290,153,100098,153,99215,153,100131,153,99171,153,100147,100,98809,100,100155,100,98752,100,100163,100,98673,100,100214,100,98552,100,100329,200,98516,100
2019-06-28 09:56:40.000000000,100066,166,99710,266,100082,166,99464,166,100096,166,99290,166,100098,166,99215,166,100131,100,99171,100,100147,100,98809,100,100155,100,98752,100,100163,100,98673,100,100214,100,98552,100,100329,200,98516,100
2019-06-28 09:56:43.683791298,100066,166,99710,266,100082,166,99464,166,100096,166,99290,166,100098,166,99215,166,100131,100,99171,100,100147,100,98809,100,100155,100,98752,100,100163,100,98673,100,100214,100,98552,100,100329,200,98516,100
2019-06-28 09:56:50.000000000,100066,232,99710,332,100082,232,99464,232,100096,100,99290,100,100098,100,99215,100,100131,100,99171,100,100147,100,98809,100,100155,100,98752,100,100163,100,98673,100,100214,100,98552,100,100329,200,98516,100
2019-06-28 09:57:00.000000000,100066,166,99710,266,100082,166,99464,166,100096,166,99290,166,100098,166,99215,166,100131,100,99171,100,100147,100,98809,100,100155,100,98752,100,100163,100,98673,100,100214,100,98552,100,100329,200,98516,100
2019-06-28 09:57:01.187416815,100066,66,99710,266,100082,166,99464,166,100096,166,99290,166,100098,166,99215,166,100131,100,99171,100,100147,100,98809,100,100155,100,98752,100,100163,100,98673,100,100214,100,98552,100,100329,200,98516,100
2019-06-28 09:57:10.000000000,100082,232,99710,332,100096,232,99464,232,100098,100,99290,100,100131,100,99215,100,100147,100,99171,100,100155,100,98809,100,100163,100,98752,100,100214,100,98673,100,100329,200,98552,100,100496,100,98516,100
2019-06-28 09:57:13.406543273,100082,132,99710,332,100096,232,99464,232,100098,100,99290,100,100131,100,99215,100,100147,100,99171,100,100155,100,98809,100,100163,100,98752,100,100214,100,98673,100,100329,200,98552,100,100496,100,98516,100
2019-06-28 09:57:20.000000000,100096,364,99710,464,100098,100,99464,100,100131,100,99290,100,100147,100,99215,100,100155,100,99171,100,100163,100,98809,100,100214,100,98752,100,100329,200,98673,100,100496,100,98552,100,100572,100,98516,100
2019-06-28 09:57:30.000000000,100096,166,99710,266,100098,166,99464,166,100131,166,99290,166,100147,166,99215,166,100155,100,99171,100,100163,100,98809,100,100214,100,98752,100,100329,200,98673,100,100496,100,98552,100,100572,100,98516,100
2019-06-28 09:57:40.000000000,100096,166,99710,266,100098,166,99464,166,100131,166,99290,166,100147,166,99215,166,100155,100,99171,100,100163,100,98809,100,100214,100,98752,100,100329,200,98673,100,100496,100,98552,100,100572,100,98516,100
2019-06-28 09:57:41.562946160,100098,166,100096,34,100131,166,99710,266,100147,166,99464,166,100155,100,99290,166,100163,100,99215,166,100214,100,99171,100,100329,200,98809,100,100496,100,98752,100,100572,100,98673,100,101123,100,98552,100
2019-06-28 09:57:50.000000000,100098,232,100096,166,100131,232,99710,332,100147,100,99464,100,100155,100,99290,100,100163,100,99215,100,100214,100,99171,100,100329,200,98809,100,100496,100,98752,100,100572,100,98673,100,101123,100,98552,100
2019-06-28 09:57:58.916230627,100098,132,100096,166,100131,232,99710,332,100147,100,99464,100,100155,100,99290,100,100163,100,99215,100,100214,100,99171,100,100329,200,98809,100,100496,100,98752,100,100572,100,98673,100,101123,100,98552,100
2019-06-28 09:58:00.000000000,100131,232,100096,166,100147,232,99710,332,100155,100,99464,100,100163,100,99290,100,100214,100,99215,100,100329,200,99171,100,100496,100,98809,100,100572,100,98752,100,101123,100,98673,100,,,98552,100
2019-06-28 09:58:10.000000000,100131,232,100096,166,100147,232,99710,332,100155,100,99464,100,100163,100,99290,100,100214,100,99215,100,100329,200,99171,100,100496,100,98809,100,100572,100,98752,100,101123,100,98673,100,,,98552,100
2019-06-28 09:58:10.783714164,100131,232,100097,100,100147,232,100096,166,100155,100,99710,332,100163,100,99464,100,100214,100,99290,100,100329,200,99215,100,100496,100,99171,100,100572,100,98809,100,101123,100,98752,100,,,98673,100
2019-06-28 09:58:20.000000000,100131,364,100097,364,100147,100,100096,34,100155,100,99710,200,100163,100,99464,100,100214,100,99290,100,100329,200,99215,100,100496,100,99171,100,100572,100,98809,100,101123,100,98752,100,,,98673,100
2019-06-28 09:58:30.000000000,100131,190,100097,190,100147,187,100096,121,100155,187,99710,287,100163,100,99464,100,100214,100,99290,100,100329,200,99215,100,100496,100,99171,100,100572,100,98809,100,101123,100,98752,100,,,98673,100
2019-06-28 09:58:40.000000000,100131,153,100097,153,100147,153,100096,87,100155,153,99710,253,100163,153,99464,153,100214,153,99290,153,100329,200,99215,100,100496,100,99171,100,100572,100,98809,100,101123,100,98752,100,,,98673,100
2019-06-28 09:58:50.000000000,100131,232,100097,232,100147,232,100096,166,100155,100,99710,200,100163,100,99464,100,100214,100,99290,100,100329,200,99215,100,100496,100,99171,100,100572,100,98809,100,101123,100,98752,100,,,98673,100
2019-06-28 09:58:51.351935136,100131,232,100097,232,100147,232,100096,166,100155,100,99710,200,100163,100,99464,100,100214,100,99290,100,100329,200,99215,100,100496,100,99171,100,100572,100,98809,100,100861,100,98752,100,101123,100,98673,100
2019-06-28 09:58:53.608164672,100131,232,100097,232,100147,232,100096,166,100155,100,99710,200,100163,100,99464,100,100214,100,99290,100,100329,200,99215,100,100496,100,98809,100,100572,100,98752,100,100861,100,98673,100,100941,100,98552,100
2019-06-28 09:59:00.000000000,100131,166,100097,166,100147,166,100096,100,100155,166,99710,266,100163,166,99464,166,100214,100,99290,100,100329,200,99215,100,100496,100,98809,100,100572,100,98752,100,100861,100,98673,100,100941,100,98552,100
2019-06-28 09:59:04.674336483,100131,166,100097,166,100147,166,100096,100,100155,166,99710,266,100163,166,99464,166,100214,100,99290,100,100329,200,99215,100,100496,100,98809,100,100572,100,98752,100,100756,100,98673,100,100861,100,98552,100
2019-06-28 09:59:05.600926025,100147,166,100131,34,100155,166,100097,166,100163,166,100096,100,100214,100,99710,266,100329,200,99464,166,100496,100,99290,100,100572,100,99215,100,100756,100,98809,100,100861,100,98752,100,100941,100,98673,100
2019-06-28 09:59:10.000000000,100147,153,100131,87,100155,153,100097,153,100163,153,100096,87,100214,153,99710,253,100329,253,99464,153,100496,100,99290,100,100572,100,99215,100,100756,100,98809,100,100861,100,98752,100,100941,100,98673,100
2019-06-28 09:59:20.000000000,100147,153,100131,87,100155,153,100097,153,100163,153,100096,87,100214,153,99710,253,100329,253,99464,153,100496,100,99290,100,100572,100,99215,100,100756,100,98809,100,100861,100,98752,100,100941,100,98673,100
2019-06-28 09:59:30.000000000,100147,232,100131,166,100155,232,100097,232,100163,100,100096,34,100214,100,99710,200,100329,200,99464,100,100496,100,99290,100,100572,100,99215,100,100756,100,98809,100,100861,100,98752,100,100941,100,98673,100
2019-06-28 09:59:38.462545737,100147,232,100131,166,100155,232,100097,232,100163,100,100096,34,100214,100,99710,200,100329,200,99464,100,100572,100,99290,100,100756,100,99215,100,100843,100,98809,100,100861,100,98752,100,100941,100,98673,100
2019-06-28 09:59:40.000000000,100147,153,100131,87,100155,153,100097,153,100163,153,100096,87,100214,153,99710,253,100329,253,99464,153,100572,100,99290,100,100756,100,99215,100,100843,100,98809,100,100861,100,98752,100,100941,100,98673,100
2019-06-28 09:59:47.019534297,100147,153,100131,87,100155,153,100097,153,100163,153,100096,87,100214,153,99710,253,100329,253,99464,153,100572,100,99290,100,100682,100,99215,100,100756,100,98809,100,100843,100,98752,100,100861,100,98673,100
2019-06-28 09:59:50.000000000,100147,190,100131,124,100155,187,100097,187,100163,187,100096,121,100214,100,99710,200,100329,200,99464,100,100572,100,99290,100,100682,100,99215,100,100756,100,98809,100,100843,100,98752,100,100861,100,98673,100
2019-06-28 10:00:00.000000000,100147,190,100131,124,100155,187,100097,187,100163,187,100096,121,100214,100,99710,200,100329,200,99464,100,100572,100,99290,100,100682,100,99215,100,100756,100,98809,100,100843,100,98752,100,100861,100,98673,100
2019-06-28 10:00:10.000000000,100147,190,100131,124,100155,187,100097,187,100163,187,100096,121,100214,100,99710,200,100329,200,99464,100,100572,100,99290,100,100682,100,99215,100,100756,100,98809,100,100843,100,98752,100,100861,100,98673,100
2019-06-28 10:00:19.406888461,100147,190,100131,124,100155,187,100098,100,100163,187,100097,187,100214,100,100096,121,100329,200,99710,200,100572,100,99464,100,100682,100,99290,100,100756,100,99215,100,100843,100,98809,100,100861,100,98752,100
2019-06-28 10:00:20.000000000,100147,364,100131,298,100155,100,100098,100,100163,100,100097,100,100214,100,100096,34,100329,200,99710,200,100572,100,99464,100,100682,100,99290,100,100756,100,99215,100,100843,100,98809,100,100861,100,98752,100
2019-06-28 10:00:30.000000000,100147,364,100131,298,100155,100,100098,100,100163,100,100097,100,100214,100,100096,34,100329,200,99710,200,100572,100,99464,100,100682,100,99290,100,100756,100,99215,100,100843,100,98809,100,100861,100,98752,100
2019-06-28 10:00:40.000000000,100147,232,100131,166,100155,232,100098,232,100163,100,100097,100,100214,100,100096,34,100329,200,99710,200,100572,100,99464,100,100682,100,99290,100,100756,100,99215,100,100843,100,98809,100,100861,100,98752,100
2019-06-28 10:00:45.326505346,100147,232,100131,166,100155,232,100098,332,100163,100,100097,100,100214,100,100096,34,100329,200,99710,200,100572,100,99464,100,100682,100,99290,100,100756,100,99215,100,100843,100,98809,100,100861,100,98752,100
2019-06-28 10:00:50.000000000,100147,364,100131,298,100155,100,100098,200,100163,100,100097,100,100214,100,100096,34,100329,200,99710,200,100572,100,99464,100,100682,100,99290,100,100756,100,99215,100,100843,100,98809,100,100861,100,98752,100
2019-06-28 10:01:00.000000000,100147,232,100131,166,100155,232,100098,332,100163,100,100097,100,100214,100,100096,34,100329,200,99710,200,100572,100,99464,100,100682,100,99290,100,100756,100,99215,100,100843,100,98809,100,100861,100,98752,100
2019-06-28 10:01:01.269639348,100147,132,100131,166,100155,232,100098,332,100163,100,100097,100,100214,100,100096,34,100329,200,99710,200,100572,100,99464,100,100682,100,99290,100,100756,100,99215,100,100843,100,98809,100,100861,100,98752,100
2019-06-28 10:01:10.000000000,100155,153,100131,87,100163,153,100098,253,100214,153,100097,153,100329,253,100096,87,100572,153,99710,253,100682,100,99464,100,100756,100,99290,100,100843,100,99215,100,100861,100,98809,100,100941,100,98752,100
2019-06-28 10:01:12.593264950,100155,153,100131,87,100163,153,100098,253,100214,153,100097,53,100329,253,100096,87,100572,153,99710,253,100682,100,99464,100,100756,100,99290,100,100843,100,99215,100,100861,100,98809,100,100941,100,98752,100
2019-06-28 10:01:20.000000000,100155,166,100131,100,100163,166,100098,266,100214,166,100096,100,100329,266,99710,266,100572,100,99464,100,100682,100,99290,100,100756,100,99215,100,100843,100,98809,100,100861,100,98752,100,100941,100,98673,100
2019-06-28 10:01:23.116205791,100155,166,100131,66,100163,166,100098,266,100214,166,100096,100,100303,100,99710,266,100329,266,99464,100,100572,100,99290,100,100682,100,99215,100,100756,100,98809,100,100843,100,98752,100,100861,100,98673,100
2019-06-28 10:01:30.000000000,100155,364,100098,464,100163,100,100096,34,100214,100,99710,200,100303,100,99464,100,100329,200,99290,100,100572,100,99215,100,100682,100,98809,100,100756,100,98752,100,100843,100,98673,100,100861,100,98552,100
2019-06-28 10:01:40.000000000,100155,190,100098,290,100163,187,100096,121,100214,187,99710,287,100303,100,99464,100,100329,200,99290,100,100572,100,99215,100,100682,100,98809,100,100756,100,98752,100,100843,100,98673,100,100861,100,98552,100
2019-06-28 10:01:50.000000000,100155,166,100098,266,100163,166,100096,100,100214,166,99710,266,100303,166,99464,166,100329,200,99290,100,100572,100,99215,100,100682,100,98809,100,100756,100,98752,100,100843,100,98673,100,100861,100,98552,100
2019-06-28 10:01:59.692333471,100155,166,100098,166,100163,166,100096,100,100214,166,99710,266,100303,166,99464,166,100329,200,99290,100,100572,100,99215,100,100682,100,98809,100,100756,100,98752,100,100843,100,98673,100,100861,100,98552,100
2019-06-28 10:02:00.000000000,100155,364,100098,364,100163,100,100096,34,100214,100,99710,200,100303,100,99464,100,100329,200,99290,100,100572,100,99215,100,100682,100,98809,100,100756,100,98752,100,100843,100,98673,100,100861,100,98552,100
2019-06-28 10:02:10.000000000,100155,232,100098,232,100163,232,100096,166,100214,100,99710,200,100303,100,99464,100,100329,200,99290,100,100572,100,99215,100,100682,100,98809,100,100756,100,98752,100,100843,100,98673,100,100861,100,98552,100
2019-06-28 10:02:13.529480370,100146,100,100098,232,100155,232,100096,166,100163,232,99710,200,100214,100,99464,100,100303,100,99290,100,100329,200,99215,100,100572,100,98809,100,100682,100,98752,100,100756,100,98673,100,100843,100,98552,100
2019-06-28 10:02:20.000000000,100146,190,100098,190,100155,187,100096,121,100163,187,99710,287,100214,100,99464,100,100303,100,99290,100,100329,200,99215,100,100572,100,98809,100,100682,100,98752,100,100756,100,98673,100,100843,100,98552,100
2019-06-28 10:02:30.000000000,100146,190,100098,190,100155,187,100096,121,100163,187,99710,287,100214,100,99464,100,100303,100,99290,100,100329,200,99215,100,100572,100,98809,100,100682,100,98752,100,100756,100,98673,100,100843,100,98552,100
2019-06-28 10:02:40.000000000,100146,232,100098,232,100155,232,100096,166,100163,100,99710,200,100214,100,99464,100,100303,100,99290,100,100329,200,99215,100,100572,100,98809,100,100682,100,98752,100,100756,100,98673,100,100843,100,98552,100
2019-06-28 10:02:50.000000000,100146,232,100098,232,100155,232,100096,166,100163,100,99710,200,100214,100,99464,100,100303,100,99290,100,100329,200,99215,100,100572,100,98809,100,100682,100,98752,100,100756,100,98673,100,100843,100,98552,100
2019-06-28 10:03:00.000000000,100146,190,100098,190,100155,187,100096,121,100163,187,99710,287,100214,100,99464,100,100303,100,99290,100,100329,200,99215,100,100572,100,98809,100,100682,100,98752,100,100756,100,98673,100,100843,100,98552,100
2019-06-28 10:03:07.837946377,100146,190,100098,90,100155,187,100096,121,100163,187,99710,287,100214,100,99290,100,100303,100,99215,100,100329,200,98809,100,100572,100,98752,100,100682,100,98673,100,100756,100,98552,100,100843,100,98516,100
2019-06-28 10:03:10.000000000,100146,190,100096,124,100155,187,99710,287,100163,187,99290,187,100214,100,99215,100,100303,100,98809,100,100329,200,98752,100,100572,100,98673,100,100682,100,98552,100,100756,100,98516,100,100843,100,,
2019-06-28 10:03:20.000000000,100146,232,100096,166,100155,232,99710,332,100163,100,99290,100,100214,100,99215,100,100303,100,98809,100,100329,200,98752,100,100572,100,98673,100,100682,100,98552,100,100756,100,98516,100,100843,100,,
2019-06-28 10:03:30.000000000,100146,166,100096,100,100155,166,99710,266,100163,166,99290,166,100214,166,99215,166,100303,100,98809,100,100329,200,98752,100,100572,100,98673,100,100682,100,98552,100,100756,100,98516,100,100843,100,,
2019-06-28 10:03:40.000000000,100146,364,100096,298,100155,100,99710,200,100163,100,99290,100,100214,100,99215,100,100303,100,98809,100,100329,200,98752,100,100572,100,98673,100,100682,100,98552,100,100756,100,98516,100,100843,100,,
2019-06-28 10:03:50.000000000,100146,153,100096,87,100155,153,99710,253,100163,153,99290,153,100214,153,99215,153,100303,153,98809,153,100329,200,98752,100,100572,100,98673,100,100682,100,98552,100,100756,100,98516,100,100843,100,,
2019-06-28 10:03:56.099171032,100146,153,100096,87,100155,153,99710,253,100163,153,99290,153,100214,53,99215,153,100303,153,99114,100,100329,200,98809,153,100572,100,98752,100,100682,100,98673,100,100756,100,98552,100,100843,100,98516,100
2019-06-28 10:04:00.000000000,100146,190,100096,124,100155,187,99710,287,100163,187,99290,187,100303,100,99215,100,100329,200,99114,100,100572,100,98809,100,100682,100,98752,100,100756,100,98673,100,100843,100,98552,100,100861,100,98516,100
2019-06-28 10:04:10.000000000,100146,153,100096,87,100155,153,99710,253,100163,153,99290,153,100303,153,99215,153,100329,253,99114,153,100572,100,98809,100,100682,100,98752,100,100756,100,98673,100,100843,100,98552,100,100861,100,98516,100
2019-06-28 10:04:14.492506144,100146,153,100096,87,100155,153,99710,253,100163,153,99290,153,100303,153,99215,153,100329,253,99114,153,100572,100,99064,100,100756,100,98809,100,100843,100,98752,100,100861,100,98673,100,100941,100,98552,100
2019-06-28 10:04:20.000000000,100146,153,100096,87,100155,153,99710,253,100163,153,99290,153,100303,153,99215,153,100329,253,99114,153,100572,100,99064,100,100756,100,98809,100,100843,100,98752,100,100861,100,98673,100,100941,100,98552,100
2019-06-28 10:04:30.000000000,100146,166,100096,100,100155,166,99710,266,100163,166,99290,166,100303,166,99215,166,100329,200,99114,100,100572,100,99064,100,100756,100,98809,100,100843,100,98752,100,100861,100,98673,100,100941,100,98552,100
2019-06-28 10:04:40.000000000,100146,364,100096,298,100155,100,99710,200,100163,100,99290,100,100303,100,99215,100,100329,200,99114,100,100572,100,99064,100,100756,100,98809,100,100843,100,98752,100,100861,100,98673,100,100941,100,98552,100
2019-06-28 10:04:40.712883932,100146,364,100096,198,100155,100,99710,200,100163,100,99290,100,100303,100,99215,100,100329,200,99114,100,100572,100,99064,100,100756,100,98809,100,100843,100,98752,100,100861,100,98673,100,100941,100,98552,100
2019-06-28 10:04:42.843160203,100146,364,100096,198,100155,100,99710,200,100163,100,99290,100,100303,100,99215,100,100329,200,99114,100,100572,100,99109,100,100756,100,99064,100,100843,100,98809,100,100861,100,98752,100,100941,100,98673,100
2019-06-28 10:04:50.000000000,100146,166,99710,266,100155,166,99290,166,100163,166,99215,166,100303,166,99114,166,100329,200,99109,100,100572,100,99064,100,100756,100,98809,100,100843,100,98752,100,100861,100,98673,100,100941,100,98552,100
2019-06-28 10:04:54.930897871,100146,166,99710,166,100155,166,99290,166,100163,166,99215,166,100303,166,99114,166,100329,200,99109,100,100572,100,99064,100,100756,100,98809,100,100843,100,98752,100,100861,100,98673,100,100941,100,98552,100
2019-06-28 10:05:00.000000000,100146,190,99710,190,100155,187,99290,187,100163,187,99215,187,100303,100,99114,100,100329,200,99109,100,100572,100,99064,100,100756,100,98809,100,100843,100,98752,100,100861,100,98673,100,100941,100,98552,100
2019-06-28 10:05:00.321629445,100146,190,99710,90,100155,187,99290,187,100163,187,99215,187,100303,100,99114,100,100329,200,99109,100,100572,100,99064,100,100756,100,98809,100,100843,100,98752,100,100861,100,98673,100,100941,100,98552,100
2019-06-28 10:05:06.071842955,99710,10,99290,187,100146,190,99215,187,100155,187,99114,100,100163,187,99109,100,100303,100,99064,100,100329,200,98809,100,100572,100,98752,100,100756,100,98673,100,100843,100,98552,100,100861,100,98516,100
2019-06-28 10:05:10.000000000,99710,63,99290,153,100146,153,99215,153,100155,153,99114,153,100163,153,99109,153,100303,153,99064,153,100329,200,98809,100,100572,100,98752,100,100756,100,98673,100,100843,100,98552,100,100861,100,98516,100
2019-06-28 10:05:11.339957403,99710,63,99290,153,100146,153,99215,153,100155,153,99114,153,100163,153,99109,153,100303,153,99064,153,100329,200,98960,100,100572,100,98809,100,100756,100,98752,100,100843,100,98673,100,100861,100,98552,100
2019-06-28 10:05:20.000000000,99710,76,99290,166,100146,166,99215,166,100155,166,99114,166,100163,166,99109,166,100303,100,99064,100,100329,200,98960,100,100572,100,98809,100,100756,100,98752,100,100843,100,98673,100,100861,100,98552,100
2019-06-28 10:05:22.695392134,99710,176,99290,166,100146,166,99215,166,100155,166,99114,166,100163,166,99109,166,100303,100,99064,100,100329,200,98960,100,100572,100,98809,100,100756,100,98752,100,100843,100,98673,100,100861,100,98552,100
2019-06-28 10:05:30.000000000,99710,200,99290,190,100146,187,99215,187,100155,187,99114,187,100163,100,99109,100,100303,100,99064,100,100329,200,98960,100,100572,100,98809,100,100756,100,98752,100,100843,100,98673,100,100861,100,98552,100
2019-06-28 10:05:39.812568474,99364,100,99290,190,99710,200,99215,187,100146,187,99114,187,100155,187,99109,100,100163,100,99064,100,100303,100,98960,100,100329,200,98809,100,100572,100,98752,100,100756,100,98673,100,100843,100,98552,100
2019-06-28 10:05:40.000000000,99364,364,99290,364,99710,110,99215,100,100146,100,99114,100,100155,100,99109,100,100163,100,99064,100,100303,100,98960,100,100329,200,98809,100,100572,100,98752,100,100756,100,98673,100,100843,100,98552,100
2019-06-28 10:05:41.708305646,99364,364,99290,364,99446,100,99215,100,99710,110,99114,100,100146,100,99109,100,100155,100,99064,100,100163,100,98960,100,100303,100,98809,100,100329,200,98752,100,100572,100,98673,100,100756,100,98552,100
2019-06-28 10:05:43.403640072,99364,364,99290,364,99446,100,99268,100,99710,110,99215,100,100146,100,99114,100,100155,100,99109,100,100163,100,99064,100,100303,100,98809,100,100329,200,98752,100,100572,100,98673,100,100756,100,98552,100
2019-06-28 10:05:47.107288868,99364,264,99290,364,99446,100,99268,100,99710,110,99215,100,100146,100,99194,100,100155,100,99114,100,100163,100,99109,100,100303,100,99064,100,100329,200,98809,100,100572,100,98752,100,100756,100,98673,100
2019-06-28 10:05:50.000000000,99446,190,99290,190,99710,197,99268,187,100146,187,99215,187,100155,100,99194,100,100163,100,99114,100,100303,100,99109,100,100329,200,99064,100,100572,100,98809,100,100756,100,98752,100,100843,100,98673,100
2019-06-28 10:06:00.000000000,99446,166,99290,166,99710,176,99268,166,100146,166,99215,166,100155,166,99194,166,100163,100,99114,100,100303,100,99109,100,100329,200,99064,100,100572,100,98809,100,100756,100,98752,100,100843,100,98673,100
2019-06-28 10:06:10.000000000,99446,153,99290,153,99710,163,99268,153,100146,153,99215,153,100155,153,99194,153,100163,153,99114,153,100303,100,99109,100,100329,200,99064,100,100572,100,98809,100,100756,100,98752,100,100843,100,98673,100
2019-06-28 10:06:20.000000000,99446,166,99290,166,99710,176,99268,166,100146,166,99215,166,100155,166,99194,166,100163,100,99114,100,100303,100,99109,100,100329,200,99064,100,100572,100,98809,100,100756,100,98752,100,100843,100,98673,100
2019-06-28 10:06:24.440639216,99446,66,99290,166,99710,176,99268,166,100146,166,99215,166,100155,166,99194,166,100163,100,99114,100,100303,100,99109,100,100329,200,99064,100,100572,100,98809,100,100756,100,98752,100,100843,100,98673,100
2019-06-28 10:06:30.000000000,99710,242,99290,232,100146,232,99268,232,100155,100,99215,100,100163,100,99194,100,100303,100,99114,100,100329,200,99109,100,100572,100,99064,100,100756,100,98809,100,100843,100,98752,100,100861,100,98673,100
2019-06-28 10:06:32.388731266,99710,242,99290,232,99957,100,99268,132,100146,232,99215,100,100155,100,99194,100,100163,100,99114,100,100303,100,99109,100,100329,200,99064,100,100572,100,98809,100,100756,100,98752,100,100843,100,98673,100
2019-06-28 10:06:33.929493765,99710,242,99290,232,99957,100,99268,132,99966,100,99215,100,100146,232,99194,100,100155,100,99114,100,100163,100,99109,100,100303,100,99064,100,100329,200,98809,100,100756,100,98752,100,100843,100,98673,100
2019-06-28 10:06:38.143026483,99710,242,99290,232,99957,100,99268,132,99966,100,99215,100,99988,100,99194,100,100146,232,99114,100,100155,100,99109,100,100163,100,99064,100,100303,100,98809,100,100329,200,98752,100,100756,100,98673,100
2019-06-28 10:06:40.000000000,99710,163,99290,153,99957,153,99215,153,99966,153,99194,153,99988,153,99114,153,100146,153,99109,153,100155,100,99064,100,100163,100,98809,100,100303,100,98752,100,100329,200,98673,100,100756,100,98552,100
2019-06-28 10:06:46.302714798,99710,163,99290,153,99957,153,99215,153,99966,153,99194,153,99988,153,99114,153,100003,100,99109,153,100146,153,98809,100,100155,100,98752,100,100163,100,98673,100,100303,100,98552,100,100329,200,98516,100
2019-06-28 10:06:50.000000000,99710,176,99290,166,99957,166,99215,166,99966,166,99194,166,99988,166,99114,166,100003,100,99109,100,100146,100,98809,100,100155,100,98752,100,100163,100,98673,100,100303,100,98552,100,100329,200,98516,100
2019-06-28 10:07:00.000000000,99710,163,99290,153,99957,153,99215,153,99966,153,99194,153,99988,153,99114,153,100003,153,99109,153,100146,100,98809,100,100155,100,98752,100,100163,100,98673,100,100303,100,98552,100,100329,200,98516,100
2019-06-28 10:07:10.000000000,99710,242,99290,232,99957,232,99215,232,99966,100,99194,100,99988,100,99114,100,100003,100,99109,100,100146,100,98809,100,100155,100,98752,100,100163,100,98673,100,100303,100,98552,100,100329,200,98516,100
2019-06-28 10:07:20.000000000,99710,200,99290,190,99957,187,99215,187,99966,187,99194,187,99988,100,99114,100,100003,100,99109,100,100146,100,98809,100,100155,100,98752,100,100163,100,98673,100,100303,100,98552,100,100329,200,98516,100
2019-06-28 10:07:30.000000000,99710,200,99290,190,99957,187,99215,187,99966,187,99194,187,99988,100,99114,100,100003,100,99109,100,100146,100,98809,100,100155,100,98752,100,100163,100,98673,100,100303,100,98552,100,100329,200,98516,100
2019-06-28 10:07:40.000000000,99710,176,99290,166,99957,166,99215,166,99966,166,99194,166,99988,166,99114,166,100003,100,99109,100,100146,100,98809,100,100155,100,98752,100,100163,100,98673,100,100303,100,98552,100,100329,200,98516,100
2019-06-28 10:07:50.000000000,99710,242,99290,232,99957,232,99215,232,99966,100,99194,100,99988,100,99114,100,100003,100,99109,100,100146,100,98809,100,100155,100,98752,100,100163,100,98673,100,100303,100,98552,100,100329,200,98516,100
2019-06-28 10:07:51.627044146,99710,242,99364,100,99957,232,99290,232,99966,100,99215,232,99988,100,99194,100,100003,100,99114,100,100146,100,99109,100,100155,100,98809,100,100163,100,98752,100,100303,100,98673,100,100329,200,98552,100
2019-06-28 10:08:00.000000000,99710,163,99364,153,99957,153,99290,153,99966,153,99215,153,99988,153,99194,153,100003,153,99114,153,100146,100,99109,100,100155,100,98809,100,100163,100,98752,100,100303,100,98673,100,100329,200,98552,100
2019-06-28 10:08:07.084950230,99710,163,99364,153,99957,153,99290,153,99966,153,99215,153,99988,153,99194,153,100003,153,99114,153,100146,100,99109,100,100155,100,98809,100,100163,100,98752,100,100303,100,98673,100,100329,200,98552,100
2019-06-28 10:08:10.000000000,99710,374,99364,364,99957,100,99290,100,99966,100,99215,100,99988,100,99194,100,100003,100,99114,100,100146,100,99109,100,100155,100,98809,100,100163,100,98752,100,100303,100,98673,100,100329,200,98552,100
2019-06-28 10:08:20.000000000,99710,163,99364,153,99957,153,99290,153,99966,153,99215,153,99988,153,99194,153,100003,153,99114,153,100146,100,99109,100,100155,100,98809,100,100163,100,98752,100,100303,100,98673,100,100329,200,98552,100
