,ask_price_1,ask_size_1,bid_price_1,bid_size_1,ask_price_2,ask_size_2,bid_price_2,bid_size_2,ask_price_3,ask_size_3,bid_price_3,bid_size_3,ask_price_4,ask_size_4,bid_price_4,bid_size_4,ask_price_5,ask_size_5,bid_price_5,bid_size_5,ask_price_6,ask_size_6,bid_price_6,bid_size_6,ask_price_7,ask_size_7,bid_price_7,bid_size_7,ask_price_8,ask_size_8,bid_price_8,bid_size_8,ask_price_9,ask_size_9,bid_price_9,bid_size_9,ask_price_10,ask_size_10,bid_price_10,bid_size_10
2019-06-28 09:30:00.000000001,100011,100,,,,,,,,,,,,,,,,,,,,,,,,,,,,,,,,,,,,,,
2019-06-28 09:30:00.000000003,99996,100,,,100011,100,,,,,,,,,,,,,,,,,,,,,,,,,,,,,,,,,,
2019-06-28 09:30:00.000000004,99996,100,99932,100,100011,100,,,,,,,,,,,,,,,,,,,,,,,,,,,,,,,,,,
2019-06-28 09:30:00.000000007,99972,100,99932,100,99996,100,99800,100,100011,100,,,,,,,,,,,,,,,,,,,,,,,,,,,,,,
2019-06-28 09:30:00.000000011,99947,100,99932,100,99972,100,99886,100,99996,100,99800,100,100011,100,,,,,,,,,,,,,,,,,,,,,,,,,,
2019-06-28 09:30:00.000000012,99972,100,99932,100,99996,100,99886,100,100011,100,99800,100,,,,,,,,,,,,,,,,,,,,,,,,,,,,
2019-06-28 09:30:00.000000013,99972,100,99932,100,99996,100,99886,100,100011,100,99800,100,100064,100,,,,,,,,,,,,,,,,,,,,,,,,,,
2019-06-28 09:30:00.000000014,99972,100,99932,100,99996,100,99886,100,100011,100,99839,100,100064,100,99800,100,,,,,,,,,,,,,,,,,,,,,,,,
2019-06-28 09:30:00.000000017,99972,100,99932,100,99996,100,99892,100,100011,100,99886,100,100064,100,99839,100,,,99800,100,,,,,,,,,,,,,,,,,,,,
2019-06-28 09:30:00.000000018,99996,100,99932,100,100011,100,99892,100,100064,100,99886,100,,,99839,100,,,99800,100,,,,,,,,,,,,,,,,,,,,
2019-06-28 09:30:00.000000019,99996,100,99932,100,100011,100,99892,100,100064,100,99886,100,,,99839,100,,,99832,100,,,99800,100,,,,,,,,,,,,,,,,
2019-06-28 09:30:00.000000020,99996,100,99932,100,100011,100,99892,100,100064,100,99886,100,100132,100,99839,100,,,99832,100,,,99800,100,,,,,,,,,,,,,,,,
2019-06-28 09:30:00.000000022,99996,100,99932,100,100011,100,99892,100,100025,100,99886,100,100064,100,99839,100,100132,100,99832,100,,,99800,100,,,,,,,,,,,,,,,,
2019-06-28 09:30:00.000000025,99996,100,99947,100,100011,100,99932,100,100025,100,99892,100,100064,100,99886,100,100132,100,99839,100,,,99832,100,,,99800,100,,,,,,,,,,,,
2019-06-28 09:30:00.000000026,99996,100,99950,100,100011,100,99947,100,100025,100,99932,100,100064,100,99892,100,100132,100,99886,100,,,99839,100,,,99832,100,,,99800,100,,,,,,,,
2019-06-28 09:30:00.000000027,99996,100,99950,100,100011,100,99947,200,100025,100,99932,100,100064,100,99892,100,100132,100,99886,100,,,99839,100,,,99832,100,,,99800,100,,,,,,,,
2019-06-28 09:30:00.000000030,99996,100,99950,100,100011,100,99947,300,100025,100,99932,100,100064,100,99892,100,100132,100,99886,100,,,99839,100,,,99832,100,,,99800,100,,,,,,,,
2019-06-28 09:30:00.000000031,99996,100,99950,100,100011,100,99947,300,100025,100,99932,100,100064,100,99892,100,100092,100,99886,100,100132,100,99839,100,,,99832,100,,,99800,100,,,,,,,,
2019-06-28 09:30:00.000000032,99996,100,99950,100,100011,100,99947,300,100025,100,99932,100,100064,100,99892,100,100092,100,99886,100,100132,100,99862,100,,,99839,100,,,99832,100,,,99800,100,,,,
2019-06-28 09:30:00.000000037,100011,100,99950,100,100025,100,99947,300,100064,100,99932,100,100092,100,99892,100,100127,100,99886,100,100132,100,99862,100,,,99839,100,,,99832,100,,,99800,100,,,,
2019-06-28 09:30:00.000000038,100011,100,99982,100,100025,100,99950,100,100064,100,99947,300,100092,100,99932,100,100127,100,99892,100,100132,100,99886,100,,,99862,100,,,99839,100,,,99832,100,,,99800,100
2019-06-28 09:30:00.000000042,100011,100,99982,100,100025,100,99950,100,100064,100,99947,300,100092,100,99932,100,100127,100,99892,100,100132,100,99886,100,,,99880,100,,,99862,100,,,99839,100,,,99832,100
2019-06-28 09:30:00.000000043,100011,100,99982,100,100025,100,99965,100,100064,100,99950,100,100092,100,99947,300,100127,100,99932,100,100132,100,99892,100,,,99886,100,,,99880,100,,,99862,100,,,99839,100
2019-06-28 09:30:00.000000044,100011,100,99982,100,100025,100,99965,100,100064,100,99950,100,100092,100,99947,300,100100,100,99932,100,100127,100,99892,100,100132,100,99886,100,,,99880,100,,,99862,100,,,99839,100
2019-06-28 09:30:00.000000048,100011,100,99982,100,100025,100,99965,100,100043,100,99950,100,100064,100,99947,300,100092,100,99932,100,100100,100,99892,100,100127,100,99886,100,100132,100,99880,100,,,99862,100,,,99839,100
2019-06-28 09:30:00.000000051,100011,100,99982,100,100025,100,99965,100,100043,100,99950,100,100064,100,99947,300,100092,100,99932,100,100100,100,99892,100,100127,100,99886,100,100132,100,99881,100,,,99880,100,,,99862,100
2019-06-28 09:30:00.000000054,100010,100,99982,100,100011,100,99965,100,100025,100,99950,100,100043,100,99947,300,100064,100,99932,100,100092,100,99892,100,100100,100,99886,100,100127,100,99881,100,100132,100,99880,100,,,99862,100
2019-06-28 09:30:00.000000056,100011,100,99982,100,100025,100,99965,100,100043,100,99950,100,100064,100,99947,300,100092,100,99932,100,100100,100,99892,100,100127,100,99886,100,100132,100,99881,100,,,99880,100,,,99862,100
2019-06-28 09:30:00.000000058,100011,100,99982,100,100015,100,99965,100,100025,100,99950,100,100043,100,99947,300,100064,100,99932,100,100085,100,99892,100,100092,100,99886,100,100100,100,99881,100,100127,100,99880,100,100128,100,99862,100
2019-06-28 09:30:00.000000059,100011,100,99965,100,100015,100,99950,100,100025,100,99947,300,100043,100,99932,100,100064,100,99892,100,100085,100,99886,100,100092,100,99881,100,100100,100,99880,100,100127,100,99862,100,100128,100,99839,100
2019-06-28 09:30:00.000000060,100011,100,99965,100,100015,100,99950,100,100025,100,99947,400,100043,100,99932,100,100064,100,99892,100,100065,100,99886,100,100085,100,99881,100,100092,100,99880,100,100100,100,99862,100,100127,100,99839,100
2019-06-28 09:30:00.000000062,100011,100,99965,100,100015,100,99950,100,100025,100,99947,400,100043,100,99943,100,100064,100,99932,100,100065,100,99892,100,100085,200,99886,100,100092,100,99881,100,100100,100,99880,100,100127,100,99862,100
2019-06-28 09:30:00.000000063,100011,100,99965,100,100015,100,99950,100,100025,100,99947,400,100043,100,99943,100,100064,100,99932,100,100065,100,99892,100,100085,200,99886,100,100092,100,99881,100,100100,100,99880,100,100127,100,99862,100
2019-06-28 09:30:00.000000066,100011,100,99965,100,100015,100,99950,100,100025,100,99947,400,100043,100,99943,100,100064,100,99932,100,100065,100,99892,100,100085,200,99886,200,100092,100,99881,100,100100,100,99880,100,100127,100,99862,100
2019-06-28 09:30:00.000000067,100011,100,99965,100,100015,100,99950,100,100025,100,99947,400,100043,100,99943,100,100054,100,99932,100,100064,100,99892,100,100065,100,99886,200,100085,200,99881,100,100092,100,99880,100,100100,100,99862,100
2019-06-28 09:30:00.000000071,100011,100,99965,100,100015,100,99950,100,100025,100,99947,400,100043,100,99943,200,100054,100,99932,100,100064,100,99892,100,100065,100,99886,200,100085,200,99881,100,100092,100,99880,100,100100,100,99862,100
2019-06-28 09:30:00.000000072,100011,100,99965,100,100015,100,99950,100,100025,100,99947,400,100043,100,99943,200,100054,100,99932,100,100064,100,99892,100,100065,100,99886,200,100085,200,99881,100,100092,100,99880,100,100100,100,99862,100
2019-06-28 09:30:00.000000074,100011,100,99965,100,100015,100,99950,100,100025,100,99947,400,100043,100,99943,200,100054,100,99932,100,100064,100,99928,100,100065,100,99892,100,100085,200,99886,200,100092,100,99881,100,100100,100,99880,100
2019-06-28 09:30:00.000000077,100011,100,99965,100,100015,100,99950,100,100025,100,99947,400,100043,100,99943,200,100054,100,99932,100,100064,100,99928,100,100065,100,99892,100,100085,200,99886,200,100092,100,99881,100,100100,100,99880,100
2019-06-28 09:30:00.000000078,100010,100,99965,100,100011,100,99950,100,100015,100,99947,400,100025,100,99943,200,100043,100,99932,100,100054,100,99928,100,100064,100,99892,100,100065,100,99886,200,100085,200,99881,100,100092,100,99880,100
2019-06-28 09:30:00.000000080,100010,300,99965,100,100011,100,99950,100,100015,100,99947,400,100025,100,99943,200,100043,100,99932,100,100054,100,99928,100,100064,100,99892,100,100065,100,99886,200,100085,200,99881,100,100092,100,99880,100
2019-06-28 09:30:00.000000082,99997,100,99982,100,100008,100,99965,100,100010,300,99950,100,100011,100,99947,400,100015,100,99943,200,100025,100,99932,100,100043,100,99928,100,100054,100,99892,100,100064,100,99886,200,100065,100,99881,100
2019-06-28 09:30:00.000000086,99997,100,99982,100,100008,100,99965,100,100010,400,99950,100,100011,100,99947,400,100015,100,99943,200,100025,100,99932,100,100043,100,99928,100,100054,100,99892,100,100064,100,99886,200,100065,100,99881,100
2019-06-28 09:30:00.000000087,99997,100,99982,100,100008,100,99965,100,100010,400,99950,100,100011,100,99947,400,100015,100,99943,200,100025,100,99932,100,100043,100,99928,100,100054,100,99892,100,100064,100,99886,200,100065,100,99881,100
2019-06-28 09:30:00.000000088,99997,100,99982,100,100008,100,99965,100,100010,400,99950,100,100011,100,99947,400,100015,100,99943,200,100025,100,99932,100,100043,100,99928,100,100054,100,99892,100,100064,100,99886,200,100065,100,99881,100
2019-06-28 09:30:00.000000090,99997,100,99982,100,100008,100,99965,100,100010,400,99961,100,100011,100,99950,100,100015,100,99947,400,100025,100,99943,200,100043,100,99932,100,100054,100,99928,100,100064,100,99892,100,100065,100,99886,200
2019-06-28 09:30:00.000000091,99997,100,99982,100,100008,100,99965,100,100010,500,99961,100,100011,100,99950,100,100015,100,99947,400,100025,100,99943,200,100043,100,99932,100,100054,100,99928,100,100064,100,99892,100,100065,100,99886,200
2019-06-28 09:30:00.000000093,100008,100,99982,100,100010,500,99965,100,100011,100,99961,100,100015,100,99950,100,100025,100,99947,400,100043,100,99943,200,100054,100,99932,100,100064,100,99928,100,100065,100,99892,100,100083,100,99886,200
2019-06-28 09:30:00.000000094,100008,100,99982,100,100010,500,99965,100,100011,100,99961,100,100015,100,99950,100,100025,100,99947,400,100043,100,99943,200,100054,100,99932,100,100064,100,99928,100,100065,100,99921,100,100081,100,99892,100
2019-06-28 09:30:00.000000096,100008,100,99982,100,100010,500,99965,100,100011,100,99961,100,100015,100,99950,100,100025,100,99947,400,100043,100,99943,200,100054,100,99932,100,100064,100,99928,100,100065,100,99921,100,100081,100,99892,100
2019-06-28 09:30:00.000000099,99997,100,99982,100,100008,100,99965,100,100010,500,99961,100,100011,100,99950,100,100015,100,99947,400,100025,100,99943,200,100043,100,99932,100,100054,100,99928,100,100064,100,99921,100,100065,100,99892,100
2019-06-28 09:30:10.000000000,99997,260,99982,260,100008,255,99965,255,100010,655,99961,255,100011,100,99950,100,100015,100,99947,400,100025,100,99943,200,100043,100,99932,100,100054,100,99928,100,100064,100,99921,100,100065,100,99892,100
2019-06-28 09:30:14.115014030,99997,160,99982,260,100008,255,99965,255,100010,655,99961,255,100011,100,99950,100,100015,100,99947,400,100025,100,99943,200,100043,100,99932,100,100054,100,99928,100,100064,100,99921,100,100065,100,99892,100
2019-06-28 09:30:20.000000000,100008,260,99982,260,100010,655,99965,255,100011,255,99961,255,100015,100,99950,100,100025,100,99947,400,100043,100,99943,200,100054,100,99932,100,100064,100,99928,100,100065,100,99921,100,100081,100,99892,100
2019-06-28 09:30:30.000000000,100008,571,99982,571,100010,500,99965,100,100011,100,99961,100,100015,100,99950,100,100025,100,99947,400,100043,100,99943,200,100054,100,99932,100,100064,100,99928,100,100065,100,99921,100,100081,100,99892,100
2019-06-28 09:30:40.000000000,100008,218,99982,218,100010,618,99965,218,100011,218,99961,218,100015,218,99950,218,100025,100,99947,400,100043,100,99943,200,100054,100,99932,100,100064,100,99928,100,100065,100,99921,100,100081,100,99892,100
2019-06-28 09:30:47.277280388,100008,218,99997,100,100010,618,99982,218,100011,218,99965,218,100015,218,99961,218,100025,100,99950,218,100043,100,99947,400,100054,100,99943,200,100064,100,99932,100,100065,100,99928,100,100081,100,99921,100
2019-06-28 09:30:50.000000000,100008,260,99997,260,100010,655,99982,255,100011,255,99965,255,100015,100,99961,100,100025,100,99950,100,100043,100,99947,400,100054,100,99943,200,100064,100,99932,100,100065,100,99928,100,100081,100,99921,100
2019-06-28 09:30:53.260276330,100008,160,99997,260,100010,655,99982,255,100011,255,99965,255,100015,100,99961,100,100025,100,99950,100,100043,100,99947,400,100054,100,99943,200,100064,100,99932,100,100065,100,99928,100,100081,100,99921,100
2019-06-28 09:31:00.000000000,100010,660,99997,260,100011,255,99982,255,100015,255,99965,255,100025,100,99961,100,100043,100,99950,100,100054,100,99947,400,100064,100,99943,200,100065,100,99932,100,100081,100,99928,100,100083,100,99921,100
2019-06-28 09:31:03.754603785,100010,660,99997,260,100011,255,99982,255,100015,255,99965,255,100025,100,99961,100,100043,100,99950,100,100054,100,99947,400,100064,100,99943,200,100065,100,99928,100,100081,100,99921,100,100083,100,99892,100
2019-06-28 09:31:04.234803770,100010,660,99998,100,100011,255,99997,160,100015,255,99982,255,100025,100,99965,255,100043,100,99961,100,100054,100,99950,100,100064,100,99947,400,100065,100,99943,200,100081,100,99928,100,100083,100,99921,100
2019-06-28 09:31:04.448184262,100010,660,99998,100,100011,255,99997,160,100015,255,99982,255,100025,100,99965,255,100043,100,99961,100,100054,100,99950,100,100064,100,99947,400,100065,100,99943,200,100081,100,99928,100,100083,100,99921,100
2019-06-28 09:31:10.000000000,100010,736,99998,336,100011,336,99982,336,100015,100,99965,100,100025,100,99961,100,100043,100,99950,100,100054,100,99947,400,100064,100,99943,200,100065,100,99928,100,100081,100,99921,100,100083,100,99892,100
2019-06-28 09:31:20.000000000,100010,736,99998,336,100011,336,99982,336,100015,100,99965,100,100025,100,99961,100,100043,100,99950,100,100054,100,99947,400,100064,100,99943,200,100065,100,99928,100,100081,100,99921,100,100083,100,99892,100
2019-06-28 09:31:29.980621384,100010,736,99998,336,100011,336,99982,336,100015,100,99965,100,100025,100,99961,100,100043,100,99950,100,100054,100,99947,400,100064,100,99943,200,100065,100,99928,100,100081,100,99921,100,100083,100,99892,100
2019-06-28 09:31:30.000000000,100010,618,99998,218,100011,218,99982,218,100015,218,99965,218,100025,218,99961,218,100043,100,99950,100,100054,100,99947,400,100064,100,99943,200,100065,100,99928,100,100081,100,99921,100,100083,100,99892,100
2019-06-28 09:31:40.000000000,100010,736,99998,336,100011,336,99982,336,100015,100,99965,100,100025,100,99961,100,100043,100,99950,100,100054,100,99947,400,100064,100,99943,200,100065,100,99928,100,100081,100,99921,100,100083,100,99892,100
2019-06-28 09:31:50.000000000,100010,736,99998,336,100011,336,99982,336,100015,100,99965,100,100025,100,99961,100,100043,100,99950,100,100054,100,99947,400,100064,100,99943,200,100065,100,99928,100,100081,100,99921,100,100083,100,99892,100
2019-06-28 09:32:00.000000000,100010,736,99998,336,100011,336,99982,336,100015,100,99965,100,100025,100,99961,100,100043,100,99950,100,100054,100,99947,400,100064,100,99943,200,100065,100,99928,100,100081,100,99921,100,100083,100,99892,100
2019-06-28 09:32:10.000000000,100010,971,99998,571,100011,100,99982,100,100015,100,99965,100,100025,100,99961,100,100043,100,99950,100,100054,100,99947,400,100064,100,99943,200,100065,100,99928,100,100081,100,99921,100,100083,100,99892,100
2019-06-28 09:32:13.189530635,100010,971,99998,571,100011,100,99982,100,100015,100,99965,100,100025,100,99961,100,100043,100,99950,100,100054,100,99947,300,100064,100,99943,200,100065,100,99928,100,100081,100,99921,100,100083,100,99892,100
2019-06-28 09:32:16.289153294,100010,971,99998,571,100011,100,99982,100,100015,100,99965,100,100023,100,99961,100,100025,100,99950,100,100043,100,99947,300,100054,100,99943,200,100064,100,99928,100,100065,100,99921,100,100081,100,99892,100
2019-06-28 09:32:20.000000000,100010,660,99998,260,100011,255,99982,255,100015,255,99965,255,100023,100,99961,100,100025,100,99950,100,100043,100,99947,300,100054,100,99943,200,100064,100,99928,100,100065,100,99921,100,100081,100,99892,100
2019-06-28 09:32:30.000000000,100010,618,99998,218,100011,218,99982,218,100015,218,99965,218,100023,218,99961,218,100025,100,99950,100,100043,100,99947,300,100054,100,99943,200,100064,100,99928,100,100065,100,99921,100,100081,100,99892,100
2019-06-28 09:32:40.000000000,100010,971,99998,571,100011,100,99982,100,100015,100,99965,100,100023,100,99961,100,100025,100,99950,100,100043,100,99947,300,100054,100,99943,200,100064,100,99928,100,100065,100,99921,100,100081,100,99892,100
2019-06-28 09:32:50.000000000,100010,660,99998,260,100011,255,99982,255,100015,255,99965,255,100023,100,99961,100,100025,100,99950,100,100043,100,99947,300,100054,100,99943,200,100064,100,99928,100,100065,100,99921,100,100081,100,99892,100
2019-06-28 09:33:00.000000000,100010,971,99998,571,100011,100,99982,100,100015,100,99965,100,100023,100,99961,100,100025,100,99950,100,100043,100,99947,300,100054,100,99943,200,100064,100,99928,100,100065,100,99921,100,100081,100,99892,100
2019-06-28 09:33:02.284393691,100010,971,99998,471,100015,100,99982,100,100023,100,99965,100,100025,100,99961,100,100043,100,99950,100,100054,100,99947,300,100064,100,99943,200,100065,100,99928,100,100081,100,99921,100,100083,100,99892,100
2019-06-28 09:33:06.502233604,100010,971,99998,471,100015,100,99982,100,100023,100,99965,100,100025,100,99961,100,100043,100,99950,100,100054,100,99947,300,100064,100,99943,200,100065,100,99928,100,100081,100,99921,100,100083,100,99892,100
2019-06-28 09:33:10.000000000,100010,971,99982,571,100015,100,99965,100,100023,100,99961,100,100025,100,99950,100,100043,100,99947,300,100054,100,99943,200,100064,100,99928,100,100065,100,99921,100,100081,100,99892,100,100083,100,99886,200
2019-06-28 09:33:20.000000000,100010,736,99982,336,100015,336,99965,336,100023,100,99961,100,100025,100,99950,100,100043,100,99947,300,100054,100,99943,200,100064,100,99928,100,100065,100,99921,100,100081,100,99892,100,100083,100,99886,200
2019-06-28 09:33:30.000000000,100010,660,99982,260,100015,255,99965,255,100023,255,99961,255,100025,100,99950,100,100043,100,99947,300,100054,100,99943,200,100064,100,99928,100,100065,100,99921,100,100081,100,99892,100,100083,100,99886,200
2019-06-28 09:33:40.000000000,100010,660,99982,260,100015,255,99965,255,100023,255,99961,255,100025,100,99950,100,100043,100,99947,300,100054,100,99943,200,100064,100,99928,100,100065,100,99921,100,100081,100,99892,100,100083,100,99886,200
2019-06-28 09:33:50.000000000,100010,660,99982,260,100015,255,99965,255,100023,255,99961,255,100025,100,99950,100,100043,100,99947,300,100054,100,99943,200,100064,100,99928,100,100065,100,99921,100,100081,100,99892,100,100083,100,99886,200
2019-06-28 09:34:00.000000000,100010,618,99982,218,100015,218,99965,218,100023,218,99961,218,100025,218,99950,218,100043,100,99947,300,100054,100,99943,200,100064,100,99928,100,100065,100,99921,100,100081,100,99892,100,100083,100,99886,200
2019-06-28 09:34:10.000000000,100010,971,99982,571,100015,100,99965,100,100023,100,99961,100,100025,100,99950,100,100043,100,99947,300,100054,100,99943,200,100064,100,99928,100,100065,100,99921,100,100081,100,99892,100,100083,100,99886,200
2019-06-28 09:34:17.178179460,100010,871,99982,571,100015,100,99965,100,100023,100,99961,100,100025,100,99950,100,100043,100,99947,300,100054,100,99943,200,100064,100,99928,100,100065,100,99921,100,100081,100,99892,100,100083,100,99886,200
2019-06-28 09:34:20.000000000,100010,560,99982,260,100015,255,99965,255,100023,255,99961,255,100025,100,99950,100,100043,100,99947,300,100054,100,99943,200,100064,100,99928,100,100065,100,99921,100,100081,100,99892,100,100083,100,99886,200
2019-06-28 09:34:20.010731327,100010,560,99982,260,100015,255,99965,255,100023,255,99961,255,100025,100,99950,100,100043,100,99947,300,100054,100,99943,200,100064,100,99928,100,100065,100,99921,100,100081,100,99892,100,100083,100,99886,200
2019-06-28 09:34:20.194211665,100010,560,99982,260,100015,255,99965,255,100023,255,99961,255,100025,100,99950,100,100043,100,99947,300,100054,100,99943,200,100064,100,99928,100,100065,100,99892,100,100081,100,99886,200,100083,100,99881,100
2019-06-28 09:34:24.342198785,100010,460,99982,260,100015,255,99965,255,100023,255,99961,255,100025,100,99950,100,100043,100,99947,300,100054,100,99943,200,100064,100,99928,100,100065,100,99892,100,100081,100,99886,200,100083,100,99881,100
2019-06-28 09:34:30.000000000,100010,418,99982,218,100015,218,99965,218,100023,218,99961,218,100025,218,99950,218,100043,100,99947,300,100054,100,99943,200,100064,100,99928,100,100065,100,99892,100,100081,100,99886,200,100083,100,99881,100
2019-06-28 09:34:40.000000000,100010,536,99982,336,100015,336,99965,336,100023,100,99961,100,100025,100,99950,100,100043,100,99947,300,100054,100,99943,200,100064,100,99928,100,100065,100,99892,100,100081,100,99886,200,100083,100,99881,100
2019-06-28 09:34:43.125513466,100010,536,99982,336,100015,336,99965,336,100023,100,99961,100,100025,100,99950,100,100043,100,99947,300,100054,100,99943,200,100064,100,99928,100,100065,100,99892,100,100081,100,99886,200,100083,100,99881,100
2019-06-28 09:34:44.774793869,100010,436,99982,336,100015,336,99965,336,100023,100,99961,100,100043,100,99950,100,100054,100,99947,300,100064,100,99943,200,100065,100,99928,100,100081,100,99892,100,100083,100,99886,200,100085,200,99881,100
2019-06-28 09:34:46.515074114,100010,336,99982,336,100015,336,99965,336,100023,100,99961,100,100043,100,99950,100,100064,100,99947,300,100065,100,99943,200,100081,100,99928,100,100083,100,99892,100,100085,200,99886,200,100092,100,99881,100
2019-06-28 09:34:50.000000000,100010,218,99982,218,100015,218,99965,218,100023,218,99961,218,100043,218,99950,218,100064,100,99947,300,100065,100,99943,200,100081,100,99928,100,100083,100,99892,100,100085,200,99886,200,100092,100,99881,100
2019-06-28 09:34:51.992718255,100010,118,99982,218,100015,218,99965,218,100023,218,99961,118,100043,218,99950,218,100064,100,99947,300,100065,100,99943,200,100081,100,99928,100,100083,100,99892,100,100085,200,99886,200,100092,100,99881,100
2019-06-28 09:34:55.221394930,100010,18,99982,218,100015,218,99965,218,100023,218,99961,118,100043,218,99950,218,100064,100,99947,300,100065,100,99943,200,100081,100,99928,100,100083,100,99892,100,100085,200,99886,200,100092,100,99881,100
2019-06-28 09:34:56.420541257,100015,218,100010,82,100023,218,99982,218,100043,218,99965,218,100064,100,99961,118,100065,100,99950,218,100081,100,99947,300,100083,100,99943,200,100085,200,99928,100,100092,100,99892,100,100100,100,99886,200
2019-06-28 09:35:00.000000000,100015,336,100010,318,100023,336,99982,336,100043,100,99965,100,100064,100,99950,100,100065,100,99947,300,100081,100,99943,200,100083,100,99928,100,100085,200,99892,100,100092,100,99886,200,100100,100,99881,100
2019-06-28 09:35:10.000000000,100015,218,100010,200,100023,218,99982,218,100043,218,99965,218,100064,218,99950,218,100065,100,99947,300,100081,100,99943,200,100083,100,99928,100,100085,200,99892,100,100092,100,99886,200,100100,100,99881,100
2019-06-28 09:35:11.167384546,100015,218,100010,200,100023,218,99982,218,100043,218,99965,218,100064,218,99950,218,100065,100,99947,300,100081,100,99943,200,100083,100,99928,100,100085,200,99892,100,100092,100,99886,100,100100,100,99881,100
2019-06-28 09:35:20.000000000,100015,218,100010,200,100023,218,99982,218,100043,218,99965,218,100064,218,99950,218,100065,100,99947,300,100081,100,99943,200,100083,100,99928,100,100085,200,99892,100,100092,100,99886,100,100100,100,99881,100
2019-06-28 09:35:26.214069088,100015,118,100010,200,100023,218,99982,218,100043,218,99965,218,100064,218,99950,218,100065,100,99947,300,100081,100,99943,200,100083,100,99928,100,100085,200,99892,100,100092,100,99886,100,100100,100,99881,100
2019-06-28 09:35:30.000000000,100023,571,100010,553,100043,100,99982,100,100064,100,99965,100,100065,100,99950,100,100081,100,99947,300,100083,100,99943,200,100085,200,99928,100,100092,100,99892,100,100100,100,99886,100,100119,100,99881,100
2019-06-28 09:35:40.000000000,100023,218,100010,200,100043,218,99982,218,100064,218,99965,218,100065,218,99950,218,100081,100,99947,300,100083,100,99943,200,100085,200,99928,100,100092,100,99892,100,100100,100,99886,100,100119,100,99881,100
2019-06-28 09:35:50.000000000,100023,194,100010,176,100043,194,99982,194,100064,194,99965,194,100065,194,99950,194,100081,194,99947,394,100083,100,99943,200,100085,200,99928,100,100092,100,99892,100,100100,100,99886,100,100119,100,99881,100
2019-06-28 09:36:00.000000000,100023,336,100010,318,100043,336,99982,336,100064,100,99965,100,100065,100,99950,100,100081,100,99947,300,100083,100,99943,200,100085,200,99928,100,100092,100,99892,100,100100,100,99886,100,100119,100,99881,100
2019-06-28 09:36:07.235211683,100023,236,100010,318,100043,336,99982,336,100064,100,99965,100,100065,100,99950,100,100081,100,99947,300,100083,100,99943,200,100085,200,99928,100,100092,100,99892,100,100100,100,99886,100,100119,100,99881,100
2019-06-28 09:36:10.000000000,100043,336,100010,318,100064,336,99982,336,100065,100,99965,100,100081,100,99950,100,100083,100,99947,300,100085,200,99943,200,100092,100,99928,100,100100,100,99892,100,100119,100,99886,100,100127,100,99881,100
2019-06-28 09:36:20.000000000,100043,260,100010,242,100064,255,99982,255,100065,255,99965,255,100081,100,99950,100,100083,100,99947,300,100085,200,99943,200,100092,100,99928,100,100100,100,99892,100,100119,100,99886,100,100127,100,99881,100
2019-06-28 09:36:30.000000000,100043,260,100010,242,100064,255,99982,255,100065,255,99965,255,100081,100,99950,100,100083,100,99947,300,100085,200,99943,200,100092,100,99928,100,100100,100,99892,100,100119,100,99886,100,100127,100,99881,100
2019-06-28 09:36:32.067611659,100043,260,100015,100,100064,255,100010,160,100065,255,99982,255,100081,100,99965,255,100083,100,99950,100,100085,200,99947,300,100092,100,99943,200,100100,100,99928,100,100119,100,99892,100,100127,100,99886,100
2019-06-28 09:36:39.721569949,100043,260,100015,100,100064,255,100010,160,100065,255,99982,255,100081,100,99965,155,100083,100,99950,100,100085,200,99947,300,100092,100,99943,200,100100,100,99928,100,100119,100,99892,100,100127,100,99886,100
2019-06-28 09:36:40.000000000,100043,260,100015,260,100064,255,99982,255,100065,255,99950,255,100081,100,99947,300,100083,100,99943,200,100085,200,99928,100,100092,100,99892,100,100100,100,99886,100,100119,100,99881,100,100127,100,99880,100
2019-06-28 09:36:50.000000000,100043,260,100015,260,100064,255,99982,255,100065,255,99950,255,100081,100,99947,300,100083,100,99943,200,100085,200,99928,100,100092,100,99892,100,100100,100,99886,100,100119,100,99881,100,100127,100,99880,100
2019-06-28 09:36:50.792462943,100043,160,100015,260,100064,255,99982,255,100065,255,99950,255,100081,100,99947,300,100083,100,99943,200,100085,200,99928,100,100092,100,99892,100,100100,100,99886,100,100119,100,99881,100,100127,100,99880,100
2019-06-28 09:36:50.980272230,100043,60,100015,260,100064,255,99982,255,100065,255,99950,255,100081,100,99947,300,100083,100,99943,200,100085,200,99928,100,100092,100,99892,100,100100,100,99886,100,100119,100,99881,100,100127,100,99880,100
2019-06-28 09:37:00.000000000,100064,218,100015,218,100065,218,99982,218,100081,218,99950,218,100083,218,99947,418,100085,200,99943,200,100092,100,99928,100,100100,100,99892,100,100119,100,99886,100,100127,100,99881,100,100128,100,99880,100
2019-06-28 09:37:02.735418781,100064,218,100015,218,100065,218,99982,218,100081,218,99950,218,100083,218,99947,318,100085,200,99943,200,100092,100,99928,100,100100,100,99892,100,100119,100,99886,100,100127,100,99881,100,100128,100,99880,100
2019-06-28 09:37:10.000000000,100064,194,100015,194,100065,194,99982,194,100081,194,99950,194,100083,194,99947,294,100085,294,99943,294,100092,100,99928,100,100100,100,99892,100,100119,100,99886,100,100127,100,99881,100,100128,100,99880,100
2019-06-28 09:37:15.224898098,100064,194,100015,194,100065,194,99982,194,100081,194,99950,194,100083,194,99947,294,100085,294,99943,294,100092,100,99928,100,100100,100,99886,100,100119,100,99881,100,100127,100,99880,100,100128,100,99862,100
2019-06-28 09:37:16.383478522,100064,194,100043,100,100065,194,100015,194,100081,194,99982,194,100083,194,99950,194,100085,294,99947,294,100092,100,99943,294,100100,100,99928,100,100119,100,99886,100,100127,100,99881,100,100128,100,99880,100
2019-06-28 09:37:20.000000000,100064,260,100043,260,100065,255,100015,255,100081,255,99982,255,100083,100,99950,100,100085,200,99947,200,100092,100,99943,200,100100,100,99928,100,100119,100,99886,100,100127,100,99881,100,100128,100,99880,100
2019-06-28 09:37:30.000000000,100064,260,100043,260,100065,255,100015,255,100081,255,99982,255,100083,100,99950,100,100085,200,99947,200,100092,100,99943,200,100100,100,99928,100,100119,100,99886,100,100127,100,99881,100,100128,100,99880,100
2019-06-28 09:37:33.983542778,100064,260,100043,160,100065,255,100015,255,100081,255,99982,255,100083,100,99950,100,100085,200,99947,200,100092,100,99943,200,100100,100,99928,100,100119,100,99886,100,100127,100,99880,100,100128,100,99862,100
2019-06-28 09:37:36.705948122,100064,160,100043,160,100065,255,100015,255,100081,255,99982,255,100083,100,99950,100,100085,200,99947,200,100092,100,99943,200,100100,100,99928,100,100119,100,99886,100,100127,100,99880,100,100128,100,99862,100
2019-06-28 09:37:40.000000000,100065,571,100015,571,100081,100,99982,100,100083,100,99950,100,100085,200,99947,200,100092,100,99943,200,100100,100,99928,100,100119,100,99886,100,100127,100,99880,100,100128,100,99862,100,100132,100,99859,100
2019-06-28 09:37:50.000000000,100065,194,100015,194,100081,194,99982,194,100083,194,99950,194,100085,294,99947,294,100092,194,99943,294,100100,100,99928,100,100119,100,99886,100,100127,100,99880,100,100128,100,99862,100,100132,100,99859,100
2019-06-28 09:37:52.882391053,100065,194,100015,94,100081,194,99982,194,100083,194,99950,194,100085,294,99947,294,100092,194,99943,294,100100,100,99928,100,100119,100,99886,100,100127,100,99880,100,100128,100,99862,100,100132,100,99859,100
2019-06-28 09:37:59.138995181,100065,194,100015,94,100081,194,99982,194,100083,194,99950,194,100085,294,99947,294,100092,194,99943,294,100100,100,99928,100,100119,100,99890,100,100127,100,99886,100,100128,100,99880,100,100132,100,99862,100
2019-06-28 09:38:00.000000000,100065,260,99982,260,100081,255,99950,255,100083,255,99947,355,100085,200,99943,200,100092,100,99928,100,100100,100,99890,100,100119,100,99886,100,100127,100,99880,100,100128,100,99862,100,100132,100,99859,100
2019-06-28 09:38:06.805325561,100065,260,99982,260,100081,255,99950,255,100083,255,99947,355,100085,200,99943,200,100092,100,99928,100,100100,100,99886,100,100119,100,99880,100,100127,100,99862,100,100128,100,99859,100,100132,100,99834,100
2019-06-28 09:38:10.000000000,100065,194,99982,194,100081,194,99950,194,100083,194,99947,294,100085,294,99943,294,100092,194,99928,194,100100,100,99886,100,100119,100,99880,100,100127,100,99862,100,100128,100,99859,100,100132,100,99834,100
2019-06-28 09:38:20.000000000,100065,194,99982,194,100081,194,99950,194,100083,194,99947,294,100085,294,99943,294,100092,194,99928,194,100100,100,99886,100,100119,100,99880,100,100127,100,99862,100,100128,100,99859,100,100132,100,99834,100
2019-06-28 09:38:30.000000000,100065,336,99982,336,100081,336,99950,336,100083,100,99947,200,100085,200,99943,200,100092,100,99928,100,100100,100,99886,100,100119,100,99880,100,100127,100,99862,100,100128,100,99859,100,100132,100,99834,100
2019-06-28 09:38:40.000000000,100065,260,99982,260,100081,255,99950,255,100083,255,99947,355,100085,200,99943,200,100092,100,99928,100,100100,100,99886,100,100119,100,99880,100,100127,100,99862,100,100128,100,99859,100,100132,100,99834,100
2019-06-28 09:38:43.126618530,100065,260,99982,260,100081,255,99950,255,100083,255,99947,355,100085,200,99943,200,100092,100,99928,100,100100,100,99886,100,100119,100,99880,100,100127,100,99862,100,100128,100,99859,100,100132,100,99834,100
2019-06-28 09:38:50.000000000,100065,336,99982,336,100081,336,99950,336,100083,100,99947,200,100085,200,99943,200,100092,100,99928,100,100100,100,99886,100,100119,100,99880,100,100127,100,99862,100,100128,100,99859,100,100132,100,99834,100
2019-06-28 09:38:55.303195446,100065,336,99982,336,100081,336,99950,336,100083,100,99947,200,100085,200,99943,200,100092,100,99928,100,100100,100,99886,100,100119,100,99880,100,100128,100,99862,100,100132,100,99859,100,100145,100,99834,100
2019-06-28 09:39:00.000000000,100065,571,99982,571,100081,100,99950,100,100083,100,99947,200,100085,200,99943,200,100092,100,99928,100,100100,100,99886,100,100119,100,99880,100,100128,100,99862,100,100132,100,99859,100,100145,100,99834,100
2019-06-28 09:39:10.000000000,100065,194,99982,194,100081,194,99950,194,100083,194,99947,294,100085,294,99943,294,100092,194,99928,194,100100,100,99886,100,100119,100,99880,100,100128,100,99862,100,100132,100,99859,100,100145,100,99834,100
2019-06-28 09:39:20.000000000,100065,194,99982,194,100081,194,99950,194,100083,194,99947,294,100085,294,99943,294,100092,194,99928,194,100100,100,99886,100,100119,100,99880,100,100128,100,99862,100,100132,100,99859,100,100145,100,99834,100
2019-06-28 09:39:30.000000000,100065,571,99982,571,100081,100,99950,100,100083,100,99947,200,100085,200,99943,200,100092,100,99928,100,100100,100,99886,100,100119,100,99880,100,100128,100,99862,100,100132,100,99859,100,100145,100,99834,100
2019-06-28 09:39:40.000000000,100065,571,99982,571,100081,100,99950,100,100083,100,99947,200,100085,200,99943,200,100092,100,99928,100,100100,100,99886,100,100119,100,99880,100,100128,100,99862,100,100132,100,99859,100,100145,100,99834,100
2019-06-28 09:39:43.062063108,100065,471,99982,571,100081,100,99950,100,100083,100,99947,200,100085,200,99943,200,100092,100,99928,100,100119,100,99886,100,100128,100,99880,100,100132,100,99862,100,100145,100,99859,100,100160,100,99834,100
2019-06-28 09:39:50.000000000,100081,194,99982,194,100083,194,99950,194,100085,294,99947,294,100092,194,99943,294,100119,194,99928,194,100128,100,99886,100,100132,100,99880,100,100145,100,99862,100,100160,100,99859,100,100230,100,99834,100
2019-06-28 09:40:00.000000000,100081,260,99982,260,100083,255,99950,255,100085,355,99947,355,100092,100,99943,200,100119,100,99928,100,100128,100,99886,100,100132,100,99880,100,100145,100,99862,100,100160,100,99859,100,100230,100,99834,100
2019-06-28 09:40:10.000000000,100081,336,99982,336,100083,336,99950,336,100085,200,99947,200,100092,100,99943,200,100119,100,99928,100,100128,100,99886,100,100132,100,99880,100,100145,100,99862,100,100160,100,99859,100,100230,100,99834,100
2019-06-28 09:40:20.000000000,100081,218,99982,218,100083,218,99950,218,100085,318,99947,318,100092,218,99943,318,100119,100,99928,100,100128,100,99886,100,100132,100,99880,100,100145,100,99862,100,100160,100,99859,100,100230,100,99834,100
2019-06-28 09:40:30.000000000,100081,218,99982,218,100083,218,99950,218,100085,318,99947,318,100092,218,99943,318,100119,100,99928,100,100128,100,99886,100,100132,100,99880,100,100145,100,99862,100,100160,100,99859,100,100230,100,99834,100
2019-06-28 09:40:40.000000000,100081,571,99982,571,100083,100,99950,100,100085,200,99947,200,100092,100,99943,200,100119,100,99928,100,100128,100,99886,100,100132,100,99880,100,100145,100,99862,100,100160,100,99859,100,100230,100,99834,100
2019-06-28 09:40:50.000000000,100081,194,99982,194,100083,194,99950,194,100085,294,99947,294,100092,194,99943,294,100119,194,99928,194,100128,100,99886,100,100132,100,99880,100,100145,100,99862,100,100160,100,99859,100,100230,100,99834,100
2019-06-28 09:41:00.000000000,100081,571,99982,571,100083,100,99950,100,100085,200,99947,200,100092,100,99943,200,100119,100,99928,100,100128,100,99886,100,100132,100,99880,100,100145,100,99862,100,100160,100,99859,100,100230,100,99834,100
2019-06-28 09:41:05.065946939,100081,571,99982,571,100083,100,99950,100,100085,200,99947,200,100092,100,99943,200,100119,100,99928,100,100128,100,99886,100,100132,100,99880,100,100145,100,99862,100,100160,100,99859,100,100230,100,99834,100
2019-06-28 09:41:10.000000000,100081,571,99982,571,100083,100,99950,100,100085,200,99947,200,100092,100,99943,200,100119,100,99928,100,100128,100,99886,100,100132,100,99880,100,100145,100,99862,100,100160,100,99859,100,100230,100,99834,100
2019-06-28 09:41:20.000000000,100081,194,99982,194,100083,194,99950,194,100085,294,99947,294,100092,194,99943,294,100119,194,99928,194,100128,100,99886,100,100132,100,99880,100,100145,100,99862,100,100160,100,99859,100,100230,100,99834,100
2019-06-28 09:41:29.942766848,100081,194,100016,100,100083,194,99982,194,100085,294,99950,194,100092,194,99947,294,100119,194,99943,294,100128,100,99928,194,100132,100,99886,100,100145,100,99880,100,100160,100,99862,100,100230,100,99859,100
2019-06-28 09:41:30.000000000,100081,218,100016,218,100083,218,99982,218,100085,318,99950,218,100092,218,99947,318,100119,100,99943,200,100128,100,99928,100,100132,100,99886,100,100145,100,99880,100,100160,100,99862,100,100230,100,99859,100
2019-06-28 09:41:33.234743441,100081,218,100016,218,100083,218,99982,218,100085,318,99950,218,100092,218,99947,318,100119,100,99943,200,100128,100,99928,100,100132,100,99886,100,100145,100,99880,100,100160,100,99862,100,100230,100,99859,100
2019-06-28 09:41:40.000000000,100081,194,100016,194,100083,194,99982,194,100085,294,99950,194,100092,194,99947,294,100119,194,99943,294,100128,100,99928,100,100132,100,99886,100,100145,100,99880,100,100160,100,99862,100,100230,100,99859,100
2019-06-28 09:41:50.000000000,100081,218,100016,218,100083,218,99982,218,100085,318,99950,218,100092,218,99947,318,100119,100,99943,200,100128,100,99928,100,100132,100,99886,100,100145,100,99880,100,100160,100,99862,100,100230,100,99859,100
2019-06-28 09:41:55.068045621,100081,118,100016,218,100083,218,99982,218,100085,318,99950,218,100092,218,99947,318,100119,100,99943,200,100128,100,99928,100,100132,100,99886,100,100145,100,99880,100,100160,100,99862,100,100230,100,99859,100
2019-06-28 09:41:57.023850003,100081,18,100016,218,100083,218,99982,218,100085,318,99950,218,100092,218,99947,318,100119,100,99943,200,100128,100,99928,100,100132,100,99886,100,100145,100,99880,100,100160,100,99862,100,100230,100,99859,100
2019-06-28 09:42:00.000000000,100083,336,100016,336,100085,436,99982,336,100092,100,99950,100,100119,100,99947,200,100128,100,99943,200,100132,100,99928,100,100145,100,99886,100,100160,100,99880,100,100230,100,99862,100,100382,100,99859,100
2019-06-28 09:42:10.000000000,100083,260,100016,260,100085,355,99982,255,100092,255,99950,255,100119,100,99947,200,100128,100,99943,200,100132,100,99928,100,100145,100,99886,100,100160,100,99880,100,100230,100,99862,100,100382,100,99859,100
2019-06-28 09:42:14.204662353,100083,260,100016,260,100085,355,99982,255,100092,255,99950,255,100128,100,99947,200,100132,100,99943,200,100145,100,99928,100,100160,100,99886,100,100230,100,99880,100,100382,100,99862,100,100573,100,99859,100
2019-06-28 09:42:14.704312169,100083,160,100016,260,100085,355,99982,255,100092,255,99950,255,100128,100,99947,200,100132,100,99943,200,100145,100,99928,100,100160,100,99886,100,100230,100,99880,100,100382,100,99862,100,100573,100,99859,100
2019-06-28 09:42:16.037329084,100083,60,100016,260,100085,355,99982,255,100092,255,99950,255,100128,100,99947,200,100132,100,99943,200,100145,100,99928,100,100160,100,99886,100,100230,100,99880,100,100382,100,99862,100,100573,100,99859,100
2019-06-28 09:42:20.000000000,100085,671,100016,571,100092,100,99982,100,100128,100,99950,100,100132,100,99947,200,100145,100,99943,200,100160,100,99928,100,100230,100,99886,100,100382,100,99880,100,100573,100,99862,100,100741,100,99859,100
2019-06-28 09:42:30.000000000,100085,318,100016,218,100092,218,99982,218,100128,218,99950,218,100132,218,99947,318,100145,100,99943,200,100160,100,99928,100,100230,100,99886,100,100382,100,99880,100,100573,100,99862,100,100741,100,99859,100
2019-06-28 09:42:40.000000000,100085,360,100016,260,100092,255,99982,255,100128,255,99950,255,100132,100,99947,200,100145,100,99943,200,100160,100,99928,100,100230,100,99886,100,100382,100,99880,100,100573,100,99862,100,100741,100,99859,100
2019-06-28 09:42:48.782016957,100085,360,100016,260,100092,255,99982,255,100128,255,99950,255,100132,100,99947,200,100145,100,99943,200,100160,100,99928,100,100230,100,99886,100,100382,100,99862,100,100573,100,99859,100,100741,100,99832,100
2019-06-28 09:42:50.000000000,100085,318,100016,218,100092,218,99982,218,100128,218,99950,218,100132,218,99947,318,100145,100,99943,200,100160,100,99928,100,100230,100,99886,100,100382,100,99862,100,100573,100,99859,100,100741,100,99832,100
2019-06-28 09:43:00.000000000,100085,318,100016,218,100092,218,99982,218,100128,218,99950,218,100132,218,99947,318,100145,100,99943,200,100160,100,99928,100,100230,100,99886,100,100382,100,99862,100,100573,100,99859,100,100741,100,99832,100
2019-06-28 09:43:10.000000000,100085,436,100016,336,100092,336,99982,336,100128,100,99950,100,100132,100,99947,200,100145,100,99943,200,100160,100,99928,100,100230,100,99886,100,100382,100,99862,100,100573,100,99859,100,100741,100,99832,100
2019-06-28 09:43:20.000000000,100085,294,100016,194,100092,194,99982,194,100128,194,99950,194,100132,194,99947,294,100145,194,99943,294,100160,100,99928,100,100230,100,99886,100,100382,100,99862,100,100573,100,99859,100,100741,100,99832,100
2019-06-28 09:43:24.039812917,100085,294,100016,194,100092,194,99982,194,100128,194,99950,194,100132,194,99947,294,100145,194,99943,294,100160,100,99928,100,100230,100,99886,100,100382,100,99862,100,100573,100,99859,100,100741,100,99832,100
2019-06-28 09:43:29.761906690,100085,194,100016,194,100092,194,99982,194,100128,194,99950,194,100132,194,99947,294,100145,194,99943,294,100160,100,99886,100,100230,100,99862,100,100382,100,99859,100,100573,100,99832,100,100741,100,99800,100
2019-06-28 09:43:30.000000000,100085,194,100016,194,100092,194,99982,194,100128,194,99950,194,100132,194,99947,294,100145,194,99943,294,100160,100,99886,100,100230,100,99862,100,100382,100,99859,100,100573,100,99832,100,100741,100,99800,100
2019-06-28 09:43:40.000000000,100085,218,100016,218,100092,218,99982,218,100128,218,99950,218,100132,218,99947,318,100145,100,99943,200,100160,100,99886,100,100230,100,99862,100,100382,100,99859,100,100573,100,99832,100,100741,100,99800,100
2019-06-28 09:43:42.696566347,100085,118,100016,218,100092,218,99982,218,100128,218,99950,218,100132,218,99947,318,100145,100,99943,200,100160,100,99886,100,100230,100,99862,100,100382,100,99859,100,100741,100,99832,100,100783,100,99800,100
2019-06-28 09:43:50.000000000,100092,260,100016,260,100128,255,99982,255,100132,255,99950,255,100145,100,99947,200,100160,100,99943,200,100230,100,99886,100,100382,100,99862,100,100741,100,99859,100,100783,100,99832,100,100988,100,99800,100
2019-06-28 09:44:00.000000000,100092,218,100016,218,100128,218,99982,218,100132,218,99950,218,100145,218,99947,318,100160,100,99943,200,100230,100,99886,100,100382,100,99862,100,100741,100,99859,100,100783,100,99832,100,100988,100,99800,100
2019-06-28 09:44:10.000000000,100092,260,100016,260,100128,255,99982,255,100132,255,99950,255,100145,100,99947,200,100160,100,99943,200,100230,100,99886,100,100382,100,99862,100,100741,100,99859,100,100783,100,99832,100,100988,100,99800,100
2019-06-28 09:44:20.000000000,100092,336,100016,336,100128,336,99982,336,100132,100,99950,100,100145,100,99947,200,100160,100,99943,200,100230,100,99886,100,100382,100,99862,100,100741,100,99859,100,100783,100,99832,100,100988,100,99800,100
2019-06-28 09:44:27.356644876,100092,336,100016,336,100128,336,99982,336,100132,100,99950,100,100145,100,99947,200,100160,100,99943,200,100230,100,99886,100,100382,100,99862,100,100741,100,99859,100,100783,100,99832,100,100988,100,99800,100
2019-06-28 09:44:30.000000000,100092,218,100016,218,100128,218,99982,218,100132,218,99950,218,100145,218,99947,318,100160,100,99943,200,100230,100,99886,100,100382,100,99862,100,100741,100,99859,100,100783,100,99832,100,100988,100,99800,100
2019-06-28 09:44:30.216849696,100092,118,100016,218,100128,218,99982,218,100132,218,99950,218,100145,218,99947,318,100160,100,99943,200,100230,100,99886,100,100382,100,99862,100,100741,100,99859,100,100783,100,99832,100,100988,100,99800,100
2019-06-28 09:44:40.000000000,100128,336,100016,336,100132,336,99982,336,100145,100,99950,100,100160,100,99947,200,100230,100,99943,200,100382,100,99886,100,100741,100,99862,100,100783,100,99859,100,100988,100,99832,100,101993,100,99800,100
2019-06-28 09:44:40.677822477,100128,336,100016,336,100132,336,99982,336,100145,100,99950,100,100160,100,99947,200,100230,100,99943,200,100382,100,99886,100,100741,100,99859,100,100783,100,99832,100,100988,100,99800,100,101993,100,99423,100
2019-06-28 09:44:44.824960001,100128,336,100016,336,100132,336,99982,336,100145,100,99950,100,100160,100,99947,200,100230,100,99943,200,100382,100,99886,100,100741,100,99859,100,100783,100,99832,100,100988,100,99800,100,101993,100,99423,100
2019-06-28 09:44:50.000000000,100128,571,100016,571,100132,100,99982,100,100145,100,99950,100,100160,100,99947,200,100230,100,99943,200,100382,100,99886,100,100741,100,99859,100,100783,100,99832,100,100988,100,99800,100,101993,100,99423,100
2019-06-28 09:45:00.000000000,100128,336,100016,336,100132,336,99982,336,100145,100,99950,100,100160,100,99947,200,100230,100,99943,200,100382,100,99886,100,100741,100,99859,100,100783,100,99832,100,100988,100,99800,100,101993,100,99423,100
2019-06-28 09:45:10.000000000,100128,194,100016,194,100132,194,99982,194,100145,194,99950,194,100160,194,99947,294,100230,194,99943,294,100382,100,99886,100,100741,100,99859,100,100783,100,99832,100,100988,100,99800,100,101993,100,99423,100
2019-06-28 09:45:20.000000000,100128,571,100016,571,100132,100,99982,100,100145,100,99950,100,100160,100,99947,200,100230,100,99943,200,100382,100,99886,100,100741,100,99859,100,100783,100,99832,100,100988,100,99800,100,101993,100,99423,100
2019-06-28 09:45:30.000000000,100128,194,100016,194,100132,194,99982,194,100145,194,99950,194,100160,194,99947,294,100230,194,99943,294,100382,100,99886,100,100741,100,99859,100,100783,100,99832,100,100988,100,99800,100,101993,100,99423,100
2019-06-28 09:45:40.000000000,100128,194,100016,194,100132,194,99982,194,100145,194,99950,194,100160,194,99947,294,100230,194,99943,294,100382,100,99886,100,100741,100,99859,100,100783,100,99832,100,100988,100,99800,100,101993,100,99423,100
2019-06-28 09:45:50.000000000,100128,336,100016,336,100132,336,99982,336,100145,100,99950,100,100160,100,99947,200,100230,100,99943,200,100382,100,99886,100,100741,100,99859,100,100783,100,99832,100,100988,100,99800,100,101993,100,99423,100
2019-06-28 09:46:00.000000000,100128,260,100016,260,100132,255,99982,255,100145,255,99950,255,100160,100,99947,200,100230,100,99943,200,100382,100,99886,100,100741,100,99859,100,100783,100,99832,100,100988,100,99800,100,101993,100,99423,100
2019-06-28 09:46:10.000000000,100128,260,100016,260,100132,255,99982,255,100145,255,99950,255,100160,100,99947,200,100230,100,99943,200,100382,100,99886,100,100741,100,99859,100,100783,100,99832,100,100988,100,99800,100,101993,100,99423,100
2019-06-28 09:46:20.000000000,100128,260,100016,260,100132,255,99982,255,100145,255,99950,255,100160,100,99947,200,100230,100,99943,200,100382,100,99886,100,100741,100,99859,100,100783,100,99832,100,100988,100,99800,100,101993,100,99423,100
2019-06-28 09:46:24.096563294,100128,260,100016,260,100132,255,99982,255,100145,255,99950,255,100160,100,99947,200,100230,100,99943,200,100382,100,99886,100,100741,100,99859,100,100783,100,99832,100,100988,100,99800,100,101323,100,99423,100
2019-06-28 09:46:30.000000000,100128,260,100016,260,100132,255,99982,255,100145,255,99950,255,100160,100,99947,200,100230,100,99943,200,100382,100,99886,100,100741,100,99859,100,100783,100,99832,100,100988,100,99800,100,101323,100,99423,100
2019-06-28 09:46:33.261543536,100128,160,100016,260,100132,255,99982,255,100145,255,99950,255,100160,100,99947,200,100230,100,99943,200,100382,100,99886,100,100741,100,99859,100,100783,100,99832,100,100988,100,99800,100,101323,100,99423,100
2019-06-28 09:46:40.000000000,100132,260,100016,260,100145,255,99982,255,100160,255,99950,255,100230,100,99947,200,100382,100,99943,200,100741,100,99886,100,100783,100,99859,100,100988,100,99832,100,101323,100,99800,100,101993,100,99423,100
2019-06-28 09:46:43.956176311,100132,160,100016,260,100145,255,99982,255,100160,255,99950,255,100230,100,99947,200,100382,100,99943,200,100741,100,99886,100,100783,100,99859,100,100988,100,99832,100,101323,100,99800,100,101993,100,99423,100
2019-06-28 09:46:50.000000000,100145,571,100016,571,100160,100,99982,100,100230,100,99950,100,100382,100,99947,200,100741,100,99943,200,100783,100,99886,100,100988,100,99859,100,101323,100,99832,100,101993,100,99800,100,102074,100,99423,100
2019-06-28 09:46:55.616644105,100145,571,100016,571,100160,100,99982,100,100230,100,99950,100,100382,100,99947,200,100741,100,99943,200,100783,100,99886,100,100988,100,99859,100,101323,100,99832,100,101548,100,99800,100,101993,100,99423,100
2019-06-28 09:47:00.000000000,100145,336,100016,336,100160,336,99982,336,100230,100,99950,100,100382,100,99947,200,100741,100,99943,200,100783,100,99886,100,100988,100,99859,100,101323,100,99832,100,101548,100,99800,100,101993,100,99423,100
2019-06-28 09:47:10.000000000,100145,218,100016,218,100160,218,99982,218,100230,218,99950,218,100382,218,99947,318,100741,100,99943,200,100783,100,99886,100,100988,100,99859,100,101323,100,99832,100,101548,100,99800,100,101993,100,99423,100
2019-06-28 09:47:11.301248277,100145,118,100016,218,100160,218,99982,218,100230,218,99950,218,100382,218,99947,318,100741,100,99943,200,100783,100,99886,100,100988,100,99859,100,101323,100,99832,100,101548,100,99800,100,102074,100,99423,100
2019-06-28 09:47:11.912718992,100145,118,100016,218,100160,218,99982,218,100230,218,99950,118,100382,218,99947,318,100741,100,99943,200,100783,100,99886,100,100988,100,99859,100,101323,100,99832,100,101548,100,99800,100,101612,100,99423,100
2019-06-28 09:47:16.255742142,100145,18,100016,218,100160,218,99982,218,100230,218,99950,118,100382,218,99947,318,100741,100,99943,100,100783,100,99886,100,100988,100,99859,100,101323,100,99832,100,101548,100,99800,100,101612,100,99423,100
2019-06-28 09:47:20.000000000,100160,218,100016,218,100230,218,99982,218,100382,218,99947,318,100741,218,99943,218,100783,100,99886,100,100988,100,99859,100,101323,100,99832,100,101548,100,99800,100,101612,100,99423,100,102074,100,,
2019-06-28 09:47:30.000000000,100160,218,100016,218,100230,218,99982,218,100382,218,99947,318,100741,218,99943,218,100783,100,99886,100,100988,100,99859,100,101323,100,99832,100,101548,100,99800,100,101612,100,99423,100,102074,100,,
2019-06-28 09:47:36.964469616,100160,218,100145,100,100230,218,100016,218,100382,218,99982,218,100741,218,99947,318,100783,100,99943,218,100988,100,99886,100,101323,100,99859,100,101548,100,99832,100,101612,100,99800,100,102074,100,99423,100
2019-06-28 09:47:40.000000000,100160,336,100145,336,100230,336,100016,336,100382,100,99982,100,100741,100,99947,200,100783,100,99943,100,100988,100,99886,100,101323,100,99859,100,101548,100,99832,100,101612,100,99800,100,102074,100,99423,100
2019-06-28 09:47:50.000000000,100160,194,100145,194,100230,194,100016,194,100382,194,99982,194,100741,194,99947,294,100783,194,99943,194,100988,100,99886,100,101323,100,99859,100,101548,100,99832,100,101612,100,99800,100,102074,100,99423,100
2019-06-28 09:47:50.097055646,100160,94,100145,194,100230,194,100016,194,100382,194,99982,194,100741,194,99947,294,100783,194,99943,194,100988,100,99886,100,101323,100,99832,100,101548,100,99800,100,101612,100,99423,100,102074,100,,
2019-06-28 09:48:00.000000000,100230,194,100145,194,100382,194,100016,194,100741,194,99982,194,100783,194,99947,294,100988,194,99943,194,101323,100,99886,100,101548,100,99832,100,101612,100,99800,100,102074,100,99423,100,102343,100,,
2019-06-28 09:48:10.000000000,100230,260,100145,260,100382,255,100016,255,100741,255,99982,255,100783,100,99947,200,100988,100,99943,100,101323,100,99886,100,101548,100,99832,100,101612,100,99800,100,102074,100,99423,100,102343,100,,
2019-06-28 09:48:10.761632413,100230,160,100145,260,100382,255,100016,255,100741,255,99982,255,100783,100,99947,200,100988,100,99943,100,101323,100,99886,100,101548,100,99832,100,101612,100,99800,100,102074,100,99423,100,102343,100,,
2019-06-28 09:48:20.000000000,100382,218,100145,218,100741,218,100016,218,100783,218,99982,218,100988,218,99947,318,101323,100,99943,100,101548,100,99886,100,101612,100,99832,100,102074,100,99800,100,102343,100,99423,100,102402,100,,
2019-06-28 09:48:24.280850866,100382,118,100145,218,100741,218,100016,218,100783,218,99982,218,100988,218,99947,318,101323,100,99943,100,101548,100,99886,100,101612,100,99832,100,102074,100,99800,100,102343,100,99423,100,102402,100,,
2019-06-28 09:48:30.000000000,100741,260,100145,260,100783,255,100016,255,100988,255,99982,255,101323,100,99947,200,101548,100,99943,100,101612,100,99886,100,102074,100,99832,100,102343,100,99800,100,102402,100,99423,100,102513,100,,
2019-06-28 09:48:40.000000000,100741,571,100145,571,100783,100,100016,100,100988,100,99982,100,101323,100,99947,200,101548,100,99943,100,101612,100,99886,100,102074,100,99832,100,102343,100,99800,100,102402,100,99423,100,102513,100,,
2019-06-28 09:48:46.013261262,100741,571,100230,100,100783,100,100145,571,100988,100,100016,100,101323,100,99982,100,101548,100,99947,200,101612,100,99943,100,102074,100,99886,100,102343,100,99832,100,102402,100,99800,100,102513,100,99423,100
2019-06-28 09:48:50.000000000,100741,571,100230,571,100783,100,100145,100,100988,100,100016,100,101323,100,99982,100,101548,100,99947,200,101612,100,99943,100,102074,100,99886,100,102343,100,99832,100,102402,100,99800,100,102513,100,99423,100
2019-06-28 09:48:52.441421364,100741,571,100230,671,100783,100,100145,100,100988,100,100016,100,101323,100,99982,100,101548,100,99947,200,101612,100,99943,100,102074,100,99886,100,102343,100,99832,100,102402,100,99800,100,102513,100,99423,100
2019-06-28 09:49:00.000000000,100741,571,100230,671,100783,100,100145,100,100988,100,100016,100,101323,100,99982,100,101548,100,99947,200,101612,100,99943,100,102074,100,99886,100,102343,100,99832,100,102402,100,99800,100,102513,100,99423,100
2019-06-28 09:49:10.000000000,100741,571,100230,671,100783,100,100145,100,100988,100,100016,100,101323,100,99982,100,101548,100,99947,200,101612,100,99943,100,102074,100,99886,100,102343,100,99832,100,102402,100,99800,100,102513,100,99423,100
2019-06-28 09:49:12.712508968,100741,571,100230,771,100783,100,100145,100,100988,100,100016,100,101323,100,99982,100,101548,100,99947,200,101612,100,99943,100,102074,100,99886,100,102343,100,99832,100,102402,100,99800,100,102513,100,99423,100
2019-06-28 09:49:20.000000000,100741,194,100230,394,100783,194,100145,194,100988,194,100016,194,101323,194,99982,194,101548,194,99947,294,101612,100,99943,100,102074,100,99886,100,102343,100,99832,100,102402,100,99800,100,102513,100,99423,100
2019-06-28 09:49:27.855345191,100741,194,100230,394,100783,194,100145,194,100975,100,100016,194,100988,194,99982,194,101323,194,99947,294,101548,194,99943,100,101612,100,99886,100,102074,100,99832,100,102343,100,99800,100,102402,100,99423,100
2019-06-28 09:49:30.000000000,100741,194,100230,394,100783,194,100145,194,100975,194,100016,194,100988,194,99982,194,101323,194,99947,294,101548,100,99943,100,101612,100,99886,100,102074,100,99832,100,102343,100,99800,100,102402,100,99423,100
2019-06-28 09:49:33.370859909,100741,94,100230,394,100783,194,100145,194,100975,194,100016,194,100988,194,99982,194,101323,194,99947,294,101548,100,99943,100,101612,100,99886,100,102074,100,99832,100,102343,100,99800,100,102402,100,99423,100
2019-06-28 09:49:40.000000000,100783,218,100230,418,100975,218,100145,218,100988,218,100016,218,101323,218,99982,218,101548,100,99947,200,101612,100,99943,100,102074,100,99886,100,102343,100,99832,100,102402,100,99800,100,102513,100,99423,100
2019-06-28 09:49:50.000000000,100783,218,100230,418,100975,218,100145,218,100988,218,100016,218,101323,218,99982,218,101548,100,99947,200,101612,100,99943,100,102074,100,99886,100,102343,100,99832,100,102402,100,99800,100,102513,100,99423,100
2019-06-28 09:50:00.000000000,100783,571,100230,771,100975,100,100145,100,100988,100,100016,100,101323,100,99982,100,101548,100,99947,200,101612,100,99943,100,102074,100,99886,100,102343,100,99832,100,102402,100,99800,100,102513,100,99423,100
2019-06-28 09:50:03.191325230,100783,471,100230,771,100975,100,100145,100,100988,100,100016,100,101323,100,99982,100,101548,100,99947,200,101612,100,99943,100,102074,100,99886,100,102343,100,99832,100,102402,100,99800,100,102513,100,99423,100
2019-06-28 09:50:10.000000000,100975,218,100230,418,100988,218,100145,218,101323,218,100016,218,101548,218,99982,218,101612,100,99947,200,102074,100,99943,100,102343,100,99886,100,102402,100,99832,100,102513,100,99800,100,,,99423,100
2019-06-28 09:50:11.909094500,100975,218,100230,418,100988,218,100145,218,101127,100,100016,218,101323,218,99982,218,101548,218,99947,200,101612,100,99943,100,102074,100,99886,100,102402,100,99832,100,102513,100,99800,100,,,99423,100
2019-06-28 09:50:20.000000000,100975,218,100230,418,100988,218,100145,218,101127,218,100016,218,101323,218,99982,218,101548,100,99947,200,101612,100,99943,100,102074,100,99886,100,102402,100,99832,100,102513,100,99800,100,,,99423,100
2019-06-28 09:50:24.939993923,100975,218,100230,418,100988,218,100145,218,101086,100,100016,218,101127,218,99982,218,101323,218,99947,200,101548,100,99943,100,101612,100,99832,100,102074,100,99800,100,102402,100,99423,100,102513,100,,
2019-06-28 09:50:28.650122409,100975,218,100230,418,100988,218,100145,218,101086,100,100016,218,101127,218,99982,218,101155,100,99947,200,101323,218,99943,100,101548,100,99832,100,101612,100,99800,100,102074,100,99423,100,102402,100,,
2019-06-28 09:50:30.000000000,100975,571,100230,771,100988,100,100145,100,101086,100,100016,100,101127,100,99982,100,101155,100,99947,200,101323,100,99943,100,101548,100,99832,100,101612,100,99800,100,102074,100,99423,100,102402,100,,
2019-06-28 09:50:40.000000000,100975,194,100230,394,100988,194,100145,194,101086,194,100016,194,101127,194,99982,194,101155,194,99947,294,101323,100,99943,100,101548,100,99832,100,101612,100,99800,100,102074,100,99423,100,102402,100,,
2019-06-28 09:50:50.000000000,100975,260,100230,460,100988,255,100145,255,101086,255,100016,255,101127,100,99982,100,101155,100,99947,200,101323,100,99943,100,101548,100,99832,100,101612,100,99800,100,102074,100,99423,100,102402,100,,
2019-06-28 09:50:54.075376447,100975,260,100939,100,100988,255,100230,460,101086,255,100145,255,101127,100,100016,255,101155,100,99982,100,101323,100,99947,200,101548,100,99832,100,101612,100,99800,100,102074,100,99423,100,102402,100,,
2019-06-28 09:51:00.000000000,100975,571,100939,571,100988,100,100230,300,101086,100,100145,100,101127,100,100016,100,101155,100,99982,100,101323,100,99947,200,101548,100,99832,100,101612,100,99800,100,102074,100,99423,100,102402,100,,
2019-06-28 09:51:10.000000000,100975,194,100939,194,100988,194,100230,394,101086,194,100145,194,101127,194,100016,194,101155,194,99982,194,101323,100,99947,200,101548,100,99832,100,101612,100,99800,100,102074,100,99423,100,102402,100,,
2019-06-28 09:51:20.000000000,100975,571,100939,571,100988,100,100230,300,101086,100,100145,100,101127,100,100016,100,101155,100,99982,100,101323,100,99947,200,101548,100,99832,100,101612,100,99800,100,102074,100,99423,100,102402,100,,
2019-06-28 09:51:30.000000000,100975,336,100939,336,100988,336,100230,536,101086,100,100145,100,101127,100,100016,100,101155,100,99982,100,101323,100,99947,200,101548,100,99832,100,101612,100,99800,100,102074,100,99423,100,102402,100,,
2019-06-28 09:51:31.023224182,100975,336,100939,336,100988,336,100230,536,101032,100,100145,100,101086,100,100016,100,101127,100,99982,100,101155,100,99947,200,101323,100,99832,100,101548,100,99800,100,101612,100,99423,100,102074,100,,
2019-06-28 09:51:37.367358027,100975,336,100953,100,100988,336,100939,336,101032,100,100230,536,101086,100,100145,100,101127,100,100016,100,101155,100,99982,100,101323,100,99947,200,101548,100,99832,100,101612,100,99800,100,102074,100,99423,100
2019-06-28 09:51:40.000000000,100975,194,100953,194,100988,194,100939,194,101032,194,100230,394,101086,194,100145,194,101127,194,100016,194,101155,100,99982,100,101323,100,99947,200,101548,100,99832,100,101612,100,99800,100,102074,100,99423,100
2019-06-28 09:51:43.944505463,100975,194,100953,194,100988,194,100939,194,101032,194,100230,394,101086,194,100145,194,101118,100,100016,194,101127,194,99982,100,101155,100,99947,200,101323,100,99832,100,101548,100,99800,100,101612,100,99423,100
2019-06-28 09:51:50.000000000,100975,336,100953,336,100988,336,100939,336,101032,100,100230,300,101086,100,100145,100,101118,100,100016,100,101127,100,99982,100,101155,100,99947,200,101323,100,99832,100,101548,100,99800,100,101612,100,99423,100
2019-06-28 09:51:59.183600829,100975,336,100957,100,100988,336,100953,336,101032,100,100939,336,101086,100,100230,300,101118,100,100145,100,101127,100,100016,100,101155,100,99982,100,101323,100,99947,200,101548,100,99832,100,101612,100,99800,100
2019-06-28 09:52:00.000000000,100975,218,100957,218,100988,218,100953,218,101032,218,100939,218,101086,218,100230,418,101118,100,100145,100,101127,100,100016,100,101155,100,99982,100,101323,100,99947,200,101548,100,99832,100,101612,100,99800,100
2019-06-28 09:52:10.000000000,100975,336,100957,336,100988,336,100953,336,101032,100,100939,100,101086,100,100230,300,101118,100,100145,100,101127,100,100016,100,101155,100,99982,100,101323,100,99947,200,101548,100,99832,100,101612,100,99800,100
2019-06-28 09:52:18.346799659,100975,336,100957,336,100988,336,100953,336,101032,100,100939,100,101086,100,100788,100,101118,100,100230,300,101127,100,100145,100,101155,100,100016,100,101323,100,99982,100,101548,100,99947,200,101612,100,99832,100
2019-06-28 09:52:20.000000000,100975,194,100957,194,100988,194,100953,194,101032,194,100939,194,101086,194,100788,194,101118,194,100230,394,101127,100,100145,100,101155,100,100016,100,101323,100,99982,100,101548,100,99947,200,101612,100,99832,100
2019-06-28 09:52:20.081867098,100975,94,100957,194,100988,194,100953,194,101032,194,100939,194,101086,194,100788,194,101118,194,100230,394,101127,100,100145,100,101155,100,100016,100,101323,100,99982,100,101548,100,99947,200,101612,100,99832,100
2019-06-28 09:52:24.146006184,100988,194,100975,6,101032,194,100957,194,101086,194,100953,194,101118,194,100939,194,101127,100,100788,194,101155,100,100230,394,101323,100,100145,100,101548,100,100016,100,101612,100,99982,100,102074,100,99947,200
2019-06-28 09:52:30.000000000,100988,194,100975,100,101032,194,100957,194,101086,194,100953,194,101118,194,100939,194,101127,194,100788,194,101155,100,100230,300,101323,100,100145,100,101548,100,100016,100,101612,100,99982,100,102074,100,99947,200
2019-06-28 09:52:36.490146371,100988,194,100957,194,101032,194,100953,194,101086,194,100939,194,101118,194,100788,194,101127,194,100230,300,101155,100,100016,100,101323,100,99982,100,101548,100,99947,200,101612,100,99832,100,102074,100,99800,100
2019-06-28 09:52:40.000000000,100988,194,100957,194,101032,194,100953,194,101086,194,100939,194,101118,194,100788,194,101127,194,100230,394,101155,100,100016,100,101323,100,99982,100,101548,100,99947,200,101612,100,99832,100,102074,100,99800,100
2019-06-28 09:52:50.000000000,100988,336,100957,336,101032,336,100953,336,101086,100,100939,100,101118,100,100788,100,101127,100,100230,300,101155,100,100016,100,101323,100,99982,100,101548,100,99947,200,101612,100,99832,100,102074,100,99800,100
2019-06-28 09:52:56.993971278,100975,100,100957,336,100988,336,100953,336,101032,336,100939,100,101086,100,100788,100,101118,100,100230,300,101127,100,100016,100,101155,100,99982,100,101323,100,99947,200,101548,100,99832,100,101612,100,99800,100
2019-06-28 09:53:00.000000000,100975,218,100957,218,100988,218,100953,218,101032,218,100939,218,101086,218,100788,218,101118,100,100230,300,101127,100,100016,100,101155,100,99982,100,101323,100,99947,200,101548,100,99832,100,101612,100,99800,100
2019-06-28 09:53:02.362851707,100975,218,100957,218,100988,218,100953,218,100996,100,100939,218,101032,218,100788,218,101086,218,100230,300,101118,100,100016,100,101127,100,99982,100,101155,100,99947,200,101323,100,99832,100,101548,100,99800,100
2019-06-28 09:53:10.000000000,100975,260,100957,260,100988,255,100953,255,100996,255,100939,255,101032,100,100788,100,101086,100,100230,300,101118,100,100016,100,101127,100,99982,100,101155,100,99947,200,101323,100,99832,100,101548,100,99800,100
2019-06-28 09:53:16.417524886,100975,260,100957,260,100988,255,100953,255,100996,255,100939,255,101032,100,100907,100,101086,100,100788,100,101118,100,100230,300,101127,100,100016,100,101155,100,99982,100,101323,100,99947,200,101548,100,99832,100
2019-06-28 09:53:20.000000000,100975,218,100957,218,100988,218,100953,218,100996,218,100939,218,101032,218,100907,218,101086,100,100788,100,101118,100,100230,300,101127,100,100016,100,101155,100,99982,100,101323,100,99947,200,101548,100,99832,100
2019-06-28 09:53:30.000000000,100975,571,100957,571,100988,100,100953,100,100996,100,100939,100,101032,100,100907,100,101086,100,100788,100,101118,100,100230,300,101127,100,100016,100,101155,100,99982,100,101323,100,99947,200,101548,100,99832,100
2019-06-28 09:53:40.000000000,100975,218,100957,218,100988,218,100953,218,100996,218,100939,218,101032,218,100907,218,101086,100,100788,100,101118,100,100230,300,101127,100,100016,100,101155,100,99982,100,101323,100,99947,200,101548,100,99832,100
2019-06-28 09:53:49.416372099,100975,218,100957,18,100988,218,100953,218,100996,218,100939,218,101032,218,100907,218,101086,100,100788,100,101118,100,100230,300,101127,100,100016,100,101155,100,99982,100,101323,100,99947,200,101548,100,99832,100
2019-06-28 09:53:50.000000000,100975,194,100953,194,100988,194,100939,194,100996,194,100907,194,101032,194,100788,194,101086,194,100230,394,101118,100,100016,100,101127,100,99982,100,101155,100,99947,200,101323,100,99832,100,101548,100,99800,100
2019-06-28 09:53:50.537977256,100975,194,100953,194,100988,194,100939,194,100996,194,100907,194,101032,194,100788,194,101086,194,100639,100,101118,100,100230,394,101127,100,100016,100,101155,100,99982,100,101323,100,99947,200,101548,100,99832,100
2019-06-28 09:54:00.000000000,100975,571,100953,571,100988,100,100939,100,100996,100,100907,100,101032,100,100788,100,101086,100,100639,100,101118,100,100230,300,101127,100,100016,100,101155,100,99982,100,101323,100,99947,200,101548,100,99832,100
2019-06-28 09:54:03.737218416,100975,571,100953,571,100988,100,100939,100,100996,100,100907,100,101032,100,100639,100,101086,100,100230,300,101118,100,100016,100,101127,100,99982,100,101155,100,99947,200,101323,100,99898,100,101548,100,99832,100
2019-06-28 09:54:10.000000000,100975,194,100953,194,100988,194,100939,194,100996,194,100907,194,101032,194,100639,194,101086,194,100230,394,101118,100,100016,100,101127,100,99982,100,101155,100,99947,200,101323,100,99898,100,101548,100,99832,100
2019-06-28 09:54:20.000000000,100975,571,100953,571,100988,100,100939,100,100996,100,100907,100,101032,100,100639,100,101086,100,100230,300,101118,100,100016,100,101127,100,99982,100,101155,100,99947,200,101323,100,99898,100,101548,100,99832,100
2019-06-28 09:54:21.636150522,100974,100,100953,571,100975,571,100939,100,100988,100,100907,100,100996,100,100639,100,101032,100,100230,300,101086,100,100016,100,101118,100,99982,100,101127,100,99947,200,101155,100,99898,100,101323,100,99832,100
2019-06-28 09:54:22.973055803,100974,100,100953,471,100975,571,100939,100,100988,100,100907,100,100996,100,100639,100,101032,100,100230,300,101086,100,100016,100,101118,100,99982,100,101127,100,99947,200,101155,100,99898,100,101323,100,99832,100
2019-06-28 09:54:30.000000000,100974,194,100939,194,100975,194,100907,194,100988,194,100639,194,100996,194,100230,394,101032,194,100016,194,101086,100,99982,100,101118,100,99947,200,101127,100,99898,100,101155,100,99832,100,101323,100,99800,100
2019-06-28 09:54:40.000000000,100974,218,100939,218,100975,218,100907,218,100988,218,100639,218,100996,218,100230,418,101032,100,100016,100,101086,100,99982,100,101118,100,99947,200,101127,100,99898,100,101155,100,99832,100,101323,100,99800,100
2019-06-28 09:54:50.000000000,100974,260,100939,260,100975,255,100907,255,100988,255,100639,255,100996,100,100230,300,101032,100,100016,100,101086,100,99982,100,101118,100,99947,200,101127,100,99898,100,101155,100,99832,100,101323,100,99800,100
2019-06-28 09:55:00.000000000,100974,571,100939,571,100975,100,100907,100,100988,100,100639,100,100996,100,100230,300,101032,100,100016,100,101086,100,99982,100,101118,100,99947,200,101127,100,99898,100,101155,100,99832,100,101323,100,99800,100
2019-06-28 09:55:10.000000000,100974,218,100939,218,100975,218,100907,218,100988,218,100639,218,100996,218,100230,418,101032,100,100016,100,101086,100,99982,100,101118,100,99947,200,101127,100,99898,100,101155,100,99832,100,101323,100,99800,100
2019-06-28 09:55:13.922352791,100974,218,100939,118,100975,218,100907,218,100988,218,100639,218,100996,218,100230,418,101032,100,100016,100,101086,100,99982,100,101118,100,99947,200,101127,100,99898,100,101155,100,99832,100,101323,100,99800,100
2019-06-28 09:55:15.273276490,100953,100,100939,118,100974,218,100907,218,100975,218,100639,218,100988,218,100230,318,100996,218,100016,100,101032,100,99982,100,101086,100,99947,200,101118,100,99898,100,101127,100,99832,100,101155,100,99800,100
2019-06-28 09:55:20.000000000,100953,194,100907,194,100974,194,100639,194,100975,194,100230,294,100988,194,100016,194,100996,194,99982,194,101032,100,99947,200,101086,100,99898,100,101118,100,99832,100,101127,100,99800,100,101155,100,99423,100
2019-06-28 09:55:28.165861208,100953,194,100907,94,100974,194,100639,194,100975,194,100230,294,100988,194,100016,194,100996,194,99982,194,101032,100,99947,200,101086,100,99898,100,101118,100,99832,100,101155,100,99800,100,101323,100,99423,100
2019-06-28 09:55:29.956641659,100907,6,100639,194,100953,194,100230,294,100974,194,100016,194,100975,194,99982,194,100988,94,99947,200,100996,194,99898,100,101032,100,99832,100,101086,100,99800,100,101118,100,99423,100,101155,100,,
2019-06-28 09:55:30.000000000,100907,242,100639,336,100953,336,100230,436,100974,100,100016,100,100975,100,99982,100,100996,100,99947,200,101032,100,99898,100,101086,100,99832,100,101118,100,99800,100,101155,100,99423,100,101323,100,,
2019-06-28 09:55:40.000000000,100907,477,100639,571,100953,100,100230,200,100974,100,100016,100,100975,100,99982,100,100996,100,99947,200,101032,100,99898,100,101086,100,99832,100,101118,100,99800,100,101155,100,99423,100,101323,100,,
2019-06-28 09:55:50.000000000,100907,124,100639,218,100953,218,100230,318,100974,218,100016,218,100975,218,99982,218,100996,100,99947,200,101032,100,99898,100,101086,100,99832,100,101118,100,99800,100,101155,100,99423,100,101323,100,,
2019-06-28 09:56:00.000000000,100907,100,100639,194,100953,194,100230,294,100974,194,100016,194,100975,194,99982,194,100996,194,99947,294,101032,100,99898,100,101086,100,99832,100,101118,100,99800,100,101155,100,99423,100,101323,100,,
2019-06-28 09:56:10.000000000,100907,100,100639,194,100953,194,100230,294,100974,194,100016,194,100975,194,99982,194,100996,194,99947,294,101032,100,99898,100,101086,100,99832,100,101118,100,99800,100,101155,100,99423,100,101323,100,,
2019-06-28 09:56:17.201546059,100907,100,100716,100,100953,194,100639,194,100974,194,100230,294,100975,194,100016,194,100996,194,99982,194,101032,100,99947,294,101086,100,99898,100,101118,100,99832,100,101155,100,99800,100,101323,100,99423,100
2019-06-28 09:56:20.000000000,100907,477,100716,571,100953,100,100639,100,100974,100,100230,200,100975,100,100016,100,100996,100,99982,100,101032,100,99947,200,101086,100,99898,100,101118,100,99832,100,101155,100,99800,100,101323,100,99423,100
2019-06-28 09:56:24.395918226,100907,477,100745,100,100953,100,100716,571,100974,100,100639,100,100975,100,100230,200,100996,100,100016,100,101086,100,99982,100,101118,100,99947,200,101155,100,99898,100,101323,100,99832,100,101548,100,99800,100
2019-06-28 09:56:29.251463496,100907,577,100745,100,100953,100,100716,571,100974,100,100639,100,100975,100,100230,200,100996,100,100016,100,101086,100,99947,200,101118,100,99898,100,101155,100,99832,100,101323,100,99800,100,101548,100,99423,100
2019-06-28 09:56:30.000000000,100907,342,100745,336,100953,336,100716,336,100974,100,100639,100,100975,100,100230,200,100996,100,100016,100,101086,100,99947,200,101118,100,99898,100,101155,100,99832,100,101323,100,99800,100,101548,100,99423,100
2019-06-28 09:56:35.340896930,100907,442,100745,336,100953,336,100716,336,100975,100,100639,100,100996,100,100230,200,101086,100,100016,100,101118,100,99947,200,101155,100,99898,100,101323,100,99832,100,101548,100,99800,100,101612,100,99423,100
2019-06-28 09:56:40.000000000,100907,677,100745,571,100953,100,100716,100,100975,100,100639,100,100996,100,100230,200,101086,100,100016,100,101118,100,99947,200,101155,100,99898,100,101323,100,99832,100,101548,100,99800,100,101612,100,99423,100
2019-06-28 09:56:50.000000000,100907,677,100745,571,100953,100,100716,100,100975,100,100639,100,100996,100,100230,200,101086,100,100016,100,101118,100,99947,200,101155,100,99898,100,101323,100,99832,100,101548,100,99800,100,101612,100,99423,100
2019-06-28 09:57:00.000000000,100907,324,100745,218,100953,218,100716,218,100975,218,100639,218,100996,218,100230,318,101086,100,100016,100,101118,100,99947,200,101155,100,99898,100,101323,100,99832,100,101548,100,99800,100,101612,100,99423,100
2019-06-28 09:57:10.000000000,100907,324,100745,218,100953,218,100716,218,100975,218,100639,218,100996,218,100230,318,101086,100,100016,100,101118,100,99947,200,101155,100,99898,100,101323,100,99832,100,101548,100,99800,100,101612,100,99423,100
2019-06-28 09:57:10.580643212,100907,324,100745,218,100953,218,100716,218,100975,218,100639,218,100996,218,100230,318,101086,100,100016,100,101118,100,99947,200,101155,100,99898,100,101323,100,99852,100,101548,100,99832,100,101612,100,99800,100
2019-06-28 09:57:20.000000000,100907,300,100745,194,100953,194,100716,194,100975,194,100639,194,100996,194,100230,294,101086,194,100016,194,101118,100,99947,200,101155,100,99898,100,101323,100,99852,100,101548,100,99832,100,101612,100,99800,100
2019-06-28 09:57:24.708777368,100907,300,100745,194,100953,194,100716,194,100975,194,100639,194,100996,194,100230,194,101086,194,100016,194,101118,100,99947,200,101155,100,99898,100,101323,100,99852,100,101548,100,99832,100,101612,100,99800,100
2019-06-28 09:57:25.038446077,100907,300,100745,194,100953,194,100716,194,100975,194,100639,194,100996,194,100230,194,101086,194,100016,194,101118,100,99947,200,101155,100,99908,100,101323,100,99898,100,101548,100,99852,100,101612,100,99832,100
2019-06-28 09:57:30.000000000,100907,442,100745,336,100953,336,100716,336,100975,100,100639,100,100996,100,100230,100,101086,100,100016,100,101118,100,99947,200,101155,100,99908,100,101323,100,99898,100,101548,100,99852,100,101612,100,99832,100
2019-06-28 09:57:40.000000000,100907,300,100745,194,100953,194,100716,194,100975,194,100639,194,100996,194,100230,194,101086,194,100016,194,101118,100,99947,200,101155,100,99908,100,101323,100,99898,100,101548,100,99852,100,101612,100,99832,100
2019-06-28 09:57:41.491825771,100907,400,100745,194,100953,194,100716,194,100975,194,100639,194,100996,194,100230,194,101086,194,100016,194,101118,100,99947,200,101155,100,99908,100,101323,100,99898,100,101548,100,99852,100,101612,100,99832,100
2019-06-28 09:57:50.000000000,100907,400,100745,194,100953,194,100716,194,100975,194,100639,194,100996,194,100230,194,101086,194,100016,194,101118,100,99947,200,101155,100,99908,100,101323,100,99898,100,101548,100,99852,100,101612,100,99832,100
2019-06-28 09:58:00.000000000,100907,777,100745,571,100953,100,100716,100,100975,100,100639,100,100996,100,100230,100,101086,100,100016,100,101118,100,99947,200,101155,100,99908,100,101323,100,99898,100,101548,100,99852,100,101612,100,99832,100
2019-06-28 09:58:10.000000000,100907,542,100745,336,100953,336,100716,336,100975,100,100639,100,100996,100,100230,100,101086,100,100016,100,101118,100,99947,200,101155,100,99908,100,101323,100,99898,100,101548,100,99852,100,101612,100,99832,100
2019-06-28 09:58:13.828699510,100907,642,100745,336,100953,336,100716,336,100975,100,100639,100,100996,100,100230,100,101086,100,100016,100,101118,100,99947,100,101155,100,99908,100,101323,100,99898,100,101548,100,99852,100,101612,100,99832,100
2019-06-28 09:58:20.000000000,100907,642,100745,336,100953,336,100716,336,100975,100,100639,100,100996,100,100230,100,101086,100,100016,100,101118,100,99947,100,101155,100,99908,100,101323,100,99898,100,101548,100,99852,100,101612,100,99832,100
2019-06-28 09:58:30.000000000,100907,566,100745,260,100953,255,100716,255,100975,255,100639,255,100996,100,100230,100,101086,100,100016,100,101118,100,99947,100,101155,100,99908,100,101323,100,99898,100,101548,100,99852,100,101612,100,99832,100
2019-06-28 09:58:40.000000000,100907,500,100745,194,100953,194,100716,194,100975,194,100639,194,100996,194,100230,194,101086,194,100016,194,101118,100,99947,100,101155,100,99908,100,101323,100,99898,100,101548,100,99852,100,101612,100,99832,100
2019-06-28 09:58:44.215237228,100907,500,100745,94,100953,194,100716,194,100975,194,100639,194,100996,194,100230,194,101086,194,100016,194,101118,100,99947,100,101155,100,99908,100,101323,100,99898,100,101548,100,99852,100,101612,100,99832,100
2019-06-28 09:58:50.000000000,100907,877,100716,571,100953,100,100639,100,100975,100,100230,100,100996,100,100016,100,101086,100,99947,100,101118,100,99908,100,101155,100,99898,100,101323,100,99852,100,101548,100,99832,100,101612,100,99800,100
2019-06-28 09:59:00.000000000,100907,877,100716,571,100953,100,100639,100,100975,100,100230,100,100996,100,100016,100,101086,100,99947,100,101118,100,99908,100,101155,100,99898,100,101323,100,99852,100,101548,100,99832,100,101612,100,99800,100
2019-06-28 09:59:10.000000000,100907,642,100716,336,100953,336,100639,336,100975,100,100230,100,100996,100,100016,100,101086,100,99947,100,101118,100,99908,100,101155,100,99898,100,101323,100,99852,100,101548,100,99832,100,101612,100,99800,100
2019-06-28 09:59:20.000000000,100907,566,100716,260,100953,255,100639,255,100975,255,100230,255,100996,100,100016,100,101086,100,99947,100,101118,100,99908,100,101155,100,99898,100,101323,100,99852,100,101548,100,99832,100,101612,100,99800,100
2019-06-28 09:59:30.000000000,100907,877,100716,571,100953,100,100639,100,100975,100,100230,100,100996,100,100016,100,101086,100,99947,100,101118,100,99908,100,101155,100,99898,100,101323,100,99852,100,101548,100,99832,100,101612,100,99800,100
2019-06-28 09:59:30.722556424,100907,877,100716,471,100953,100,100639,100,100975,100,100230,100,100996,100,100016,100,101086,100,99947,100,101118,100,99908,100,101155,100,99898,100,101323,100,99852,100,101548,100,99832,100,101612,100,99800,100
2019-06-28 09:59:37.798861653,100907,877,100716,371,100953,100,100639,100,100975,100,100230,100,100996,100,100016,100,101086,100,99947,100,101118,100,99908,100,101155,100,99898,100,101323,100,99852,100,101548,100,99832,100,101612,100,99800,100
2019-06-28 09:59:40.000000000,100907,642,100639,336,100953,336,100230,336,100975,100,100016,100,100996,100,99947,100,101086,100,99908,100,101118,100,99898,100,101155,100,99852,100,101323,100,99832,100,101548,100,99800,100,101612,100,99423,100
2019-06-28 09:59:50.000000000,100907,524,100639,218,100953,218,100230,218,100975,218,100016,218,100996,218,99947,218,101086,100,99908,100,101118,100,99898,100,101155,100,99852,100,101323,100,99832,100,101548,100,99800,100,101612,100,99423,100
2019-06-28 09:59:58.913312090,100907,524,100639,218,100953,218,100230,218,100975,218,100016,218,100996,218,99947,218,101086,100,99908,100,101118,100,99898,100,101155,100,99852,100,101323,100,99832,100,101548,100,99800,100,101612,100,99624,100
2019-06-28 10:00:00.000000000,100907,566,100639,260,100953,255,100230,255,100975,255,100016,255,100996,100,99947,100,101086,100,99908,100,101118,100,99898,100,101155,100,99852,100,101323,100,99832,100,101548,100,99800,100,101612,100,99624,100
2019-06-28 10:00:10.000000000,100907,877,100639,571,100953,100,100230,100,100975,100,100016,100,100996,100,99947,100,101086,100,99908,100,101118,100,99898,100,101155,100,99852,100,101323,100,99832,100,101548,100,99800,100,101612,100,99624,100
2019-06-28 10:00:10.068393713,100907,877,100639,471,100953,100,100230,100,100975,100,100016,100,100996,100,99947,100,101086,100,99908,100,101118,100,99898,100,101155,100,99852,100,101323,100,99832,100,101548,100,99800,100,101612,100,99624,100
2019-06-28 10:00:13.723307519,100907,877,100639,371,100953,100,100230,100,100975,100,100016,100,100996,100,99947,100,101086,100,99908,100,101118,100,99898,100,101155,100,99852,100,101323,100,99832,100,101548,100,99800,100,101612,100,99624,100
2019-06-28 10:00:20.000000000,100907,524,100230,218,100953,218,100016,218,100975,218,99947,218,100996,218,99908,218,101086,100,99898,100,101118,100,99852,100,101155,100,99832,100,101323,100,99800,100,101548,100,99624,100,101612,100,99423,100
2019-06-28 10:00:30.000000000,100907,500,100230,194,100953,194,100016,194,100975,194,99947,194,100996,194,99908,194,101086,194,99898,194,101118,100,99852,100,101155,100,99832,100,101323,100,99800,100,101548,100,99624,100,101612,100,99423,100
2019-06-28 10:00:40.000000000,100907,524,100230,218,100953,218,100016,218,100975,218,99947,218,100996,218,99908,218,101086,100,99898,100,101118,100,99852,100,101155,100,99832,100,101323,100,99800,100,101548,100,99624,100,101612,100,99423,100
2019-06-28 10:00:50.000000000,100907,524,100230,218,100953,218,100016,218,100975,218,99947,218,100996,218,99908,218,101086,100,99898,100,101118,100,99852,100,101155,100,99832,100,101323,100,99800,100,101548,100,99624,100,101612,100,99423,100
2019-06-28 10:01:00.000000000,100907,500,100230,194,100953,194,100016,194,100975,194,99947,194,100996,194,99908,194,101086,194,99898,194,101118,100,99852,100,101155,100,99832,100,101323,100,99800,100,101548,100,99624,100,101612,100,99423,100
2019-06-28 10:01:03.233854564,100907,500,100230,94,100953,194,100016,194,100975,194,99947,194,100996,194,99908,194,101086,194,99898,194,101118,100,99852,100,101155,100,99832,100,101323,100,99800,100,101548,100,99624,100,101612,100,99423,100
2019-06-28 10:01:06.306381692,100230,6,100016,194,100907,500,99947,194,100953,194,99908,194,100975,194,99898,194,100996,194,99852,100,101086,94,99832,100,101118,100,99800,100,101155,100,99624,100,101323,100,99423,100,101548,100,,
2019-06-28 10:01:07.954864432,100230,6,100016,94,100907,500,99947,194,100953,194,99908,194,100975,194,99898,194,100996,194,99852,100,101086,94,99832,100,101118,100,99800,100,101155,100,99624,100,101323,100,99423,100,101548,100,,
2019-06-28 10:01:10.000000000,100230,100,99947,194,100907,500,99908,194,100953,194,99898,194,100975,194,99852,194,100996,194,99832,194,101118,100,99800,100,101155,100,99624,100,101323,100,99423,100,101548,100,,,101612,100,,
2019-06-28 10:01:20.000000000,100230,477,99947,571,100907,406,99908,100,100953,100,99898,100,100975,100,99852,100,100996,100,99832,100,101118,100,99800,100,101155,100,99624,100,101323,100,99423,100,101548,100,,,101612,100,,
2019-06-28 10:01:30.000000000,100230,166,99947,260,100907,561,99908,255,100953,255,99898,255,100975,100,99852,100,100996,100,99832,100,101118,100,99800,100,101155,100,99624,100,101323,100,99423,100,101548,100,,,101612,100,,
2019-06-28 10:01:40.000000000,100230,166,99947,260,100907,561,99908,255,100953,255,99898,255,100975,100,99852,100,100996,100,99832,100,101118,100,99800,100,101155,100,99624,100,101323,100,99423,100,101548,100,,,101612,100,,
2019-06-28 10:01:46.300595643,100230,166,99947,160,100907,561,99908,255,100953,255,99898,255,100975,100,99852,100,100996,100,99832,100,101118,100,99800,100,101155,100,99624,100,101323,100,99423,100,101548,100,,,101612,100,,
2019-06-28 10:01:50.000000000,100230,242,99908,336,100907,642,99898,336,100953,100,99852,100,100975,100,99832,100,100996,100,99800,100,101118,100,99624,100,101155,100,99423,100,101323,100,,,101548,100,,,101612,100,,
2019-06-28 10:02:00.000000000,100230,477,99908,571,100907,406,99898,100,100953,100,99852,100,100975,100,99832,100,100996,100,99800,100,101118,100,99624,100,101155,100,99423,100,101323,100,,,101548,100,,,101612,100,,
2019-06-28 10:02:10.000000000,100230,477,99908,571,100907,406,99898,100,100953,100,99852,100,100975,100,99832,100,100996,100,99800,100,101118,100,99624,100,101155,100,99423,100,101323,100,,,101548,100,,,101612,100,,
2019-06-28 10:02:13.661804964,100230,477,99908,471,100907,406,99898,100,100953,100,99852,100,100975,100,99832,100,100996,100,99800,100,101118,100,99624,100,101155,100,99423,100,101323,100,,,101548,100,,,101612,100,,
2019-06-28 10:02:20.000000000,100230,100,99898,194,100907,500,99852,194,100953,194,99832,194,100975,194,99800,194,100996,194,99624,194,101118,100,99423,100,101155,100,,,101323,100,,,101548,100,,,101612,100,,
2019-06-28 10:02:30.000000000,100230,100,99898,194,100907,500,99852,194,100953,194,99832,194,100975,194,99800,194,100996,194,99624,194,101118,100,99423,100,101155,100,,,101323,100,,,101548,100,,,101612,100,,
2019-06-28 10:02:31.146253080,100230,100,99898,194,100907,500,99852,194,100953,194,99832,194,100975,194,99800,194,100996,94,99624,194,101118,100,99423,100,101155,100,98793,100,101323,100,,,101548,100,,,101612,100,,
2019-06-28 10:02:40.000000000,100230,100,99898,194,100907,500,99852,194,100953,194,99832,194,100975,194,99800,194,101118,194,99624,194,101155,100,99423,100,101323,100,98793,100,101548,100,,,101612,100,,,,,,
2019-06-28 10:02:50.000000000,100230,100,99898,194,100907,500,99852,194,100953,194,99832,194,100975,194,99800,194,101118,194,99624,194,101155,100,99423,100,101323,100,98793,100,101548,100,,,101612,100,,,,,,
2019-06-28 10:02:52.466974757,100230,94,99898,194,100907,500,99852,194,100953,194,99832,194,100975,194,99800,194,101118,194,99624,194,101155,100,99423,100,101323,100,98892,100,101548,100,98793,100,101612,100,,,,,,
2019-06-28 10:02:52.841737985,100230,94,99898,194,100907,500,99852,194,100953,194,99832,194,100975,194,99800,194,101118,194,99624,194,101155,100,99423,100,101323,100,98892,100,101548,100,98793,100,101612,100,98762,100,,,,
2019-06-28 10:02:54.045099769,100230,94,99898,194,100907,500,99852,194,100953,194,99832,194,100975,194,99800,194,101118,194,99624,194,101155,100,99423,100,101323,100,98995,100,101548,100,98892,100,101612,100,98793,100,,,98762,100
2019-06-28 10:03:00.000000000,100907,524,99898,218,100953,218,99852,218,100975,218,99832,218,101118,218,99800,218,101155,100,99624,100,101323,100,99423,100,101548,100,98995,100,101612,100,98892,100,,,98793,100,,,98762,100
2019-06-28 10:03:10.000000000,100907,524,99898,218,100953,218,99852,218,100975,218,99832,218,101118,218,99800,218,101155,100,99624,100,101323,100,99423,100,101548,100,98995,100,101612,100,98892,100,,,98793,100,,,98762,100
2019-06-28 10:03:17.310397062,100907,524,99898,218,100953,218,99852,218,100975,218,99832,218,101118,218,99800,218,101155,100,99624,100,101323,100,99423,100,101548,100,98995,100,101612,100,98892,100,,,98793,100,,,98762,100
2019-06-28 10:03:20.000000000,100907,524,99898,218,100953,218,99852,218,100975,218,99832,218,101118,218,99800,218,101155,100,99624,100,101323,100,99423,100,101548,100,98995,100,101612,100,98892,100,,,98793,100,,,98762,100
2019-06-28 10:03:25.560830830,99947,100,99898,218,100907,524,99852,218,100953,218,99832,218,100975,218,99800,118,101118,218,99624,100,101155,100,99423,100,101323,100,98995,100,101548,100,98892,100,101612,100,98793,100,,,98762,100
2019-06-28 10:03:26.425516859,99947,100,99898,218,100907,524,99852,118,100953,218,99832,218,100975,218,99800,118,101118,218,99624,100,101155,100,99423,100,101323,100,98995,100,101548,100,98892,100,101612,100,98793,100,,,98762,100
2019-06-28 10:03:30.000000000,99947,571,99898,571,100907,406,99832,100,100953,100,99624,100,100975,100,99423,100,101118,100,98995,100,101155,100,98892,100,101323,100,98793,100,101548,100,98762,100,101612,100,98519,100,,,98486,100
2019-06-28 10:03:39.808454162,99947,671,99898,571,100907,406,99832,100,100953,100,99624,100,100975,100,99423,100,101118,100,98995,100,101155,100,98892,100,101323,100,98793,100,101548,100,98762,100,101612,100,98519,100,,,98486,100
2019-06-28 10:03:40.000000000,99947,671,99898,571,100907,406,99832,100,100953,100,99624,100,100975,100,99423,100,101118,100,98995,100,101155,100,98892,100,101323,100,98793,100,101548,100,98762,100,101612,100,98519,100,,,98486,100
2019-06-28 10:03:50.000000000,99947,671,99898,571,100907,406,99832,100,100953,100,99624,100,100975,100,99423,100,101118,100,98995,100,101155,100,98892,100,101323,100,98793,100,101548,100,98762,100,101612,100,98519,100,,,98486,100
2019-06-28 10:04:00.000000000,99947,671,99898,571,100907,406,99832,100,100953,100,99624,100,100975,100,99423,100,101118,100,98995,100,101155,100,98892,100,101323,100,98793,100,101548,100,98762,100,101612,100,98519,100,,,98486,100
2019-06-28 10:04:10.000000000,99947,294,99898,194,100907,500,99832,194,100953,194,99624,194,100975,194,99423,194,101118,194,98995,194,101155,100,98892,100,101323,100,98793,100,101548,100,98762,100,101612,100,98519,100,,,98486,100
2019-06-28 10:04:20.000000000,99947,436,99898,336,100907,642,99832,336,100953,100,99624,100,100975,100,99423,100,101118,100,98995,100,101155,100,98892,100,101323,100,98793,100,101548,100,98762,100,101612,100,98519,100,,,98486,100
2019-06-28 10:04:22.826822027,99947,436,99898,336,100907,642,99832,336,100953,100,99624,100,100975,100,98995,100,101118,100,98964,100,101155,100,98892,100,101323,100,98793,100,101548,100,98762,100,101612,100,98519,100,,,98486,100
2019-06-28 10:04:30.000000000,99947,294,99898,194,100907,500,99832,194,100953,194,99624,194,100975,194,98995,194,101118,194,98964,194,101155,100,98892,100,101323,100,98793,100,101548,100,98762,100,101612,100,98519,100,,,98486,100
2019-06-28 10:04:40.000000000,99947,318,99898,218,100907,524,99832,218,100953,218,99624,218,100975,218,98995,218,101118,100,98964,100,101155,100,98892,100,101323,100,98793,100,101548,100,98762,100,101612,100,98519,100,,,98486,100
2019-06-28 10:04:50.000000000,99947,671,99898,571,100907,406,99832,100,100953,100,99624,100,100975,100,98995,100,101118,100,98964,100,101155,100,98892,100,101323,100,98793,100,101548,100,98762,100,101612,100,98519,100,,,98486,100
2019-06-28 10:04:50.141969492,99947,771,99898,571,100907,406,99832,100,100953,100,99624,100,100975,100,98995,100,101118,100,98964,100,101155,100,98892,100,101323,100,98793,100,101548,100,98762,100,101612,100,98519,100,,,98486,100
2019-06-28 10:04:52.545846096,99947,771,99898,571,100907,406,99832,100,100953,100,99624,100,101118,100,98995,100,101155,100,98964,100,101323,100,98892,100,101548,100,98793,100,101612,100,98762,100,,,98519,100,,,98486,100
2019-06-28 10:05:00.000000000,99947,771,99898,571,100907,406,99832,100,100953,100,99624,100,101118,100,98995,100,101155,100,98964,100,101323,100,98892,100,101548,100,98793,100,101612,100,98762,100,,,98519,100,,,98486,100
2019-06-28 10:05:00.639890402,99947,771,99898,471,100907,406,99832,100,100953,100,99624,100,101118,100,98995,100,101155,100,98964,100,101323,100,98892,100,101548,100,98793,100,101612,100,98762,100,,,98519,100,,,98486,100
2019-06-28 10:05:04.189169606,99947,771,99898,371,100907,406,99832,100,100953,100,99624,100,101118,100,98995,100,101155,100,98964,100,101323,100,98892,100,101548,100,98793,100,101612,100,98762,100,,,98519,100,,,98486,100
2019-06-28 10:05:05.689263714,99947,771,99898,371,100907,406,99832,100,100953,100,99624,100,101118,100,98999,100,101155,100,98995,100,101323,100,98964,100,101548,100,98892,100,101612,100,98793,100,,,98762,100,,,98519,100
2019-06-28 10:05:10.000000000,99947,771,99832,571,100907,406,99624,100,100953,100,98999,100,101118,100,98995,100,101155,100,98964,100,101323,100,98892,100,101548,100,98793,100,101612,100,98762,100,,,98519,100,,,98486,100
2019-06-28 10:05:10.659973562,99898,100,99832,571,99947,771,99624,100,100907,406,98999,100,100953,100,98995,100,101118,100,98964,100,101155,100,98892,100,101323,100,98793,100,101548,100,98762,100,101612,100,98519,100,,,98486,100
2019-06-28 10:05:18.608460462,99898,100,99832,571,99947,771,99624,100,100907,406,99201,100,100953,100,98999,100,101118,100,98995,100,101155,100,98964,100,101323,100,98892,100,101548,100,98793,100,101612,100,98762,100,,,98519,100
2019-06-28 10:05:20.000000000,99898,218,99832,218,99947,418,99624,218,100907,524,99201,218,100953,218,98999,218,101118,100,98995,100,101155,100,98964,100,101323,100,98892,100,101548,100,98793,100,101612,100,98762,100,,,98519,100
2019-06-28 10:05:21.941024108,99898,218,99832,218,99947,418,99624,218,100907,524,99201,218,100953,218,99094,100,101118,100,98999,218,101155,100,98995,100,101323,100,98964,100,101548,100,98892,100,101612,100,98793,100,,,98762,100
2019-06-28 10:05:30.000000000,99898,571,99832,571,99947,300,99624,100,100907,406,99201,100,100953,100,99094,100,101118,100,98999,100,101155,100,98995,100,101323,100,98964,100,101548,100,98892,100,101612,100,98793,100,,,98762,100
2019-06-28 10:05:38.196973615,99898,571,99832,471,99947,300,99624,100,100907,406,99201,100,100953,100,99094,100,101118,100,98999,100,101155,100,98995,100,101323,100,98964,100,101548,100,98892,100,101612,100,98793,100,,,98762,100
2019-06-28 10:05:39.416893192,99898,571,99832,371,99947,300,99624,100,100907,406,99201,100,100953,100,98999,100,101118,100,98995,100,101155,100,98964,100,101323,100,98892,100,101548,100,98793,100,101612,100,98762,100,,,98519,100
2019-06-28 10:05:40.000000000,99898,336,99624,336,99947,536,99201,336,100907,406,98999,100,100953,100,98995,100,101118,100,98964,100,101155,100,98892,100,101323,100,98793,100,101548,100,98762,100,101612,100,98519,100,,,98486,100
2019-06-28 10:05:40.325782361,99898,336,99624,236,99947,536,99201,336,100907,406,98999,100,100953,100,98995,100,101118,100,98964,100,101155,100,98892,100,101323,100,98793,100,101548,100,98762,100,101612,100,98519,100,,,98486,100
2019-06-28 10:05:40.388341454,99898,336,99624,236,99947,536,99234,100,100907,406,99201,336,100953,100,98999,100,101118,100,98995,100,101155,100,98964,100,101323,100,98892,100,101548,100,98793,100,101612,100,98762,100,,,98519,100
2019-06-28 10:05:50.000000000,99898,571,99234,571,99947,300,99201,100,100907,406,98999,100,100953,100,98995,100,101118,100,98964,100,101155,100,98892,100,101323,100,98793,100,101548,100,98762,100,101612,100,98519,100,,,98486,100
2019-06-28 10:05:54.402265829,99898,571,99234,571,99947,300,99201,100,100907,406,99192,100,100953,100,98999,100,101118,100,98995,100,101155,100,98964,100,101323,100,98892,100,101548,100,98793,100,101612,100,98762,100,,,98519,100
2019-06-28 10:05:55.199191948,99898,571,99234,571,99947,300,99201,100,100907,406,99192,100,100953,100,99026,100,101118,100,98999,100,101155,100,98995,100,101323,100,98964,100,101612,100,98892,100,,,98793,100,,,98762,100
2019-06-28 10:06:00.000000000,99898,218,99234,218,99947,418,99201,218,100907,524,99192,218,100953,218,99026,218,101118,100,98999,100,101155,100,98995,100,101323,100,98964,100,101612,100,98892,100,,,98793,100,,,98762,100
2019-06-28 10:06:08.553442165,99898,218,99234,218,99947,418,99201,218,100907,524,99192,218,100953,218,99141,100,101118,100,99026,218,101155,100,98999,100,101323,100,98995,100,101612,100,98964,100,,,98892,100,,,98793,100
2019-06-28 10:06:09.679901235,99898,218,99234,218,99947,418,99201,218,100907,518,99192,218,100953,218,99141,100,101118,100,99026,218,101155,100,99019,100,101323,100,98999,100,101612,100,98995,100,,,98964,100,,,98892,100
2019-06-28 10:06:10.000000000,99898,218,99234,218,99947,418,99201,218,100907,518,99192,218,100953,218,99141,218,101118,100,99026,100,101155,100,99019,100,101323,100,98999,100,101612,100,98995,100,,,98964,100,,,98892,100
2019-06-28 10:06:20.000000000,99898,218,99234,218,99947,418,99201,218,100907,518,99192,218,100953,218,99141,218,101118,100,99026,100,101155,100,99019,100,101323,100,98999,100,101612,100,98995,100,,,98964,100,,,98892,100
2019-06-28 10:06:30.000000000,99898,218,99234,218,99947,418,99201,218,100907,518,99192,218,100953,218,99141,218,101118,100,99026,100,101155,100,99019,100,101323,100,98999,100,101612,100,98995,100,,,98964,100,,,98892,100
2019-06-28 10:06:35.778317952,99249,100,99234,218,99898,218,99201,218,99947,418,99192,218,100907,518,99141,218,100953,218,99026,100,101118,100,99019,100,101155,100,98999,100,101323,100,98995,100,101612,100,98964,100,,,98892,100
2019-06-28 10:06:40.000000000,99249,260,99234,260,99898,255,99201,255,99947,455,99192,255,100907,400,99141,100,100953,100,99026,100,101118,100,99019,100,101155,100,98999,100,101323,100,98995,100,101612,100,98964,100,,,98892,100
2019-06-28 10:06:50.000000000,99249,260,99234,260,99898,255,99201,255,99947,455,99192,255,100907,400,99141,100,100953,100,99026,100,101118,100,99019,100,101155,100,98999,100,101323,100,98995,100,101612,100,98964,100,,,98892,100
2019-06-28 10:06:55.962570425,99249,260,99234,160,99898,255,99201,255,99947,455,99192,255,100907,400,99141,100,100953,100,99026,100,101118,100,99019,100,101155,100,98999,100,101323,100,98995,100,101612,100,98964,100,,,98892,100
2019-06-28 10:06:56.289466903,99249,260,99234,160,99624,100,99201,255,99898,255,99192,255,99947,455,99141,100,100907,300,99026,100,100953,100,99019,100,101118,100,98999,100,101155,100,98995,100,101323,100,98964,100,101612,100,98892,100
2019-06-28 10:07:00.000000000,99249,571,99201,571,99624,100,99192,100,99898,100,99141,100,99947,300,99026,100,100907,300,99019,100,100953,100,98999,100,101118,100,98995,100,101155,100,98964,100,101323,100,98892,100,101612,100,98793,100
2019-06-28 10:07:10.000000000,99249,194,99201,194,99624,194,99192,194,99898,194,99141,194,99947,394,99026,194,100907,394,99019,194,100953,100,98999,100,101118,100,98995,100,101155,100,98964,100,101323,100,98892,100,101612,100,98793,100
2019-06-28 10:07:11.306274929,99249,194,99201,194,99507,100,99192,194,99624,194,99141,194,99898,194,99026,194,99947,394,99019,194,100907,394,98999,100,100953,100,98995,100,101118,100,98964,100,101155,100,98793,100,101323,100,98762,100
2019-06-28 10:07:13.497112024,99249,94,99201,194,99507,100,99192,194,99624,194,99141,194,99898,194,99026,194,99947,394,99019,194,100907,394,98999,100,100953,100,98995,100,101118,100,98964,100,101155,100,98793,100,101323,100,98762,100
2019-06-28 10:07:20.000000000,99507,571,99201,571,99624,100,99192,100,99898,100,99141,100,99947,300,99026,100,100907,300,99019,100,100953,100,98999,100,101118,100,98995,100,101155,100,98964,100,101323,100,98793,100,101612,100,98762,100
2019-06-28 10:07:27.883737219,99507,571,99201,571,99512,100,99192,100,99624,100,99141,100,99898,100,99026,100,99947,300,99019,100,100907,300,98999,100,100953,100,98995,100,101118,100,98964,100,101155,100,98793,100,101323,100,98762,100
2019-06-28 10:07:30.000000000,99507,260,99201,260,99512,255,99192,255,99624,255,99141,255,99898,100,99026,100,99947,300,99019,100,100907,300,98999,100,100953,100,98995,100,101118,100,98964,100,101155,100,98793,100,101323,100,98762,100
2019-06-28 10:07:40.000000000,99507,336,99201,336,99512,336,99192,336,99624,100,99141,100,99898,100,99026,100,99947,300,99019,100,100907,300,98999,100,100953,100,98995,100,101118,100,98964,100,101155,100,98793,100,101323,100,98762,100
2019-06-28 10:07:50.000000000,99507,571,99201,571,99512,100,99192,100,99624,100,99141,100,99898,100,99026,100,99947,300,99019,100,100907,300,98999,100,100953,100,98995,100,101118,100,98964,100,101155,100,98793,100,101323,100,98762,100
2019-06-28 10:08:00.000000000,99507,218,99201,218,99512,218,99192,218,99624,218,99141,218,99898,218,99026,218,99947,300,99019,100,100907,300,98999,100,100953,100,98995,100,101118,100,98964,100,101155,100,98793,100,101323,100,98762,100
