,ask_price_1,ask_size_1,bid_price_1,bid_size_1,ask_price_2,ask_size_2,bid_price_2,bid_size_2,ask_price_3,ask_size_3,bid_price_3,bid_size_3,ask_price_4,ask_size_4,bid_price_4,bid_size_4,ask_price_5,ask_size_5,bid_price_5,bid_size_5,ask_price_6,ask_size_6,bid_price_6,bid_size_6,ask_price_7,ask_size_7,bid_price_7,bid_size_7,ask_price_8,ask_size_8,bid_price_8,bid_size_8,ask_price_9,ask_size_9,bid_price_9,bid_size_9,ask_price_10,ask_size_10,bid_price_10,bid_size_10
2019-06-28 09:30:00.000000000,,,99897,100,,,,,,,,,,,,,,,,,,,,,,,,,,,,,,,,,,,,
2019-06-28 09:30:00.000000001,99953,100,99897,100,,,,,,,,,,,,,,,,,,,,,,,,,,,,,,,,,,,,
2019-06-28 09:30:00.000000002,99953,100,99941,100,,,99897,100,,,,,,,,,,,,,,,,,,,,,,,,,,,,,,,,
2019-06-28 09:30:00.000000008,99953,100,99941,100,100059,100,99897,100,,,,,,,,,,,,,,,,,,,,,,,,,,,,,,,,
2019-06-28 09:30:00.000000010,99953,100,99941,100,100023,100,99897,100,100059,100,,,,,,,,,,,,,,,,,,,,,,,,,,,,,,
2019-06-28 09:30:00.000000011,100023,100,99941,100,100059,100,99897,100,100074,100,,,,,,,,,,,,,,,,,,,,,,,,,,,,,,
2019-06-28 09:30:00.000000013,100006,100,99941,100,100014,100,99897,100,100023,100,,,100059,100,,,100074,100,,,,,,,,,,,,,,,,,,,,,,
2019-06-28 09:30:00.000000014,100006,100,99941,100,100014,100,99897,100,100023,100,,,100059,100,,,100074,100,,,100181,100,,,,,,,,,,,,,,,,,,
2019-06-28 09:30:00.000000015,99979,100,99941,100,100006,100,99897,100,100014,100,,,100023,100,,,100059,100,,,100074,100,,,100181,100,,,,,,,,,,,,,,
2019-06-28 09:30:00.000000016,99979,100,99941,100,100006,100,99897,100,100014,100,,,100023,100,,,100059,100,,,100074,100,,,100104,100,,,100181,100,,,,,,,,,,
2019-06-28 09:30:00.000000017,99979,100,99941,100,100006,100,99897,100,100014,200,,,100023,100,,,100059,100,,,100074,100,,,100104,100,,,100181,100,,,,,,,,,,
2019-06-28 09:30:00.000000018,99979,100,99941,100,99985,100,99897,100,100006,100,,,100014,200,,,100023,100,,,100035,100,,,100048,100,,,100059,100,,,100074,100,,,100092,100,,
2019-06-28 09:30:00.000000023,99979,100,99941,100,99985,100,99897,100,100006,100,99873,100,100014,200,,,100023,100,,,100035,100,,,100048,100,,,100059,100,,,100074,100,,,100092,100,,
2019-06-28 09:30:00.000000026,99979,100,99941,100,99985,100,99911,100,100006,100,99897,100,100014,200,99873,100,100023,100,,,100035,100,,,100048,100,,,100059,100,,,100072,100,,,100074,100,,
2019-06-28 09:30:00.000000028,99985,100,99941,100,100006,100,99911,100,100014,200,99897,100,100023,100,99873,100,100035,100,,,100048,100,,,100059,100,,,100072,100,,,100074,100,,,100092,100,,
2019-06-28 09:30:00.000000030,99985,100,99953,100,100006,100,99941,100,100014,200,99911,100,100023,100,99897,100,100035,100,99873,100,100048,100,,,100059,100,,,100072,100,,,100074,100,,,100092,100,,
2019-06-28 09:30:00.000000033,99985,100,99953,200,100006,100,99941,100,100014,200,99911,100,100023,100,99897,100,100035,100,99873,100,100048,100,,,100059,100,,,100072,100,,,100074,100,,,100092,100,,
2019-06-28 09:30:00.000000035,100006,100,99953,200,100014,200,99941,100,100023,100,99911,100,100035,100,99897,100,100048,100,99873,100,100059,100,,,100072,100,,,100074,100,,,100092,100,,,100104,100,,
2019-06-28 09:30:00.000000038,100006,100,99953,200,100014,200,99951,100,100023,100,99941,100,100035,100,99911,100,100048,100,99897,100,100059,100,99873,100,100072,100,,,100074,100,,,100092,100,,,100104,100,,
2019-06-28 09:30:00.000000043,100006,100,99979,100,100014,200,99953,200,100019,100,99951,100,100023,100,99941,100,100035,100,99911,100,100048,100,99897,100,100059,100,99873,100,100072,100,,,100074,100,,,100092,100,,
2019-06-28 09:30:00.000000044,100006,100,99979,100,100014,200,99957,100,100019,100,99953,200,100023,100,99951,100,100035,100,99941,100,100048,100,99911,100,100059,100,99897,100,100072,100,99873,100,100074,100,,,100092,100,,
2019-06-28 09:30:00.000000046,100006,100,99979,100,100014,200,99957,100,100019,100,99953,200,100023,100,99951,100,100035,100,99941,100,100048,100,99911,100,100059,100,99897,100,100069,100,99873,100,100072,200,,,100074,100,,
2019-06-28 09:30:00.000000047,100006,100,99979,100,100014,200,99957,100,100019,100,99953,200,100022,100,99951,100,100023,100,99941,100,100035,100,99911,100,100048,100,99897,100,100059,100,99873,100,100069,100,,,100072,200,,
2019-06-28 09:30:00.000000048,100006,100,99979,100,100014,200,99957,100,100019,100,99953,200,100022,100,99951,100,100023,100,99941,100,100035,100,99911,100,100048,100,99897,100,100059,100,99886,100,100069,100,99873,100,100072,200,,
2019-06-28 09:30:00.000000051,100006,100,99979,100,100014,200,99957,100,100019,100,99953,200,100022,100,99951,100,100023,100,99941,100,100035,100,99911,100,100048,100,99897,100,100059,100,99886,100,100069,100,99873,100,100072,200,,
2019-06-28 09:30:00.000000052,100006,100,99979,200,100014,200,99957,100,100019,100,99953,200,100022,100,99951,100,100023,100,99941,100,100035,100,99920,100,100048,100,99911,100,100059,100,99897,100,100069,200,99886,100,100072,200,99873,100
2019-06-28 09:30:00.000000064,100006,100,99979,200,100014,200,99969,100,100019,100,99957,100,100022,100,99953,200,100023,100,99951,100,100035,100,99941,100,100048,100,99920,100,100059,100,99911,100,100069,200,99897,100,100072,200,99886,100
2019-06-28 09:30:00.000000065,100006,100,99979,300,100014,200,99969,100,100019,100,99957,100,100022,100,99953,200,100023,100,99951,100,100035,100,99941,100,100048,100,99920,100,100059,100,99911,100,100069,200,99897,100,100072,200,99886,100
2019-06-28 09:30:00.000000066,100006,100,99979,300,100014,200,99969,100,100019,100,99957,100,100022,100,99953,200,100023,100,99951,100,100035,100,99941,100,100048,100,99920,100,100059,100,99911,100,100068,100,99897,100,100069,200,99886,100
2019-06-28 09:30:00.000000067,100006,100,99979,300,100014,200,99969,100,100019,100,99957,100,100022,100,99953,200,100023,100,99951,100,100035,100,99941,100,100048,100,99920,100,100059,100,99911,100,100068,100,99897,100,100069,200,99886,100
2019-06-28 09:30:00.000000068,100006,100,99979,300,100014,200,99969,100,100019,100,99957,100,100022,100,99953,200,100023,100,99951,100,100035,100,99941,100,100048,100,99920,100,100059,100,99911,100,100068,100,99897,100,100069,200,99886,100
2019-06-28 09:30:00.000000069,100006,100,99979,400,100014,200,99969,100,100019,100,99957,100,100022,100,99954,100,100023,100,99953,200,100035,100,99951,100,100048,100,99941,100,100059,100,99920,100,100068,100,99911,100,100069,200,99897,100
2019-06-28 09:30:00.000000070,100006,100,99979,400,100014,200,99975,100,100019,100,99969,100,100022,100,99957,100,100023,100,99954,100,100035,100,99953,200,100048,100,99951,100,100059,100,99941,100,100068,100,99920,100,100069,200,99911,100
2019-06-28 09:30:00.000000071,100006,100,99979,400,100014,200,99975,100,100019,100,99969,100,100022,100,99957,100,100023,100,99954,100,100035,100,99953,200,100048,100,99951,100,100059,100,99941,100,100068,100,99920,100,100069,200,99911,100
2019-06-28 09:30:00.000000073,100006,100,100002,100,100014,200,99979,400,100019,100,99975,100,100022,100,99969,100,100023,100,99957,100,100035,100,99954,100,100048,100,99953,200,100059,100,99951,100,100068,100,99941,100,100069,200,99920,100
2019-06-28 09:30:00.000000076,100014,200,100002,100,100019,100,99979,400,100022,100,99975,100,100023,100,99969,100,100035,100,99957,100,100048,100,99954,100,100059,100,99953,200,100068,100,99951,100,100069,200,99941,100,100072,200,99920,100
2019-06-28 09:30:00.000000077,100006,100,99979,400,100014,200,99975,100,100019,100,99969,100,100022,100,99957,100,100023,100,99954,100,100035,100,99953,200,100048,100,99951,100,100059,100,99941,100,100068,100,99928,100,100069,200,99920,100
2019-06-28 09:30:00.000000078,100006,100,99979,400,100014,200,99975,100,100019,100,99969,100,100022,100,99964,100,100023,100,99957,100,100035,100,99954,100,100048,100,99953,200,100059,100,99951,100,100068,100,99941,100,100069,200,99928,100
2019-06-28 09:30:00.000000081,100006,100,100002,100,100014,200,99979,400,100019,100,99975,100,100022,100,99969,100,100023,100,99964,100,100035,100,99957,100,100048,100,99954,100,100059,100,99953,200,100068,100,99951,100,100069,200,99941,100
2019-06-28 09:30:00.000000083,100006,200,100002,100,100014,200,99979,400,100019,100,99975,100,100022,100,99969,100,100023,100,99964,100,100035,100,99957,100,100048,100,99954,100,100059,100,99953,200,100068,100,99951,100,100069,200,99941,100
2019-06-28 09:30:00.000000087,100006,200,99979,400,100014,200,99975,100,100019,100,99969,100,100022,100,99964,100,100023,100,99957,100,100035,100,99954,100,100048,100,99953,200,100059,100,99951,100,100068,100,99941,100,100069,200,99928,100
2019-06-28 09:30:00.000000088,100006,200,99979,400,100014,200,99975,100,100019,100,99969,100,100022,100,99964,100,100023,100,99957,100,100035,100,99954,100,100048,100,99953,200,100059,100,99951,100,100068,100,99941,100,100069,200,99928,100
2019-06-28 09:30:00.000000089,100006,200,99979,500,100014,200,99975,100,100019,100,99969,100,100022,100,99964,100,100023,100,99957,100,100035,100,99954,100,100048,100,99953,200,100059,100,99951,100,100068,100,99941,100,100069,200,99928,100
2019-06-28 09:30:00.000000090,99997,100,99979,500,100006,200,99975,100,100014,200,99969,100,100019,100,99964,100,100022,100,99957,100,100023,100,99954,100,100035,100,99953,200,100048,100,99951,100,100059,100,99941,100,100068,100,99928,100
2019-06-28 09:30:00.000000092,100006,200,99979,500,100014,200,99975,100,100019,100,99969,100,100022,100,99964,100,100023,100,99957,100,100035,100,99954,100,100048,100,99953,200,100059,100,99951,100,100068,100,99941,100,100069,200,99928,100
2019-06-28 09:30:00.000000094,100006,200,99979,500,100014,200,99975,100,100019,100,99969,100,100022,200,99964,100,100023,100,99957,100,100035,100,99954,100,100048,100,99953,200,100059,100,99951,100,100068,100,99941,100,100069,200,99928,100
2019-06-28 09:30:00.000000097,100006,200,99979,500,100014,200,99975,100,100019,100,99969,100,100022,200,99964,100,100023,100,99958,100,100035,100,99957,100,100048,100,99954,100,100059,100,99953,200,100068,100,99951,100,100069,200,99941,100
2019-06-28 09:30:00.000000098,100006,200,99979,500,100014,200,99975,100,100019,100,99969,100,100022,200,99964,100,100023,100,99958,100,100035,100,99957,100,100047,100,99954,100,100048,100,99953,200,100059,100,99951,100,100068,100,99941,100
2019-06-28 09:30:03.922767930,100006,200,99979,400,100014,200,99975,100,100019,100,99969,100,100022,200,99964,100,100023,100,99958,100,100035,100,99957,100,100047,100,99954,100,100048,100,99953,200,100059,100,99951,100,100068,100,99941,100
2019-06-28 09:30:05.894309633,100006,200,99979,400,100014,200,99975,100,100019,100,99969,100,100022,200,99964,200,100023,100,99958,100,100035,100,99957,100,100047,100,99954,100,100048,100,99953,200,100059,100,99951,100,100068,100,99941,100
2019-06-28 09:30:10.000000000,100006,690,99979,890,100014,200,99975,100,100019,100,99969,100,100022,200,99964,200,100023,100,99958,100,100035,100,99957,100,100047,100,99954,100,100048,100,99953,200,100059,100,99951,100,100068,100,99941,100
2019-06-28 09:30:20.000000000,100006,690,99979,890,100014,200,99975,100,100019,100,99969,100,100022,200,99964,200,100023,100,99958,100,100035,100,99957,100,100047,100,99954,100,100048,100,99953,200,100059,100,99951,100,100068,100,99941,100
2019-06-28 09:30:30.000000000,100006,445,99979,645,100014,445,99975,345,100019,100,99969,100,100022,200,99964,200,100023,100,99958,100,100035,100,99957,100,100047,100,99954,100,100048,100,99953,200,100059,100,99951,100,100068,100,99941,100
2019-06-28 09:30:30.332503239,100006,445,99979,545,100014,445,99975,345,100019,100,99969,100,100022,200,99964,200,100023,100,99958,100,100035,100,99957,100,100047,100,99954,100,100048,100,99953,200,100059,100,99951,100,100068,100,99941,100
2019-06-28 09:30:40.000000000,100006,322,99979,422,100014,322,99975,222,100019,222,99969,222,100022,322,99964,322,100023,100,99958,100,100035,100,99957,100,100047,100,99954,100,100048,100,99953,200,100059,100,99951,100,100068,100,99941,100
2019-06-28 09:30:50.000000000,100006,445,99979,545,100014,445,99975,345,100019,100,99969,100,100022,200,99964,200,100023,100,99958,100,100035,100,99957,100,100047,100,99954,100,100048,100,99953,200,100059,100,99951,100,100068,100,99941,100
2019-06-28 09:30:50.425767867,100006,445,99979,545,100014,445,99975,345,100019,100,99969,100,100022,200,99964,200,100023,100,99958,100,100035,100,99957,100,100047,100,99954,100,100048,100,99953,200,100059,100,99951,100,100068,100,99941,100
2019-06-28 09:30:51.819000784,100006,445,99979,545,100014,445,99975,345,100019,100,99969,100,100022,200,99964,200,100023,100,99958,100,100035,100,99957,100,100047,100,99954,100,100048,100,99953,200,100059,100,99951,100,100068,100,99941,100
2019-06-28 09:31:00.000000000,100006,445,99979,545,100014,445,99975,345,100019,100,99969,100,100022,200,99964,200,100023,100,99958,100,100035,100,99957,100,100047,100,99954,100,100048,100,99953,200,100059,100,99951,100,100068,100,99941,100
2019-06-28 09:31:10.000000000,100006,367,99979,467,100014,362,99975,262,100019,262,99969,262,100022,200,99964,200,100023,100,99958,100,100035,100,99957,100,100047,100,99954,100,100048,100,99953,200,100059,100,99951,100,100068,100,99941,100
2019-06-28 09:31:20.000000000,100006,367,99979,467,100014,362,99975,262,100019,262,99969,262,100022,200,99964,200,100023,100,99958,100,100035,100,99957,100,100047,100,99954,100,100048,100,99953,200,100059,100,99951,100,100068,100,99941,100
2019-06-28 09:31:20.271857614,100006,367,99979,467,100014,362,99975,262,100019,262,99969,262,100022,200,99964,200,100023,100,99958,100,100035,100,99957,100,100047,100,99954,100,100048,100,99953,200,100059,100,99951,100,100068,100,99941,100
2019-06-28 09:31:30.000000000,100006,322,99979,422,100014,322,99975,222,100019,222,99969,222,100022,322,99964,322,100023,100,99958,100,100035,100,99957,100,100047,100,99954,100,100048,100,99953,200,100059,100,99951,100,100068,100,99941,100
2019-06-28 09:31:33.644297225,100006,322,99979,422,100014,322,99975,222,100019,222,99969,222,100022,322,99964,322,100023,100,99958,100,100035,100,99957,100,100047,100,99954,100,100048,100,99953,100,100059,100,99951,100,100068,100,99941,100
2019-06-28 09:31:40.000000000,100006,445,99979,545,100014,445,99975,345,100019,100,99969,100,100022,200,99964,200,100023,100,99958,100,100035,100,99957,100,100047,100,99954,100,100048,100,99953,100,100059,100,99951,100,100068,100,99941,100
2019-06-28 09:31:50.000000000,100006,322,99979,422,100014,322,99975,222,100019,222,99969,222,100022,322,99964,322,100023,100,99958,100,100035,100,99957,100,100047,100,99954,100,100048,100,99953,100,100059,100,99951,100,100068,100,99941,100
2019-06-28 09:32:00.000000000,100006,367,99979,467,100014,362,99975,262,100019,262,99969,262,100022,200,99964,200,100023,100,99958,100,100035,100,99957,100,100047,100,99954,100,100048,100,99953,100,100059,100,99951,100,100068,100,99941,100
2019-06-28 09:32:10.000000000,100006,445,99979,545,100014,445,99975,345,100019,100,99969,100,100022,200,99964,200,100023,100,99958,100,100035,100,99957,100,100047,100,99954,100,100048,100,99953,100,100059,100,99951,100,100068,100,99941,100
2019-06-28 09:32:20.000000000,100006,445,99979,545,100014,445,99975,345,100019,100,99969,100,100022,200,99964,200,100023,100,99958,100,100035,100,99957,100,100047,100,99954,100,100048,100,99953,100,100059,100,99951,100,100068,100,99941,100
2019-06-28 09:32:27.430103353,100006,345,99979,545,100014,445,99975,345,100019,100,99969,100,100022,200,99964,200,100023,100,99958,100,100035,100,99957,100,100047,100,99954,100,100048,100,99953,100,100059,100,99951,100,100068,100,99941,100
2019-06-28 09:32:30.000000000,100006,222,99979,422,100014,322,99975,222,100019,222,99969,222,100022,322,99964,322,100023,100,99958,100,100035,100,99957,100,100047,100,99954,100,100048,100,99953,100,100059,100,99951,100,100068,100,99941,100
2019-06-28 09:32:40.000000000,100006,345,99979,545,100014,445,99975,345,100019,100,99969,100,100022,200,99964,200,100023,100,99958,100,100035,100,99957,100,100047,100,99954,100,100048,100,99953,100,100059,100,99951,100,100068,100,99941,100
2019-06-28 09:32:42.955432908,100006,345,99979,545,100009,100,99975,345,100014,445,99969,100,100019,100,99964,200,100022,200,99958,100,100023,100,99957,100,100035,100,99954,100,100047,100,99953,100,100048,100,99951,100,100059,100,99941,100
2019-06-28 09:32:50.000000000,100006,222,99979,422,100009,222,99975,222,100014,322,99969,222,100019,222,99964,322,100022,200,99958,100,100023,100,99957,100,100035,100,99954,100,100047,100,99953,100,100048,100,99951,100,100059,100,99941,100
2019-06-28 09:33:00.000000000,100006,345,99979,545,100009,345,99975,345,100014,200,99969,100,100019,100,99964,200,100022,200,99958,100,100023,100,99957,100,100035,100,99954,100,100047,100,99953,100,100048,100,99951,100,100059,100,99941,100
2019-06-28 09:33:10.000000000,100006,198,99979,398,100009,198,99975,198,100014,298,99969,198,100019,198,99964,298,100022,298,99958,198,100023,100,99957,100,100035,100,99954,100,100047,100,99953,100,100048,100,99951,100,100059,100,99941,100
2019-06-28 09:33:11.273021280,100006,198,99979,398,100009,198,99975,198,100014,298,99969,198,100019,198,99964,298,100022,298,99958,198,100023,100,99957,100,100035,100,99954,100,100047,100,99953,100,100048,100,99951,100,100059,100,99941,100
2019-06-28 09:33:20.000000000,100006,198,99979,398,100009,198,99975,198,100014,298,99969,198,100019,198,99964,298,100022,298,99958,198,100023,100,99957,100,100035,100,99954,100,100047,100,99953,100,100048,100,99951,100,100059,100,99941,100
2019-06-28 09:33:30.000000000,100006,267,99979,467,100009,262,99975,262,100014,362,99969,262,100019,100,99964,200,100022,200,99958,100,100023,100,99957,100,100035,100,99954,100,100047,100,99953,100,100048,100,99951,100,100059,100,99941,100
2019-06-28 09:33:40.000000000,100006,345,99979,545,100009,345,99975,345,100014,200,99969,100,100019,100,99964,200,100022,200,99958,100,100023,100,99957,100,100035,100,99954,100,100047,100,99953,100,100048,100,99951,100,100059,100,99941,100
2019-06-28 09:33:43.671495429,100006,345,99979,445,100009,345,99975,345,100014,200,99969,100,100019,100,99964,100,100022,200,99958,100,100023,100,99957,100,100035,100,99954,100,100047,100,99953,100,100048,100,99951,100,100059,100,99941,100
2019-06-28 09:33:50.000000000,100006,345,99979,445,100009,345,99975,345,100014,200,99969,100,100019,100,99964,100,100022,200,99958,100,100023,100,99957,100,100035,100,99954,100,100047,100,99953,100,100048,100,99951,100,100059,100,99941,100
2019-06-28 09:33:52.843912161,100005,100,99979,445,100006,345,99975,345,100009,345,99969,100,100014,200,99964,100,100019,100,99958,100,100022,200,99957,100,100023,100,99954,100,100035,100,99953,100,100047,100,99951,100,100048,100,99941,100
2019-06-28 09:34:00.000000000,100005,198,99979,298,100006,198,99975,198,100009,198,99969,198,100014,298,99964,198,100019,198,99958,198,100022,200,99957,100,100023,100,99954,100,100035,100,99953,100,100047,100,99951,100,100048,100,99941,100
2019-06-28 09:34:01.653097569,100005,298,99979,298,100006,198,99975,198,100009,198,99969,198,100014,298,99964,198,100019,198,99958,198,100022,200,99957,100,100023,100,99954,100,100035,100,99953,100,100047,100,99951,100,100048,100,99941,100
2019-06-28 09:34:10.000000000,100005,322,99979,322,100006,222,99975,222,100009,222,99969,222,100014,322,99964,222,100019,100,99958,100,100022,200,99957,100,100023,100,99954,100,100035,100,99953,100,100047,100,99951,100,100048,100,99941,100
2019-06-28 09:34:20.000000000,100005,298,99979,298,100006,198,99975,198,100009,198,99969,198,100014,298,99964,198,100019,198,99958,198,100022,200,99957,100,100023,100,99954,100,100035,100,99953,100,100047,100,99951,100,100048,100,99941,100
2019-06-28 09:34:30.000000000,100005,445,99979,445,100006,345,99975,345,100009,100,99969,100,100014,200,99964,100,100019,100,99958,100,100022,200,99957,100,100023,100,99954,100,100035,100,99953,100,100047,100,99951,100,100048,100,99941,100
2019-06-28 09:34:40.000000000,100005,322,99979,322,100006,222,99975,222,100009,222,99969,222,100014,322,99964,222,100019,100,99958,100,100022,200,99957,100,100023,100,99954,100,100035,100,99953,100,100047,100,99951,100,100048,100,99941,100
2019-06-28 09:34:50.000000000,100005,445,99979,445,100006,345,99975,345,100009,100,99969,100,100014,200,99964,100,100019,100,99958,100,100022,200,99957,100,100023,100,99954,100,100035,100,99953,100,100047,100,99951,100,100048,100,99941,100
2019-06-28 09:34:52.603493337,100005,445,99979,445,100006,345,99975,345,100009,100,99969,100,100014,200,99964,100,100019,100,99958,100,100022,200,99957,100,100023,100,99954,100,100035,100,99953,100,100047,100,99951,100,100048,100,99941,100
2019-06-28 09:34:58.767822406,100005,445,99979,445,100006,345,99975,345,100009,100,99969,100,100014,200,99964,100,100019,100,99958,100,100022,200,99957,100,100023,100,99954,100,100035,100,99953,100,100047,100,99951,100,100048,100,99941,100
2019-06-28 09:35:00.000000000,100005,322,99979,322,100006,222,99975,222,100009,222,99969,222,100014,322,99964,222,100019,100,99958,100,100022,200,99957,100,100023,100,99954,100,100035,100,99953,100,100047,100,99951,100,100048,100,99941,100
2019-06-28 09:35:10.000000000,100005,690,99979,690,100006,100,99975,100,100009,100,99969,100,100014,200,99964,100,100019,100,99958,100,100022,200,99957,100,100023,100,99954,100,100035,100,99953,100,100047,100,99951,100,100048,100,99941,100
2019-06-28 09:35:10.131706047,100005,690,99979,690,100006,100,99975,100,100009,100,99969,100,100014,200,99958,100,100019,100,99957,100,100022,200,99954,100,100023,100,99953,100,100035,100,99951,100,100047,100,99941,100,100048,100,99920,100
2019-06-28 09:35:10.888294647,100005,690,99979,690,100006,100,99975,100,100009,100,99969,100,100014,200,99958,100,100019,100,99957,100,100022,200,99954,100,100023,100,99953,100,100035,100,99951,100,100047,100,99941,100,100048,100,99920,100
2019-06-28 09:35:20.000000000,100005,367,99979,367,100006,262,99975,262,100009,262,99969,262,100014,200,99958,100,100019,100,99957,100,100022,200,99954,100,100023,100,99953,100,100035,100,99951,100,100047,100,99941,100,100048,100,99920,100
2019-06-28 09:35:26.905498029,100005,367,99979,367,100006,262,99975,262,100009,262,99969,262,100014,200,99958,100,100019,100,99957,100,100022,200,99954,100,100023,100,99953,100,100035,200,99951,100,100047,100,99941,100,100048,100,99920,100
2019-06-28 09:35:30.000000000,100005,445,99979,445,100006,345,99975,345,100009,100,99969,100,100014,200,99958,100,100019,100,99957,100,100022,200,99954,100,100023,100,99953,100,100035,200,99951,100,100047,100,99941,100,100048,100,99920,100
2019-06-28 09:35:39.405153066,100005,445,99979,445,100006,345,99975,245,100009,100,99969,100,100014,200,99958,100,100019,100,99957,100,100022,200,99954,100,100023,100,99953,100,100035,200,99951,100,100047,100,99941,100,100048,100,99920,100
2019-06-28 09:35:40.000000000,100005,445,99979,445,100006,345,99969,345,100009,100,99958,100,100014,200,99957,100,100019,100,99954,100,100022,200,99953,100,100023,100,99951,100,100035,200,99941,100,100047,100,99920,100,100048,100,99887,100
2019-06-28 09:35:43.773789665,100005,445,99979,345,100006,345,99969,345,100009,100,99958,100,100014,200,99957,100,100019,100,99954,100,100022,200,99953,100,100023,100,99951,100,100035,200,99941,100,100047,100,99920,100,100048,100,99887,100
2019-06-28 09:35:50.000000000,100005,322,99979,222,100006,222,99969,222,100009,222,99958,222,100014,322,99957,222,100019,100,99954,100,100022,200,99953,100,100023,100,99951,100,100035,200,99941,100,100047,100,99920,100,100048,100,99887,100
2019-06-28 09:35:54.550431083,100005,322,99979,222,100006,222,99969,222,100009,222,99958,222,100014,322,99957,222,100019,100,99953,100,100022,200,99951,100,100023,100,99941,100,100035,200,99920,100,100047,100,99887,100,100048,100,99886,100
2019-06-28 09:35:58.047313311,100005,322,99979,222,100006,222,99969,222,100009,222,99958,222,100014,322,99957,222,100019,100,99953,100,100022,200,99951,100,100023,100,99941,100,100035,200,99920,100,100047,100,99887,100,100048,100,99886,100
2019-06-28 09:36:00.000000000,100005,445,99979,345,100006,345,99969,345,100009,100,99958,100,100014,200,99957,100,100019,100,99953,100,100022,200,99951,100,100023,100,99941,100,100035,200,99920,100,100047,100,99887,100,100048,100,99886,100
2019-06-28 09:36:10.000000000,100005,322,99979,222,100006,222,99969,222,100009,222,99958,222,100014,322,99957,222,100019,100,99953,100,100022,200,99951,100,100023,100,99941,100,100035,200,99920,100,100047,100,99887,100,100048,100,99886,100
2019-06-28 09:36:20.000000000,100005,298,99979,198,100006,198,99969,198,100009,198,99958,198,100014,298,99957,198,100019,198,99953,198,100022,200,99951,100,100023,100,99941,100,100035,200,99920,100,100047,100,99887,100,100048,100,99886,100
2019-06-28 09:36:30.000000000,100005,322,99979,222,100006,222,99969,222,100009,222,99958,222,100014,322,99957,222,100019,100,99953,100,100022,200,99951,100,100023,100,99941,100,100035,200,99920,100,100047,100,99887,100,100048,100,99886,100
2019-06-28 09:36:36.186271073,100005,322,99979,222,100006,222,99969,222,100009,222,99958,222,100014,322,99957,222,100019,100,99953,100,100022,200,99951,100,100023,100,99941,100,100035,200,99920,100,100047,100,99887,100,100048,100,99886,100
2019-06-28 09:36:39.770950372,100005,322,99979,222,100006,222,99969,222,100009,222,99958,222,100014,322,99957,222,100019,100,99951,100,100022,200,99941,100,100023,100,99920,100,100035,200,99887,100,100047,100,99886,100,100048,100,99873,100
2019-06-28 09:36:40.000000000,100005,367,99979,267,100006,262,99969,262,100009,262,99958,262,100014,200,99957,100,100019,100,99951,100,100022,200,99941,100,100023,100,99920,100,100035,200,99887,100,100047,100,99886,100,100048,100,99873,100
2019-06-28 09:36:40.168588890,100005,367,99979,167,100006,262,99969,262,100009,262,99958,262,100014,200,99957,100,100019,100,99951,100,100022,200,99941,100,100023,100,99920,100,100035,200,99887,100,100047,100,99886,100,100048,100,99873,100
2019-06-28 09:36:50.000000000,100005,367,99969,267,100006,262,99958,262,100009,262,99957,262,100014,200,99951,100,100019,100,99941,100,100022,200,99920,100,100023,100,99887,100,100035,200,99886,100,100047,100,99873,100,100048,100,99848,200
2019-06-28 09:36:52.548485425,100005,367,99969,167,100006,262,99958,262,100009,262,99957,262,100014,200,99951,100,100019,100,99941,100,100022,200,99920,100,100023,100,99887,100,100035,200,99886,100,100047,100,99873,100,100048,100,99848,200
2019-06-28 09:37:00.000000000,100005,298,99958,198,100006,198,99957,198,100009,198,99951,198,100014,298,99941,198,100019,198,99920,198,100022,200,99887,100,100023,100,99886,100,100035,200,99873,100,100047,100,99848,200,100048,100,99716,100
2019-06-28 09:37:10.000000000,100005,322,99958,222,100006,222,99957,222,100009,222,99951,222,100014,322,99941,222,100019,100,99920,100,100022,200,99887,100,100023,100,99886,100,100035,200,99873,100,100047,100,99848,200,100048,100,99716,100
2019-06-28 09:37:19.898701750,100005,322,99958,222,100006,222,99957,122,100009,222,99951,222,100014,322,99941,222,100019,100,99920,100,100022,200,99887,100,100023,100,99886,100,100035,200,99873,100,100047,100,99848,200,100048,100,99716,100
2019-06-28 09:37:20.000000000,100005,367,99958,267,100006,262,99951,262,100009,262,99941,262,100014,200,99920,100,100019,100,99887,100,100022,200,99886,100,100023,100,99873,100,100035,200,99848,200,100047,100,99716,100,100048,100,99714,100
2019-06-28 09:37:20.069650893,100005,267,99958,267,100006,262,99951,262,100009,262,99941,262,100014,200,99920,100,100019,100,99887,100,100022,200,99886,100,100023,100,99873,100,100035,200,99848,200,100047,100,99716,100,100048,100,99714,100
2019-06-28 09:37:30.000000000,100005,267,99958,267,100006,262,99951,262,100009,262,99941,262,100014,200,99920,100,100019,100,99887,100,100022,200,99886,100,100023,100,99873,100,100035,200,99848,200,100047,100,99716,100,100048,100,99714,100
2019-06-28 09:37:34.234299744,99979,100,99958,267,100005,267,99951,262,100006,262,99941,262,100009,262,99920,100,100014,200,99887,100,100019,100,99886,100,100022,200,99873,100,100023,100,99848,200,100035,200,99716,100,100047,100,99714,100
2019-06-28 09:37:35.026867489,99979,100,99958,167,100005,267,99951,262,100006,262,99941,262,100009,262,99920,100,100014,200,99887,100,100019,100,99886,100,100022,200,99873,100,100023,100,99848,100,100035,200,99716,100,100047,100,99714,100
2019-06-28 09:37:40.000000000,99979,198,99951,198,100005,198,99941,198,100006,198,99920,198,100009,198,99887,198,100014,298,99886,198,100019,100,99873,100,100022,200,99848,100,100023,100,99716,100,100035,200,99714,100,100047,100,99712,100
2019-06-28 09:37:43.319411748,99979,198,99951,198,100005,198,99941,198,100006,98,99920,198,100009,198,99887,198,100014,298,99886,198,100019,100,99873,100,100022,200,99848,100,100023,100,99716,100,100035,200,99714,100,100047,100,99712,100
2019-06-28 09:37:50.000000000,99979,590,99951,590,100005,100,99941,100,100009,100,99920,100,100014,200,99887,100,100019,100,99886,100,100022,200,99873,100,100023,100,99848,100,100035,200,99716,100,100047,100,99714,100,100048,100,99712,100
2019-06-28 09:38:00.000000000,99979,198,99951,198,100005,198,99941,198,100009,198,99920,198,100014,298,99887,198,100019,198,99886,198,100022,200,99873,100,100023,100,99848,100,100035,200,99716,100,100047,100,99714,100,100048,100,99712,100
2019-06-28 09:38:10.000000000,99979,198,99951,198,100005,198,99941,198,100009,198,99920,198,100014,298,99887,198,100019,198,99886,198,100022,200,99873,100,100023,100,99848,100,100035,200,99716,100,100047,100,99714,100,100048,100,99712,100
2019-06-28 09:38:20.000000000,99979,267,99951,267,100005,262,99941,262,100009,262,99920,262,100014,200,99887,100,100019,100,99886,100,100022,200,99873,100,100023,100,99848,100,100035,200,99716,100,100047,100,99714,100,100048,100,99712,100
2019-06-28 09:38:30.000000000,99979,198,99951,198,100005,198,99941,198,100009,198,99920,198,100014,298,99887,198,100019,198,99886,198,100022,200,99873,100,100023,100,99848,100,100035,200,99716,100,100047,100,99714,100,100048,100,99712,100
2019-06-28 09:38:33.507106456,99969,100,99951,198,99979,198,99941,198,100005,98,99920,198,100009,198,99887,198,100014,298,99886,198,100019,198,99873,100,100022,200,99848,100,100023,100,99716,100,100035,200,99714,100,100047,100,99712,100
2019-06-28 09:38:35.756402890,99969,100,99951,198,99979,198,99941,198,100005,98,99920,198,100009,198,99887,198,100014,298,99886,198,100019,198,99873,100,100022,200,99848,100,100023,100,99716,100,100035,100,99714,100,100047,100,99712,100
2019-06-28 09:38:39.017805728,99969,100,99951,198,99979,198,99941,198,100005,98,99920,198,100009,198,99887,198,100014,298,99886,198,100019,198,99873,100,100022,200,99848,100,100023,100,99716,100,100035,100,99714,100,100047,100,99712,100
2019-06-28 09:38:40.000000000,99969,345,99951,345,99979,345,99941,345,100009,100,99920,100,100014,200,99887,100,100019,100,99886,100,100022,200,99873,100,100023,100,99848,100,100035,100,99716,100,100047,100,99714,100,100048,100,99712,100
2019-06-28 09:38:50.000000000,99969,590,99951,590,99979,100,99941,100,100009,100,99920,100,100014,200,99887,100,100019,100,99886,100,100022,200,99873,100,100023,100,99848,100,100035,100,99716,100,100047,100,99714,100,100048,100,99712,100
2019-06-28 09:38:51.502917144,99969,590,99951,590,99979,100,99941,100,100009,100,99920,100,100014,200,99887,100,100019,100,99886,100,100022,200,99873,100,100023,100,99848,100,100035,100,99714,100,100047,100,99712,100,100048,100,99640,100
2019-06-28 09:38:57.482596210,99969,590,99951,490,99979,100,99941,100,100009,100,99920,100,100014,200,99887,100,100019,100,99886,100,100022,200,99873,100,100023,100,99848,100,100035,100,99714,100,100047,100,99712,100,100048,100,99640,100
2019-06-28 09:38:57.658772473,99969,590,99951,390,99979,100,99941,100,100009,100,99920,100,100014,200,99887,100,100019,100,99886,100,100022,200,99873,100,100023,100,99848,100,100035,100,99714,100,100047,100,99712,100,100048,100,99640,100
2019-06-28 09:39:00.000000000,99969,198,99941,198,99979,198,99920,198,100009,198,99887,198,100014,298,99886,198,100019,198,99873,198,100022,200,99848,100,100023,100,99714,100,100035,100,99712,100,100047,100,99640,100,100048,100,99629,100
2019-06-28 09:39:10.000000000,99969,198,99941,198,99979,198,99920,198,100009,198,99887,198,100014,298,99886,198,100019,198,99873,198,100022,200,99848,100,100023,100,99714,100,100035,100,99712,100,100047,100,99640,100,100048,100,99629,100
2019-06-28 09:39:14.601112033,99969,198,99941,98,99979,198,99920,198,100009,198,99887,198,100014,298,99886,198,100019,198,99873,198,100022,200,99848,100,100023,100,99714,100,100035,100,99712,100,100047,100,99640,100,100048,100,99629,100
2019-06-28 09:39:20.000000000,99969,267,99920,267,99979,262,99887,262,100009,262,99886,262,100014,200,99873,100,100019,100,99848,100,100022,200,99714,100,100023,100,99712,100,100035,100,99640,100,100047,100,99629,100,100048,100,99571,100
2019-06-28 09:39:25.370391845,99969,267,99920,267,99979,262,99887,262,100009,262,99886,262,100014,200,99873,100,100019,100,99848,100,100022,200,99712,100,100023,100,99640,100,100035,100,99629,100,100047,100,99571,100,100048,100,99542,100
2019-06-28 09:39:25.686498251,99969,267,99920,267,99979,262,99887,262,100009,262,99886,262,100014,200,99873,100,100019,100,99848,100,100022,200,99712,100,100023,100,99640,100,100035,100,99629,100,100047,100,99571,100,100048,100,99542,100
2019-06-28 09:39:27.896292490,99969,267,99920,267,99979,262,99887,262,100009,262,99886,162,100014,200,99873,100,100019,100,99848,100,100022,200,99712,100,100023,100,99640,100,100035,100,99629,100,100047,100,99571,100,100048,100,99542,100
2019-06-28 09:39:29.333261576,99969,267,99920,167,99979,262,99887,262,100009,162,99886,162,100014,200,99873,100,100019,100,99848,100,100022,200,99712,100,100023,100,99640,100,100035,100,99629,100,100047,100,99571,100,100048,100,99542,100
2019-06-28 09:39:30.000000000,99969,198,99887,198,99979,198,99873,198,100014,298,99848,198,100019,198,99712,198,100022,298,99640,198,100023,100,99629,100,100035,100,99571,100,100047,100,99542,100,100048,100,99453,100,100059,100,99420,100
2019-06-28 09:39:40.000000000,99969,345,99887,345,99979,345,99873,345,100014,200,99848,100,100019,100,99712,100,100022,200,99640,100,100023,100,99629,100,100035,100,99571,100,100047,100,99542,100,100048,100,99453,100,100059,100,99420,100
2019-06-28 09:39:50.000000000,99969,590,99887,590,99979,100,99873,100,100014,200,99848,100,100019,100,99712,100,100022,200,99640,100,100023,100,99629,100,100035,100,99571,100,100047,100,99542,100,100048,100,99453,100,100059,100,99420,100
2019-06-28 09:40:00.000000000,99969,590,99887,590,99979,100,99873,100,100014,200,99848,100,100019,100,99712,100,100022,200,99640,100,100023,100,99629,100,100035,100,99571,100,100047,100,99542,100,100048,100,99453,100,100059,100,99420,100
2019-06-28 09:40:02.802045002,99969,590,99887,490,99979,100,99873,100,100014,200,99848,100,100019,100,99712,100,100022,200,99640,100,100023,100,99629,100,100035,100,99571,100,100047,100,99542,100,100048,100,99453,100,100059,100,99420,100
2019-06-28 09:40:04.152239245,99969,590,99887,390,99979,100,99873,100,100014,100,99848,100,100019,100,99712,100,100022,200,99640,100,100023,100,99629,100,100035,100,99571,100,100047,100,99542,100,100048,100,99453,100,100059,100,99420,100
2019-06-28 09:40:10.000000000,99969,267,99873,267,99979,262,99848,262,100014,262,99712,262,100019,100,99640,100,100022,200,99629,100,100023,100,99571,100,100035,100,99542,100,100047,100,99453,100,100048,100,99420,100,100059,100,99368,100
2019-06-28 09:40:14.810239245,99969,267,99873,267,99979,262,99848,262,100014,262,99712,262,100019,100,99640,100,100022,200,99629,100,100023,100,99571,100,100035,100,99542,100,100047,100,99453,100,100048,100,99420,100,100059,100,99368,100
2019-06-28 09:40:16.296731903,99969,267,99873,267,99979,262,99848,262,100014,262,99712,262,100019,100,99640,100,100022,200,99629,100,100023,100,99571,100,100035,100,99542,100,100047,100,99453,100,100048,100,99420,100,100059,100,99368,100
2019-06-28 09:40:20.000000000,99969,222,99873,222,99979,222,99848,222,100014,222,99712,222,100019,222,99640,222,100022,200,99629,100,100023,100,99571,100,100035,100,99542,100,100047,100,99453,100,100048,100,99420,100,100059,100,99368,100
2019-06-28 09:40:20.025616799,99969,222,99873,122,99979,222,99848,222,100014,222,99712,222,100019,222,99640,222,100022,200,99629,100,100023,100,99571,100,100035,100,99542,100,100047,100,99453,100,100048,100,99420,100,100059,100,99368,100
2019-06-28 09:40:28.545242869,99969,222,99873,22,99979,222,99848,222,100014,222,99712,222,100019,222,99640,222,100022,200,99629,100,100023,100,99571,100,100035,100,99542,100,100047,100,99453,100,100048,100,99420,100,100059,100,99368,100
2019-06-28 09:40:30.000000000,99969,345,99848,345,99979,345,99712,345,100014,100,99640,100,100019,100,99629,100,100022,200,99571,100,100023,100,99542,100,100035,100,99453,100,100047,100,99420,100,100048,100,99368,100,100059,100,99320,100
2019-06-28 09:40:40.000000000,99969,222,99848,222,99979,222,99712,222,100014,222,99640,222,100019,222,99629,222,100022,200,99571,100,100023,100,99542,100,100035,100,99453,100,100047,100,99420,100,100048,100,99368,100,100059,100,99320,100
2019-06-28 09:40:50.000000000,99969,198,99848,198,99979,198,99712,198,100014,198,99640,198,100019,198,99629,198,100022,298,99571,198,100023,100,99542,100,100035,100,99453,100,100047,100,99420,100,100048,100,99368,100,100059,100,99320,100
2019-06-28 09:41:00.000000000,99969,267,99848,267,99979,262,99712,262,100014,262,99640,262,100019,100,99629,100,100022,200,99571,100,100023,100,99542,100,100035,100,99453,100,100047,100,99420,100,100048,100,99368,100,100059,100,99320,100
2019-06-28 09:41:06.227400529,99969,267,99848,267,99979,262,99712,262,100014,262,99640,262,100019,100,99629,100,100022,200,99542,100,100023,100,99453,100,100035,100,99420,100,100047,100,99368,100,100048,100,99320,100,100059,100,99231,100
2019-06-28 09:41:07.161131367,99873,100,99848,267,99969,167,99712,262,99979,262,99640,262,100014,262,99629,100,100019,100,99542,100,100022,200,99453,100,100023,100,99420,100,100035,100,99368,100,100047,100,99320,100,100048,100,99231,100
2019-06-28 09:41:10.000000000,99873,222,99848,222,99979,222,99712,222,100014,222,99640,222,100019,222,99629,222,100022,200,99542,100,100023,100,99453,100,100035,100,99420,100,100047,100,99368,100,100048,100,99320,100,100059,100,99231,100
2019-06-28 09:41:20.000000000,99873,267,99848,267,99979,262,99712,262,100014,262,99640,262,100019,100,99629,100,100022,200,99542,100,100023,100,99453,100,100035,100,99420,100,100047,100,99368,100,100048,100,99320,100,100059,100,99231,100
2019-06-28 09:41:30.000000000,99873,222,99848,222,99979,222,99712,222,100014,222,99640,222,100019,222,99629,222,100022,200,99542,100,100023,100,99453,100,100035,100,99420,100,100047,100,99368,100,100048,100,99320,100,100059,100,99231,100
2019-06-28 09:41:32.761102538,99873,322,99848,222,99979,222,99712,222,100014,222,99640,222,100019,222,99629,222,100022,200,99542,100,100023,100,99453,100,100035,100,99420,100,100047,100,99368,100,100048,100,99320,100,100059,100,99231,100
2019-06-28 09:41:35.099786265,99873,322,99848,122,99979,222,99712,222,100014,222,99640,222,100019,222,99629,222,100022,200,99542,100,100023,100,99453,100,100035,100,99420,100,100047,100,99368,100,100048,100,99320,100,100059,100,99231,100
2019-06-28 09:41:40.000000000,99873,298,99712,198,99979,198,99640,198,100014,198,99629,198,100019,198,99542,198,100022,298,99453,198,100023,100,99420,100,100035,100,99368,100,100047,100,99320,100,100048,100,99231,100,100059,100,99229,100
2019-06-28 09:41:43.939873575,99872,100,99712,198,99873,298,99640,198,99979,198,99629,198,100014,198,99542,198,100019,198,99453,198,100022,298,99420,100,100023,100,99368,100,100035,100,99320,100,100047,100,99231,100,100048,100,99229,100
2019-06-28 09:41:48.897273943,99872,100,99712,198,99873,298,99640,198,99979,198,99629,198,100014,198,99542,198,100019,198,99453,198,100022,298,99420,100,100023,100,99368,100,100035,100,99320,100,100047,100,99300,100,100048,100,99231,100
2019-06-28 09:41:50.000000000,99872,267,99712,267,99873,362,99640,262,99979,262,99629,262,100014,100,99542,100,100019,100,99453,100,100022,200,99420,100,100023,100,99368,100,100035,100,99320,100,100047,100,99300,100,100048,100,99231,100
2019-06-28 09:42:00.000000000,99872,590,99712,590,99873,200,99640,100,99979,100,99629,100,100014,100,99542,100,100019,100,99453,100,100022,200,99420,100,100023,100,99368,100,100035,100,99320,100,100047,100,99300,100,100048,100,99231,100
2019-06-28 09:42:06.766307469,99872,590,99712,590,99873,200,99640,100,99979,100,99629,100,100014,100,99542,100,100019,100,99453,100,100022,200,99420,100,100023,100,99368,100,100035,100,99320,100,100047,100,99300,100,100048,100,99292,100
2019-06-28 09:42:10.000000000,99872,590,99712,590,99873,200,99640,100,99979,100,99629,100,100014,100,99542,100,100019,100,99453,100,100022,200,99420,100,100023,100,99368,100,100035,100,99320,100,100047,100,99300,100,100048,100,99292,100
2019-06-28 09:42:19.566325003,99872,590,99712,490,99873,200,99640,100,99979,100,99629,100,100014,100,99542,100,100019,100,99453,100,100022,200,99368,100,100023,100,99320,100,100035,100,99300,100,100047,100,99292,100,100048,100,99231,100
2019-06-28 09:42:20.000000000,99872,222,99640,222,99873,322,99629,222,99979,222,99542,222,100014,222,99453,222,100019,100,99368,100,100022,200,99320,100,100023,100,99300,100,100035,100,99292,100,100047,100,99231,100,100048,100,99229,100
2019-06-28 09:42:21.731645626,99872,222,99640,222,99873,322,99629,222,99979,222,99542,222,100014,222,99453,222,100019,100,99445,100,100022,200,99368,100,100023,100,99320,100,100035,100,99300,100,100047,100,99292,100,100048,100,99231,100
2019-06-28 09:42:29.248122302,99872,222,99640,22,99873,322,99629,222,99979,222,99542,222,100014,222,99453,222,100019,100,99445,100,100022,200,99368,100,100023,100,99320,100,100035,100,99300,100,100047,100,99292,100,100048,100,99231,100
2019-06-28 09:42:30.000000000,99872,222,99629,222,99873,322,99542,222,99979,222,99453,222,100014,222,99445,222,100019,100,99368,100,100022,200,99320,100,100023,100,99300,100,100035,100,99292,100,100047,100,99231,100,100048,100,99229,100
2019-06-28 09:42:33.282924127,99872,222,99629,222,99873,322,99542,222,99979,222,99453,222,100014,222,99445,222,100019,100,99368,100,100022,200,99348,100,100023,100,99320,100,100035,100,99300,100,100047,100,99292,100,100048,100,99231,100
2019-06-28 09:42:40.000000000,99872,198,99629,198,99873,298,99542,198,99979,198,99453,198,100014,198,99445,198,100019,198,99368,198,100022,200,99348,100,100023,100,99320,100,100035,100,99300,100,100047,100,99292,100,100048,100,99231,100
2019-06-28 09:42:44.920202446,99872,198,99629,198,99873,298,99542,198,99979,198,99529,100,100014,198,99453,198,100019,198,99445,198,100022,200,99368,198,100023,100,99348,100,100035,100,99320,100,100047,100,99300,100,100048,100,99292,100
2019-06-28 09:42:50.000000000,99872,198,99629,198,99873,298,99542,198,99979,198,99529,198,100014,198,99453,198,100019,198,99445,198,100022,200,99368,100,100023,100,99348,100,100035,100,99320,100,100047,100,99300,100,100048,100,99292,100
2019-06-28 09:43:00.000000000,99872,345,99629,345,99873,445,99542,345,99979,100,99529,100,100014,100,99453,100,100019,100,99445,100,100022,200,99368,100,100023,100,99348,100,100035,100,99320,100,100047,100,99300,100,100048,100,99292,100
2019-06-28 09:43:10.000000000,99872,345,99629,345,99873,445,99542,345,99979,100,99529,100,100014,100,99453,100,100019,100,99445,100,100022,200,99368,100,100023,100,99348,100,100035,100,99320,100,100047,100,99300,100,100048,100,99292,100
2019-06-28 09:43:20.000000000,99872,345,99629,345,99873,445,99542,345,99979,100,99529,100,100014,100,99453,100,100019,100,99445,100,100022,200,99368,100,100023,100,99348,100,100035,100,99320,100,100047,100,99300,100,100048,100,99292,100
2019-06-28 09:43:30.000000000,99872,222,99629,222,99873,322,99542,222,99979,222,99529,222,100014,222,99453,222,100019,100,99445,100,100022,200,99368,100,100023,100,99348,100,100035,100,99320,100,100047,100,99300,100,100048,100,99292,100
2019-06-28 09:43:40.000000000,99872,198,99629,198,99873,298,99542,198,99979,198,99529,198,100014,198,99453,198,100019,198,99445,198,100022,200,99368,100,100023,100,99348,100,100035,100,99320,100,100047,100,99300,100,100048,100,99292,100
2019-06-28 09:43:50.000000000,99872,222,99629,222,99873,322,99542,222,99979,222,99529,222,100014,222,99453,222,100019,100,99445,100,100022,200,99368,100,100023,100,99348,100,100035,100,99320,100,100047,100,99300,100,100048,100,99292,100
2019-06-28 09:44:00.000000000,99872,345,99629,345,99873,445,99542,345,99979,100,99529,100,100014,100,99453,100,100019,100,99445,100,100022,200,99368,100,100023,100,99348,100,100035,100,99320,100,100047,100,99300,100,100048,100,99292,100
2019-06-28 09:44:02.993608281,99872,345,99629,345,99873,445,99542,345,99979,100,99529,100,100014,100,99453,100,100019,100,99445,100,100022,200,99368,100,100023,100,99348,100,100035,100,99320,100,100047,100,99300,100,100048,100,99292,100
2019-06-28 09:44:09.840094095,99872,345,99713,100,99873,445,99629,345,99979,100,99542,345,100014,100,99529,100,100019,100,99453,100,100022,200,99445,100,100023,100,99368,100,100035,100,99348,100,100047,100,99320,100,100048,100,99300,100
2019-06-28 09:44:10.000000000,99872,267,99713,267,99873,362,99629,262,99979,262,99542,262,100014,100,99529,100,100019,100,99453,100,100022,200,99445,100,100023,100,99368,100,100035,100,99348,100,100047,100,99320,100,100048,100,99300,100
2019-06-28 09:44:17.665424556,99872,267,99713,267,99873,362,99629,262,99979,262,99542,262,100014,100,99529,100,100019,100,99453,100,100022,200,99445,100,100023,100,99368,100,100035,100,99348,100,100047,100,99320,100,100048,100,99300,100
2019-06-28 09:44:20.000000000,99872,222,99713,222,99873,322,99629,222,99979,222,99542,222,100014,222,99529,222,100019,100,99453,100,100022,200,99445,100,100023,100,99368,100,100035,100,99348,100,100047,100,99320,100,100048,100,99300,100
2019-06-28 09:44:22.947487270,99872,122,99713,222,99873,322,99629,222,99979,222,99542,222,100014,222,99529,222,100019,100,99453,100,100022,200,99445,100,100023,100,99368,100,100035,100,99348,100,100047,100,99320,100,100048,100,99300,100
2019-06-28 09:44:26.542187352,99872,122,99714,100,99873,322,99713,222,99979,222,99629,222,100014,222,99542,222,100019,100,99529,222,100022,200,99453,100,100023,100,99445,100,100035,100,99368,100,100047,100,99348,100,100048,100,99320,100
2019-06-28 09:44:30.000000000,99873,690,99714,590,99979,100,99713,100,100014,100,99629,100,100019,100,99542,100,100022,200,99529,100,100023,100,99453,100,100035,100,99445,100,100047,100,99368,100,100048,100,99348,100,100059,100,99320,100
2019-06-28 09:44:34.037205521,99873,590,99714,590,99979,100,99713,100,100014,100,99629,100,100022,200,99542,100,100023,100,99529,100,100035,100,99453,100,100047,100,99445,100,100048,100,99368,100,100059,100,99348,100,100068,100,99320,100
2019-06-28 09:44:40.000000000,99873,222,99714,222,99979,222,99713,222,100014,222,99629,222,100022,322,99542,222,100023,100,99529,100,100035,100,99453,100,100047,100,99445,100,100048,100,99368,100,100059,100,99348,100,100068,100,99320,100
2019-06-28 09:44:50.000000000,99873,198,99714,198,99979,198,99713,198,100014,198,99629,198,100022,298,99542,198,100023,198,99529,198,100035,100,99453,100,100047,100,99445,100,100048,100,99368,100,100059,100,99348,100,100068,100,99320,100
2019-06-28 09:45:00.000000000,99873,198,99714,198,99979,198,99713,198,100014,198,99629,198,100022,298,99542,198,100023,198,99529,198,100035,100,99453,100,100047,100,99445,100,100048,100,99368,100,100059,100,99348,100,100068,100,99320,100
2019-06-28 09:45:01.027998367,99873,298,99714,198,99979,198,99713,198,100014,198,99629,198,100022,298,99542,198,100023,198,99529,198,100035,100,99453,100,100047,100,99445,100,100048,100,99368,100,100059,100,99348,100,100068,100,99320,100
2019-06-28 09:45:01.077546162,99873,298,99714,198,99979,198,99713,198,100014,198,99636,100,100022,298,99629,198,100023,198,99542,198,100035,100,99529,198,100047,100,99453,100,100048,100,99445,100,100059,100,99368,100,100068,100,99348,100
2019-06-28 09:45:10.000000000,99873,445,99714,345,99979,345,99713,345,100014,100,99636,100,100022,200,99629,100,100023,100,99542,100,100035,100,99529,100,100047,100,99453,100,100048,100,99445,100,100059,100,99368,100,100068,100,99348,100
2019-06-28 09:45:16.747836031,99873,445,99714,245,99979,345,99713,345,100014,100,99636,100,100022,200,99629,100,100023,100,99542,100,100035,100,99529,100,100047,100,99453,100,100048,100,99445,100,100059,100,99368,100,100068,100,99348,100
2019-06-28 09:45:20.000000000,99873,367,99713,267,99979,262,99636,262,100014,262,99629,262,100022,200,99542,100,100023,100,99529,100,100035,100,99453,100,100047,100,99445,100,100048,100,99368,100,100059,100,99348,100,100068,100,99320,100
2019-06-28 09:45:30.000000000,99873,690,99713,590,99979,100,99636,100,100014,100,99629,100,100022,200,99542,100,100023,100,99529,100,100035,100,99453,100,100047,100,99445,100,100048,100,99368,100,100059,100,99348,100,100068,100,99320,100
2019-06-28 09:45:34.162690994,99873,690,99713,590,99979,100,99636,100,100014,100,99629,100,100022,200,99542,100,100023,100,99529,100,100035,100,99471,100,100047,100,99453,100,100048,100,99445,100,100059,100,99368,100,100068,100,99348,100
2019-06-28 09:45:40.000000000,99873,445,99713,345,99979,345,99636,345,100014,100,99629,100,100022,200,99542,100,100023,100,99529,100,100035,100,99471,100,100047,100,99453,100,100048,100,99445,100,100059,100,99368,100,100068,100,99348,100
2019-06-28 09:45:43.054633733,99873,445,99713,345,99979,345,99636,345,100014,100,99629,100,100022,200,99598,100,100023,100,99542,100,100035,100,99529,100,100047,100,99471,100,100048,100,99453,100,100059,100,99445,100,100068,100,99368,100
2019-06-28 09:45:47.813915907,99788,100,99713,345,99873,445,99636,345,99979,345,99629,100,100014,100,99598,100,100022,200,99542,100,100023,100,99529,100,100035,100,99471,100,100047,100,99453,100,100048,100,99445,100,100059,100,99368,100
2019-06-28 09:45:50.000000000,99788,590,99713,590,99873,200,99636,100,99979,100,99629,100,100014,100,99598,100,100022,200,99542,100,100023,100,99529,100,100035,100,99471,100,100047,100,99453,100,100048,100,99445,100,100059,100,99368,100
2019-06-28 09:45:55.365005481,99788,590,99713,590,99873,200,99629,100,99979,100,99598,100,100011,100,99542,100,100014,100,99529,100,100022,200,99471,100,100023,100,99453,100,100035,100,99445,100,100047,100,99368,100,100048,100,99320,100
2019-06-28 09:46:00.000000000,99788,590,99713,590,99873,200,99629,100,99979,100,99598,100,100011,100,99542,100,100014,100,99529,100,100022,200,99471,100,100023,100,99453,100,100035,100,99445,100,100047,100,99368,100,100048,100,99320,100
2019-06-28 09:46:05.388817026,99788,590,99713,590,99872,100,99629,100,99873,200,99598,100,100011,100,99542,100,100014,100,99529,100,100022,200,99471,100,100023,100,99453,100,100035,100,99445,100,100047,100,99368,100,100048,100,99320,100
2019-06-28 09:46:10.000000000,99788,222,99713,222,99872,222,99629,222,99873,322,99598,222,100011,222,99542,222,100014,100,99529,100,100022,200,99471,100,100023,100,99453,100,100035,100,99445,100,100047,100,99368,100,100048,100,99320,100
2019-06-28 09:46:18.466884948,99788,222,99713,222,99872,222,99629,222,99873,322,99598,222,100011,222,99555,100,100022,200,99542,222,100023,100,99529,100,100035,100,99471,100,100047,100,99453,100,100048,100,99445,100,100059,100,99368,100
2019-06-28 09:46:20.000000000,99788,345,99713,345,99872,345,99629,345,99873,200,99598,100,100011,100,99555,100,100022,200,99542,100,100023,100,99529,100,100035,100,99471,100,100047,100,99453,100,100048,100,99445,100,100059,100,99368,100
2019-06-28 09:46:28.919550616,99788,345,99713,345,99807,100,99629,345,99872,345,99598,100,99873,200,99555,100,100011,100,99542,100,100022,200,99529,100,100023,100,99471,100,100035,100,99453,100,100047,100,99445,100,100048,100,99368,100
2019-06-28 09:46:30.000000000,99788,345,99713,345,99807,345,99629,345,99872,100,99598,100,99873,200,99555,100,100011,100,99542,100,100022,200,99529,100,100023,100,99471,100,100035,100,99453,100,100047,100,99445,100,100048,100,99368,100
2019-06-28 09:46:36.318559555,99788,345,99713,345,99807,345,99684,100,99872,100,99629,345,99873,200,99598,100,100011,100,99555,100,100022,200,99542,100,100023,100,99529,100,100035,100,99471,100,100047,100,99453,100,100048,100,99445,100
2019-06-28 09:46:40.000000000,99788,590,99713,590,99807,100,99684,100,99872,100,99629,100,99873,200,99598,100,100011,100,99555,100,100022,200,99542,100,100023,100,99529,100,100035,100,99471,100,100047,100,99453,100,100048,100,99445,100
2019-06-28 09:46:50.000000000,99788,222,99713,222,99807,222,99684,222,99872,222,99629,222,99873,322,99598,222,100011,100,99555,100,100022,200,99542,100,100023,100,99529,100,100035,100,99471,100,100047,100,99453,100,100048,100,99445,100
2019-06-28 09:47:00.000000000,99788,198,99713,198,99807,198,99684,198,99872,198,99629,198,99873,298,99598,198,100011,198,99555,198,100022,200,99542,100,100023,100,99529,100,100035,100,99471,100,100047,100,99453,100,100048,100,99445,100
2019-06-28 09:47:00.617283333,99788,198,99713,198,99807,198,99684,198,99872,198,99629,198,99873,298,99598,198,100011,198,99555,198,100022,200,99542,100,100023,100,99529,100,100035,100,99471,100,100047,100,99453,100,100048,100,99445,100
2019-06-28 09:47:10.000000000,99788,198,99713,198,99807,198,99684,198,99872,198,99629,198,99873,298,99598,198,100011,198,99555,198,100022,200,99542,100,100023,100,99529,100,100035,100,99471,100,100047,100,99453,100,100048,100,99445,100
2019-06-28 09:47:20.000000000,99788,345,99713,345,99807,345,99684,345,99872,100,99629,100,99873,200,99598,100,100011,100,99555,100,100022,200,99542,100,100023,100,99529,100,100035,100,99471,100,100047,100,99453,100,100048,100,99445,100
2019-06-28 09:47:25.830554999,99788,345,99713,345,99807,345,99684,345,99830,100,99629,100,99872,100,99598,100,99873,200,99555,100,100011,100,99542,100,100022,200,99529,100,100023,100,99471,100,100035,100,99453,100,100047,100,99445,100
2019-06-28 09:47:30.000000000,99788,345,99713,345,99807,345,99684,345,99830,100,99629,100,99872,100,99598,100,99873,200,99555,100,100011,100,99542,100,100022,200,99529,100,100023,100,99471,100,100035,100,99453,100,100047,100,99445,100
2019-06-28 09:47:40.000000000,99788,590,99713,590,99807,100,99684,100,99830,100,99629,100,99872,100,99598,100,99873,200,99555,100,100011,100,99542,100,100022,200,99529,100,100023,100,99471,100,100035,100,99453,100,100047,100,99445,100
2019-06-28 09:47:50.000000000,99788,345,99713,345,99807,345,99684,345,99830,100,99629,100,99872,100,99598,100,99873,200,99555,100,100011,100,99542,100,100022,200,99529,100,100023,100,99471,100,100035,100,99453,100,100047,100,99445,100
2019-06-28 09:47:51.102917391,99788,345,99713,245,99807,345,99684,345,99830,100,99629,100,99872,100,99598,100,99873,200,99555,100,100011,100,99542,100,100022,100,99529,100,100023,100,99471,100,100035,100,99453,100,100047,100,99445,100
2019-06-28 09:48:00.000000000,99788,590,99684,590,99807,100,99629,100,99830,100,99598,100,99872,100,99555,100,99873,200,99542,100,100011,100,99529,100,100022,100,99471,100,100023,100,99453,100,100035,100,99445,100,100047,100,99368,100
2019-06-28 09:48:01.486176759,99788,590,99684,590,99807,100,99629,100,99830,100,99598,100,99872,100,99555,100,99873,200,99542,100,100011,100,99529,100,100022,100,99471,100,100023,100,99453,100,100035,100,99445,100,100047,100,99368,100
2019-06-28 09:48:07.155032969,99788,590,99684,490,99807,100,99629,100,99830,100,99598,100,99872,100,99555,100,99873,200,99542,100,100011,100,99529,100,100022,100,99471,100,100023,100,99453,100,100035,100,99445,100,100047,100,99368,100
2019-06-28 09:48:10.000000000,99788,198,99629,198,99807,198,99598,198,99830,198,99555,198,99872,198,99542,198,99873,298,99529,198,100011,100,99471,100,100022,100,99453,100,100023,100,99445,100,100035,100,99368,100,100047,100,99356,100
2019-06-28 09:48:20.000000000,99788,590,99629,590,99807,100,99598,100,99830,100,99555,100,99872,100,99542,100,99873,200,99529,100,100011,100,99471,100,100022,100,99453,100,100023,100,99445,100,100035,100,99368,100,100047,100,99356,100
2019-06-28 09:48:30.000000000,99788,267,99629,267,99807,262,99598,262,99830,262,99555,262,99872,100,99542,100,99873,200,99529,100,100011,100,99471,100,100022,100,99453,100,100023,100,99445,100,100035,100,99368,100,100047,100,99356,100
2019-06-28 09:48:40.000000000,99788,590,99629,590,99807,100,99598,100,99830,100,99555,100,99872,100,99542,100,99873,200,99529,100,100011,100,99471,100,100022,100,99453,100,100023,100,99445,100,100035,100,99368,100,100047,100,99356,100
2019-06-28 09:48:45.690989110,99788,590,99629,590,99807,100,99598,100,99872,100,99555,100,99873,200,99542,100,100011,100,99529,100,100022,100,99471,100,100023,100,99453,100,100035,100,99445,100,100047,100,99368,100,100048,100,99356,100
2019-06-28 09:48:50.000000000,99788,198,99629,198,99807,198,99598,198,99872,198,99555,198,99873,298,99542,198,100011,198,99529,198,100022,100,99471,100,100023,100,99453,100,100035,100,99445,100,100047,100,99368,100,100048,100,99356,100
2019-06-28 09:48:53.778797527,99788,198,99629,98,99807,198,99598,198,99872,198,99555,198,99873,298,99542,198,100011,198,99529,198,100022,100,99471,100,100023,100,99453,100,100035,100,99445,100,100047,100,99368,100,100048,100,99356,100
2019-06-28 09:48:56.332955493,99788,198,99629,98,99807,198,99598,198,99872,198,99555,198,99873,298,99542,198,100011,198,99529,198,100022,100,99471,100,100023,100,99453,100,100035,100,99445,100,100047,100,99368,100,100048,100,99356,100
2019-06-28 09:49:00.000000000,99788,198,99598,198,99807,198,99555,198,99872,198,99542,198,99873,298,99529,198,100011,198,99471,198,100022,100,99453,100,100023,100,99445,100,100035,100,99368,100,100047,100,99356,100,100048,100,99333,100
2019-06-28 09:49:10.000000000,99788,222,99598,222,99807,222,99555,222,99872,222,99542,222,99873,322,99529,222,100011,100,99471,100,100022,100,99453,100,100023,100,99445,100,100035,100,99368,100,100047,100,99356,100,100048,100,99333,100
2019-06-28 09:49:20.000000000,99788,590,99598,590,99807,100,99555,100,99872,100,99542,100,99873,200,99529,100,100011,100,99471,100,100022,100,99453,100,100023,100,99445,100,100035,100,99368,100,100047,100,99356,100,100048,100,99333,100
2019-06-28 09:49:30.000000000,99788,222,99598,222,99807,222,99555,222,99872,222,99542,222,99873,322,99529,222,100011,100,99471,100,100022,100,99453,100,100023,100,99445,100,100035,100,99368,100,100047,100,99356,100,100048,100,99333,100
2019-06-28 09:49:40.000000000,99788,267,99598,267,99807,262,99555,262,99872,262,99542,262,99873,200,99529,100,100011,100,99471,100,100022,100,99453,100,100023,100,99445,100,100035,100,99368,100,100047,100,99356,100,100048,100,99333,100
2019-06-28 09:49:41.156466706,99739,100,99598,267,99788,267,99555,262,99807,262,99542,262,99872,262,99471,100,99873,200,99453,100,100011,100,99445,100,100022,100,99368,100,100023,100,99356,100,100035,100,99333,100,100047,100,99320,100
2019-06-28 09:49:50.000000000,99739,198,99598,198,99788,198,99555,198,99807,198,99542,198,99872,198,99471,198,99873,298,99453,198,100011,100,99445,100,100022,100,99368,100,100023,100,99356,100,100035,100,99333,100,100047,100,99320,100
2019-06-28 09:49:54.020821066,99598,2,99555,198,99739,198,99542,198,99788,198,99471,198,99807,198,99453,198,99872,198,99445,100,99873,298,99368,100,100011,100,99356,100,100022,100,99333,100,100023,100,99320,100,100035,100,99300,100
2019-06-28 09:49:54.290406817,99598,2,99555,198,99629,100,99542,198,99739,198,99471,198,99788,198,99453,198,99807,198,99445,100,99872,198,99368,100,99873,198,99356,100,100011,100,99333,100,100022,100,99320,100,100023,100,99300,100
2019-06-28 09:50:00.000000000,99598,169,99555,267,99629,262,99542,262,99739,262,99471,262,99788,100,99453,100,99807,100,99445,100,99872,100,99368,100,99873,100,99356,100,100011,100,99333,100,100022,100,99320,100,100023,100,99300,100
2019-06-28 09:50:10.000000000,99598,247,99555,345,99629,345,99542,345,99739,100,99471,100,99788,100,99453,100,99807,100,99445,100,99872,100,99368,100,99873,100,99356,100,100011,100,99333,100,100022,100,99320,100,100023,100,99300,100
2019-06-28 09:50:20.000000000,99598,100,99555,198,99629,198,99542,198,99739,198,99471,198,99788,198,99453,198,99807,198,99445,198,99872,100,99368,100,99873,100,99356,100,100011,100,99333,100,100022,100,99320,100,100023,100,99300,100
2019-06-28 09:50:21.174907982,99598,100,99555,198,99629,198,99542,198,99739,198,99471,198,99788,198,99453,198,99807,198,99445,198,99872,100,99368,100,99873,100,99356,100,100011,100,99333,100,100022,100,99320,100,100023,100,99300,100
2019-06-28 09:50:30.000000000,99598,492,99555,590,99629,100,99542,100,99739,100,99471,100,99788,100,99453,100,99807,100,99445,100,99872,100,99368,100,99873,100,99356,100,100011,100,99333,100,100022,100,99320,100,100023,100,99300,100
2019-06-28 09:50:30.709818107,99598,492,99555,490,99629,100,99542,100,99739,100,99471,100,99788,100,99453,100,99807,100,99445,100,99872,100,99368,100,99873,100,99356,100,100011,100,99333,100,100022,100,99320,100,100023,100,99300,100
2019-06-28 09:50:40.000000000,99598,247,99542,345,99629,345,99471,345,99739,100,99453,100,99788,100,99445,100,99807,100,99368,100,99872,100,99356,100,99873,100,99333,100,100011,100,99320,100,100022,100,99300,100,100023,100,99288,100
2019-06-28 09:50:50.000000000,99598,247,99542,345,99629,345,99471,345,99739,100,99453,100,99788,100,99445,100,99807,100,99368,100,99872,100,99356,100,99873,100,99333,100,100011,100,99320,100,100022,100,99300,100,100023,100,99288,100
2019-06-28 09:50:54.052165028,99598,247,99542,245,99629,345,99471,345,99739,100,99453,100,99788,100,99445,100,99807,100,99368,100,99872,100,99356,100,99873,100,99333,100,100011,100,99320,100,100022,100,99300,100,100023,100,99288,100
2019-06-28 09:50:56.031412627,99598,247,99542,245,99629,345,99471,345,99739,100,99453,100,99788,100,99445,100,99807,100,99368,100,99872,100,99356,100,99873,100,99333,100,100011,100,99320,100,100022,100,99300,100,100023,100,99288,100
2019-06-28 09:51:00.000000000,99598,247,99471,345,99629,345,99453,345,99739,100,99445,100,99788,100,99368,100,99807,100,99356,100,99872,100,99333,100,99873,100,99320,100,100011,100,99300,100,100022,100,99288,100,100023,100,99246,100
2019-06-28 09:51:00.485909615,99598,247,99471,345,99629,345,99453,345,99739,100,99445,100,99788,100,99368,100,99807,100,99356,100,99872,100,99333,100,99873,100,99320,100,100011,100,99300,100,100022,100,99288,100,100023,100,99258,100
2019-06-28 09:51:10.000000000,99598,100,99471,198,99629,198,99453,198,99739,198,99445,198,99788,198,99368,198,99807,198,99356,198,99872,100,99333,100,99873,100,99320,100,100011,100,99300,100,100022,100,99288,100,100023,100,99258,100
2019-06-28 09:51:20.000000000,99598,492,99471,590,99629,100,99453,100,99739,100,99445,100,99788,100,99368,100,99807,100,99356,100,99872,100,99333,100,99873,100,99320,100,100011,100,99300,100,100022,100,99288,100,100023,100,99258,100
2019-06-28 09:51:30.000000000,99598,169,99471,267,99629,262,99453,262,99739,262,99445,262,99788,100,99368,100,99807,100,99356,100,99872,100,99333,100,99873,100,99320,100,100011,100,99300,100,100022,100,99288,100,100023,100,99258,100
2019-06-28 09:51:40.000000000,99598,169,99471,267,99629,262,99453,262,99739,262,99445,262,99788,100,99368,100,99807,100,99356,100,99872,100,99333,100,99873,100,99320,100,100011,100,99300,100,100022,100,99288,100,100023,100,99258,100
2019-06-28 09:51:40.599699445,99555,100,99471,267,99598,169,99453,262,99629,262,99445,262,99739,262,99368,100,99788,100,99356,100,99807,100,99333,100,99872,100,99320,100,99873,100,99300,100,100011,100,99288,100,100022,100,99258,100
2019-06-28 09:51:50.000000000,99555,590,99471,590,99598,2,99453,100,99629,100,99445,100,99739,100,99368,100,99788,100,99356,100,99807,100,99333,100,99872,100,99320,100,99873,100,99300,100,100011,100,99288,100,100022,100,99258,100
2019-06-28 09:52:00.000000000,99555,222,99471,222,99598,124,99453,222,99629,222,99445,222,99739,222,99368,222,99788,100,99356,100,99807,100,99333,100,99872,100,99320,100,99873,100,99300,100,100011,100,99288,100,100022,100,99258,100
2019-06-28 09:52:05.915120288,99555,122,99471,222,99598,124,99453,222,99629,222,99445,222,99739,222,99368,222,99788,100,99356,100,99807,100,99333,100,99872,100,99320,100,99873,100,99300,100,100011,100,99288,100,100022,100,99258,100
2019-06-28 09:52:10.000000000,99598,100,99471,198,99629,198,99453,198,99739,198,99445,198,99788,198,99368,198,99807,198,99356,198,99872,100,99333,100,99873,100,99320,100,100011,100,99300,100,100022,100,99288,100,100023,100,99258,100
2019-06-28 09:52:20.000000000,99598,169,99471,267,99629,262,99453,262,99739,262,99445,262,99788,100,99368,100,99807,100,99356,100,99872,100,99333,100,99873,100,99320,100,100011,100,99300,100,100022,100,99288,100,100023,100,99258,100
2019-06-28 09:52:23.173011840,99598,69,99471,267,99629,262,99453,262,99739,262,99445,262,99788,100,99368,100,99807,100,99356,100,99872,100,99333,100,99873,100,99320,100,100011,100,99300,100,100022,100,99288,100,100023,100,99258,100
2019-06-28 09:52:30.000000000,99629,198,99471,198,99739,198,99453,198,99788,198,99445,198,99807,198,99368,198,99872,198,99356,198,99873,100,99333,100,100011,100,99320,100,100022,100,99300,100,100023,100,99288,100,100048,100,99258,100
2019-06-28 09:52:38.656965483,99629,98,99471,198,99739,198,99453,198,99788,198,99445,198,99807,198,99368,198,99872,198,99356,198,99873,100,99333,100,100011,100,99320,100,100022,100,99300,100,100023,100,99288,100,100048,100,99258,100
2019-06-28 09:52:40.000000000,99739,198,99471,198,99788,198,99453,198,99807,198,99445,198,99872,198,99368,198,99873,198,99356,198,100011,100,99333,100,100022,100,99320,100,100023,100,99300,100,100048,100,99288,100,100051,100,99258,100
2019-06-28 09:52:46.826485363,99739,98,99471,198,99788,198,99453,198,99807,198,99445,198,99872,198,99368,198,99873,198,99356,198,99986,100,99333,100,100011,100,99320,100,100022,100,99300,100,100023,100,99288,100,100048,100,99258,100
2019-06-28 09:52:50.000000000,99788,267,99471,267,99807,262,99453,262,99872,262,99445,262,99873,100,99368,100,99986,100,99356,100,100011,100,99333,100,100022,100,99320,100,100023,100,99300,100,100048,100,99288,100,100051,100,99258,100
2019-06-28 09:53:00.000000000,99788,267,99471,267,99807,262,99453,262,99872,262,99445,262,99873,100,99368,100,99986,100,99356,100,100011,100,99333,100,100022,100,99320,100,100023,100,99300,100,100048,100,99288,100,100051,100,99258,100
2019-06-28 09:53:02.186432354,99788,267,99471,267,99797,100,99453,262,99807,262,99445,262,99872,262,99368,100,99873,100,99356,100,99986,100,99333,100,100011,100,99320,100,100022,100,99300,100,100023,100,99288,100,100048,100,99258,100
2019-06-28 09:53:10.000000000,99788,345,99471,345,99797,345,99453,345,99807,100,99445,100,99872,100,99368,100,99873,100,99356,100,99986,100,99333,100,100011,100,99320,100,100022,100,99300,100,100023,100,99288,100,100048,100,99258,100
2019-06-28 09:53:20.000000000,99788,198,99471,198,99797,198,99453,198,99807,198,99445,198,99872,198,99368,198,99873,198,99356,198,99986,100,99333,100,100011,100,99320,100,100022,100,99300,100,100023,100,99288,100,100048,100,99258,100
2019-06-28 09:53:29.282249345,99788,98,99471,198,99797,198,99453,198,99807,198,99445,198,99872,198,99368,198,99873,198,99356,198,99986,100,99333,100,100011,100,99320,100,100022,100,99300,100,100048,100,99288,100,100051,100,99258,100
2019-06-28 09:53:30.000000000,99797,222,99471,222,99807,222,99453,222,99872,222,99445,222,99873,222,99368,222,99986,100,99356,100,100011,100,99333,100,100022,100,99320,100,100048,100,99300,100,100051,100,99288,100,100059,100,99258,100
2019-06-28 09:53:40.000000000,99797,267,99471,267,99807,262,99453,262,99872,262,99445,262,99873,100,99368,100,99986,100,99356,100,100011,100,99333,100,100022,100,99320,100,100048,100,99300,100,100051,100,99288,100,100059,100,99258,100
2019-06-28 09:53:50.000000000,99797,345,99471,345,99807,345,99453,345,99872,100,99445,100,99873,100,99368,100,99986,100,99356,100,100011,100,99333,100,100022,100,99320,100,100048,100,99300,100,100051,100,99288,100,100059,100,99258,100
2019-06-28 09:53:57.280236808,99787,100,99471,345,99797,345,99453,345,99807,345,99445,100,99872,100,99368,100,99873,100,99356,100,99986,100,99333,100,100011,100,99320,100,100022,100,99300,100,100048,100,99288,100,100051,100,99258,100
2019-06-28 09:53:57.680720316,99787,200,99471,345,99797,345,99453,345,99807,345,99445,100,99872,100,99368,100,99873,100,99356,100,99986,100,99333,100,100011,100,99320,100,100022,100,99300,100,100048,100,99288,100,100051,100,99258,100
2019-06-28 09:54:00.000000000,99787,445,99471,345,99797,345,99453,345,99807,100,99445,100,99872,100,99368,100,99873,100,99356,100,99986,100,99333,100,100011,100,99320,100,100022,100,99300,100,100048,100,99288,100,100051,100,99258,100
2019-06-28 09:54:00.925532423,99787,445,99694,100,99797,345,99471,345,99807,100,99453,345,99872,100,99445,100,99873,100,99368,100,99986,100,99356,100,100011,100,99333,100,100022,100,99320,100,100051,100,99300,100,100059,100,99288,100
2019-06-28 09:54:10.000000000,99787,367,99694,267,99797,262,99471,262,99807,262,99453,262,99872,100,99445,100,99873,100,99368,100,99986,100,99356,100,100011,100,99333,100,100022,100,99320,100,100051,100,99300,100,100059,100,99288,100
2019-06-28 09:54:20.000000000,99787,367,99694,267,99797,262,99471,262,99807,262,99453,262,99872,100,99445,100,99873,100,99368,100,99986,100,99356,100,100011,100,99333,100,100022,100,99320,100,100051,100,99300,100,100059,100,99288,100
2019-06-28 09:54:30.000000000,99787,690,99694,590,99797,100,99471,100,99807,100,99453,100,99872,100,99445,100,99873,100,99368,100,99986,100,99356,100,100011,100,99333,100,100022,100,99320,100,100051,100,99300,100,100059,100,99288,100
2019-06-28 09:54:40.000000000,99787,322,99694,222,99797,222,99471,222,99807,222,99453,222,99872,222,99445,222,99873,100,99368,100,99986,100,99356,100,100011,100,99333,100,100022,100,99320,100,100051,100,99300,100,100059,100,99288,100
2019-06-28 09:54:50.000000000,99787,445,99694,345,99797,345,99471,345,99807,100,99453,100,99872,100,99445,100,99873,100,99368,100,99986,100,99356,100,100011,100,99333,100,100022,100,99320,100,100051,100,99300,100,100059,100,99288,100
2019-06-28 09:55:00.000000000,99787,367,99694,267,99797,262,99471,262,99807,262,99453,262,99872,100,99445,100,99873,100,99368,100,99986,100,99356,100,100011,100,99333,100,100022,100,99320,100,100051,100,99300,100,100059,100,99288,100
2019-06-28 09:55:00.540951820,99787,367,99694,267,99797,262,99629,100,99807,262,99471,262,99872,100,99453,262,99873,100,99445,100,99986,100,99368,100,100011,100,99356,100,100022,100,99333,100,100051,100,99320,100,100059,100,99300,100
2019-06-28 09:55:04.776460686,99787,367,99694,267,99797,262,99629,200,99807,262,99471,262,99872,100,99453,262,99873,100,99445,100,99986,100,99368,100,100011,100,99356,100,100022,100,99333,100,100051,100,99320,100,100059,100,99300,100
2019-06-28 09:55:10.000000000,99787,322,99694,222,99797,222,99629,322,99807,222,99471,222,99872,222,99453,222,99873,100,99445,100,99986,100,99368,100,100011,100,99356,100,100022,100,99333,100,100051,100,99320,100,100059,100,99300,100
2019-06-28 09:55:20.000000000,99787,367,99694,267,99797,262,99629,362,99807,262,99471,262,99872,100,99453,100,99873,100,99445,100,99986,100,99368,100,100011,100,99356,100,100022,100,99333,100,100051,100,99320,100,100059,100,99300,100
2019-06-28 09:55:30.000000000,99787,445,99694,345,99797,345,99629,445,99807,100,99471,100,99872,100,99453,100,99873,100,99445,100,99986,100,99368,100,100011,100,99356,100,100022,100,99333,100,100051,100,99320,100,100059,100,99300,100
2019-06-28 09:55:38.427285750,99787,345,99694,345,99797,345,99629,445,99807,100,99471,100,99872,100,99453,100,99873,100,99445,100,99986,100,99368,100,100011,100,99356,100,100022,100,99333,100,100051,100,99320,100,100059,100,99300,100
2019-06-28 09:55:40.000000000,99787,198,99694,198,99797,198,99629,298,99807,198,99471,198,99872,198,99453,198,99873,198,99445,198,99986,100,99368,100,100011,100,99356,100,100022,100,99333,100,100051,100,99320,100,100059,100,99300,100
2019-06-28 09:55:43.639226851,99787,98,99694,198,99797,198,99629,298,99807,198,99471,198,99872,198,99453,198,99873,98,99445,198,99986,100,99368,100,100011,100,99356,100,100022,100,99333,100,100051,100,99320,100,100059,100,99300,100
2019-06-28 09:55:49.868495372,99797,198,99787,2,99807,198,99694,198,99872,198,99629,298,99873,98,99471,198,99986,100,99453,198,100011,100,99445,198,100022,100,99368,100,100051,100,99356,100,100059,100,99333,100,100068,100,99320,100
2019-06-28 09:55:50.000000000,99797,198,99787,100,99807,198,99694,198,99872,198,99629,298,99986,198,99471,198,100011,198,99453,198,100022,100,99445,100,100051,100,99368,100,100059,100,99356,100,100068,100,99333,100,100074,100,99320,100
2019-06-28 09:56:00.000000000,99797,222,99787,124,99807,222,99694,222,99872,222,99629,322,99986,222,99471,222,100011,100,99453,100,100022,100,99445,100,100051,100,99368,100,100059,100,99356,100,100068,100,99333,100,100074,100,99320,100
2019-06-28 09:56:06.882107993,99797,222,99787,124,99807,222,99694,222,99872,222,99629,322,99986,222,99471,222,100011,100,99453,100,100022,100,99445,100,100051,100,99368,100,100059,100,99356,100,100068,100,99333,100,100074,100,99320,100
2019-06-28 09:56:10.000000000,99797,222,99787,124,99807,222,99694,222,99872,222,99629,322,99986,222,99471,222,100011,100,99453,100,100022,100,99445,100,100051,100,99368,100,100059,100,99356,100,100068,100,99333,100,100074,100,99320,100
2019-06-28 09:56:15.360077874,99797,222,99787,124,99807,222,99694,222,99872,222,99629,322,99986,222,99471,222,100011,100,99453,100,100022,100,99445,100,100051,100,99368,100,100059,100,99356,100,100068,100,99333,100,100074,100,99320,100
2019-06-28 09:56:20.000000000,99797,345,99787,247,99807,345,99694,345,99872,100,99629,200,99986,100,99471,100,100011,100,99453,100,100022,100,99445,100,100051,100,99368,100,100059,100,99356,100,100068,100,99333,100,100074,100,99320,100
2019-06-28 09:56:20.432289514,99797,245,99787,247,99807,345,99694,345,99872,100,99629,200,99986,100,99471,100,100011,100,99453,100,100022,100,99445,100,100051,100,99368,100,100059,100,99356,100,100068,100,99333,100,100074,100,99320,100
2019-06-28 09:56:30.000000000,99807,345,99787,247,99872,345,99694,345,99986,100,99629,200,100011,100,99471,100,100022,100,99453,100,100051,100,99445,100,100059,100,99368,100,100068,100,99356,100,100074,100,99333,100,100075,100,99320,100
2019-06-28 09:56:35.291416185,99807,345,99787,245,99872,345,99694,345,99986,100,99629,200,100011,100,99471,100,100022,100,99453,100,100051,100,99445,100,100059,100,99368,100,100068,100,99356,100,100074,100,99333,100,100075,100,99320,100
2019-06-28 09:56:40.000000000,99807,590,99694,590,99872,100,99629,200,99986,100,99471,100,100011,100,99453,100,100022,100,99445,100,100051,100,99368,100,100059,100,99356,100,100068,100,99333,100,100074,100,99320,100,100075,100,99288,100
2019-06-28 09:56:50.000000000,99807,345,99694,345,99872,345,99629,445,99986,100,99471,100,100011,100,99453,100,100022,100,99445,100,100051,100,99368,100,100059,100,99356,100,100068,100,99333,100,100074,100,99320,100,100075,100,99288,100
2019-06-28 09:57:00.000000000,99807,222,99694,222,99872,222,99629,322,99986,222,99471,222,100011,222,99453,222,100022,100,99445,100,100051,100,99368,100,100059,100,99356,100,100068,100,99333,100,100074,100,99320,100,100075,100,99288,100
2019-06-28 09:57:10.000000000,99807,590,99694,590,99872,100,99629,200,99986,100,99471,100,100011,100,99453,100,100022,100,99445,100,100051,100,99368,100,100059,100,99356,100,100068,100,99333,100,100074,100,99320,100,100075,100,99288,100
2019-06-28 09:57:20.000000000,99807,345,99694,345,99872,345,99629,445,99986,100,99471,100,100011,100,99453,100,100022,100,99445,100,100051,100,99368,100,100059,100,99356,100,100068,100,99333,100,100074,100,99320,100,100075,100,99288,100
2019-06-28 09:57:30.000000000,99807,198,99694,198,99872,198,99629,298,99986,198,99471,198,100011,198,99453,198,100022,198,99445,198,100051,100,99368,100,100059,100,99356,100,100068,100,99333,100,100074,100,99320,100,100075,100,99288,100
2019-06-28 09:57:40.000000000,99807,198,99694,198,99872,198,99629,298,99986,198,99471,198,100011,198,99453,198,100022,198,99445,198,100051,100,99368,100,100059,100,99356,100,100068,100,99333,100,100074,100,99320,100,100075,100,99288,100
2019-06-28 09:57:41.939701035,99807,198,99788,100,99872,198,99694,198,99986,198,99629,298,100011,198,99471,198,100022,198,99453,198,100051,100,99445,198,100059,100,99368,100,100068,100,99356,100,100074,100,99333,100,100075,100,99320,100
2019-06-28 09:57:45.508274011,99807,198,99788,100,99872,198,99694,198,99986,198,99629,298,100011,198,99471,198,100022,198,99453,198,100051,100,99445,198,100059,100,99368,100,100068,100,99356,100,100074,100,99333,100,100075,100,99320,100
2019-06-28 09:57:50.000000000,99807,345,99788,345,99872,345,99694,345,99986,100,99629,200,100011,100,99471,100,100022,100,99453,100,100051,100,99445,100,100059,100,99368,100,100068,100,99356,100,100074,100,99333,100,100075,100,99320,100
2019-06-28 09:57:52.032152986,99807,345,99788,445,99872,345,99694,345,99986,100,99629,200,100011,100,99471,100,100022,100,99453,100,100051,100,99445,100,100059,100,99368,100,100068,100,99356,100,100074,100,99333,100,100075,100,99320,100
2019-06-28 09:57:52.459305749,99807,345,99788,445,99872,345,99694,345,99986,100,99629,200,100011,100,99471,100,100022,100,99453,100,100051,100,99445,100,100059,100,99368,100,100068,100,99356,100,100074,100,99333,100,100075,100,99320,100
2019-06-28 09:58:00.000000000,99807,590,99788,690,99872,100,99694,100,99986,100,99629,200,100011,100,99471,100,100022,100,99453,100,100051,100,99445,100,100059,100,99368,100,100068,100,99356,100,100074,100,99333,100,100075,100,99320,100
2019-06-28 09:58:07.512962662,99807,490,99788,690,99872,100,99694,100,99986,100,99629,200,100011,100,99471,100,100022,100,99453,100,100051,100,99445,100,100059,100,99368,100,100068,100,99356,100,100074,100,99333,100,100075,100,99320,100
2019-06-28 09:58:10.000000000,99872,198,99788,298,99986,198,99694,198,100011,198,99629,298,100022,198,99471,198,100051,198,99453,198,100059,100,99445,100,100068,100,99368,100,100074,100,99356,100,100075,100,99333,100,100093,100,99320,100
2019-06-28 09:58:12.711799545,99872,98,99788,298,99986,198,99694,198,100011,198,99629,298,100022,198,99471,198,100051,198,99453,198,100059,100,99445,100,100074,100,99368,100,100075,100,99356,100,100093,100,99333,100,100313,100,99320,100
2019-06-28 09:58:20.000000000,99986,198,99788,298,100011,198,99694,198,100022,198,99629,298,100051,198,99471,198,100059,198,99453,198,100074,100,99445,100,100075,100,99368,100,100093,100,99356,100,100313,100,99333,100,100496,100,99320,100
2019-06-28 09:58:25.879401185,99986,98,99788,298,100011,198,99694,198,100022,198,99629,298,100051,198,99471,198,100059,198,99453,198,100074,100,99368,100,100075,100,99356,100,100093,100,99333,100,100313,100,99320,100,100496,100,99288,100
2019-06-28 09:58:30.000000000,100011,198,99788,298,100022,198,99694,198,100051,198,99629,298,100059,198,99471,198,100074,198,99453,198,100075,100,99368,100,100093,100,99356,100,100313,100,99333,100,100496,100,99320,100,100603,100,99288,100
2019-06-28 09:58:40.000000000,100011,345,99788,445,100022,345,99694,345,100051,100,99629,200,100059,100,99471,100,100074,100,99453,100,100075,100,99368,100,100093,100,99356,100,100313,100,99333,100,100496,100,99320,100,100603,100,99288,100
2019-06-28 09:58:45.657470315,100011,145,99788,445,100022,345,99694,345,100051,100,99629,200,100059,100,99471,100,100074,100,99453,100,100075,100,99368,100,100093,100,99356,100,100313,100,99333,100,100496,100,99320,100,100603,100,99288,100
2019-06-28 09:58:50.000000000,100022,198,99788,298,100051,198,99694,198,100059,198,99629,298,100074,198,99471,198,100075,198,99453,198,100093,100,99368,100,100313,100,99356,100,100496,100,99333,100,100603,100,99320,100,101145,100,99288,100
2019-06-28 09:58:54.108346815,100022,198,99788,298,100051,198,99694,198,100059,198,99629,298,100074,198,99471,198,100075,198,99453,198,100093,100,99368,100,100313,100,99333,100,100496,100,99320,100,100603,100,99288,100,100838,100,99258,100
2019-06-28 09:58:59.961017116,100022,98,99788,298,100051,98,99694,198,100059,198,99629,298,100074,198,99471,198,100075,198,99453,198,100093,100,99368,100,100313,100,99333,100,100496,100,99320,100,100603,100,99288,100,100838,100,99258,100
2019-06-28 09:59:00.000000000,100059,222,99788,322,100074,222,99694,222,100075,222,99629,322,100093,222,99471,222,100313,100,99453,100,100496,100,99368,100,100603,100,99333,100,100838,100,99320,100,101145,100,99288,100,101392,100,99258,100
2019-06-28 09:59:01.713385331,100059,122,99788,322,100074,222,99694,222,100075,222,99629,322,100093,222,99471,222,100313,100,99453,100,100496,100,99368,100,100603,100,99333,100,100838,100,99320,100,101145,100,99288,100,101392,100,99258,100
2019-06-28 09:59:10.000000000,100074,590,99788,690,100075,100,99694,100,100093,100,99629,200,100313,100,99471,100,100496,100,99453,100,100603,100,99368,100,100838,100,99333,100,101145,100,99320,100,101392,100,99288,100,,,99258,100
2019-06-28 09:59:11.355153782,100074,490,99788,690,100075,100,99694,100,100093,100,99629,200,100313,100,99471,100,100496,100,99453,100,100603,100,99368,100,100838,100,99333,100,101145,100,99320,100,101392,100,99288,100,,,99258,100
2019-06-28 09:59:20.000000000,100075,345,99788,445,100093,345,99694,345,100313,100,99629,200,100496,100,99471,100,100603,100,99453,100,100838,100,99368,100,101145,100,99333,100,101392,100,99320,100,,,99288,100,,,99258,100
2019-06-28 09:59:20.377386423,100075,245,99788,445,100093,345,99694,345,100313,100,99629,200,100496,100,99471,100,100603,100,99453,100,101145,100,99368,100,101392,100,99333,100,,,99320,100,,,99288,100,,,99258,100
2019-06-28 09:59:30.000000000,100093,345,99788,445,100313,345,99694,345,100496,100,99629,200,100603,100,99471,100,101145,100,99453,100,101392,100,99368,100,,,99333,100,,,99320,100,,,99288,100,,,99258,100
2019-06-28 09:59:40.000000000,100093,222,99788,322,100313,222,99694,222,100496,222,99629,322,100603,222,99471,222,101145,100,99453,100,101392,100,99368,100,,,99333,100,,,99320,100,,,99288,100,,,99258,100
2019-06-28 09:59:50.000000000,100093,198,99788,298,100313,198,99694,198,100496,198,99629,298,100603,198,99471,198,101145,198,99453,198,101392,100,99368,100,,,99333,100,,,99320,100,,,99288,100,,,99258,100
2019-06-28 09:59:52.667418425,100093,198,99788,298,100313,198,99694,198,100496,198,99629,298,100603,198,99471,198,100687,100,99453,198,101145,198,99368,100,101392,100,99333,100,,,99320,100,,,99288,100,,,99258,100
2019-06-28 10:00:00.000000000,100093,345,99788,445,100313,345,99694,345,100496,100,99629,200,100603,100,99471,100,100687,100,99453,100,101145,100,99368,100,101392,100,99333,100,,,99320,100,,,99288,100,,,99258,100
2019-06-28 10:00:10.000000000,100093,267,99788,367,100313,262,99694,262,100496,262,99629,362,100603,100,99471,100,100687,100,99453,100,101145,100,99368,100,101392,100,99333,100,,,99320,100,,,99288,100,,,99258,100
2019-06-28 10:00:20.000000000,100093,222,99788,322,100313,222,99694,222,100496,222,99629,322,100603,222,99471,222,100687,100,99453,100,101145,100,99368,100,101392,100,99333,100,,,99320,100,,,99288,100,,,99258,100
2019-06-28 10:00:20.624155694,100093,122,99788,322,100313,222,99694,222,100496,222,99629,322,100603,222,99471,222,100687,100,99453,100,101145,100,99368,100,101392,100,99333,100,,,99320,100,,,99288,100,,,99258,100
2019-06-28 10:00:30.000000000,100313,590,99788,690,100496,100,99694,100,100603,100,99629,200,100687,100,99471,100,101145,100,99453,100,101392,100,99368,100,,,99333,100,,,99320,100,,,99288,100,,,99258,100
2019-06-28 10:00:37.678323668,100313,590,99788,690,100496,100,99694,100,100585,100,99629,200,100603,100,99453,100,100687,100,99368,100,101145,100,99333,100,101392,100,99320,100,,,99288,100,,,99258,100,,,99231,100
2019-06-28 10:00:40.000000000,100313,590,99788,690,100496,100,99694,100,100585,100,99629,200,100603,100,99453,100,100687,100,99368,100,101145,100,99333,100,101392,100,99320,100,,,99288,100,,,99258,100,,,99231,100
2019-06-28 10:00:50.000000000,100313,345,99788,445,100496,345,99694,345,100585,100,99629,200,100603,100,99453,100,100687,100,99368,100,101145,100,99333,100,101392,100,99320,100,,,99288,100,,,99258,100,,,99231,100
2019-06-28 10:00:58.015014650,100313,245,99788,445,100496,345,99694,345,100585,100,99629,200,100603,100,99453,100,100687,100,99368,100,101145,100,99333,100,101392,100,99320,100,,,99288,100,,,99258,100,,,99231,100
2019-06-28 10:01:00.000000000,100496,198,99788,298,100585,198,99694,198,100603,198,99629,298,100687,198,99453,198,101145,198,99368,198,101392,100,99333,100,,,99320,100,,,99288,100,,,99258,100,,,99231,100
2019-06-28 10:01:10.000000000,100496,590,99788,690,100585,100,99694,100,100603,100,99629,200,100687,100,99453,100,101145,100,99368,100,101392,100,99333,100,,,99320,100,,,99288,100,,,99258,100,,,99231,100
2019-06-28 10:01:13.865195929,100496,490,99788,690,100585,100,99694,100,100603,100,99629,200,100687,100,99453,100,101145,100,99368,100,101392,100,99333,100,,,99320,100,,,99288,100,,,99258,100,,,99231,100
2019-06-28 10:01:20.000000000,100585,267,99788,367,100603,262,99694,262,100687,262,99629,362,101145,100,99453,100,101392,100,99368,100,,,99333,100,,,99320,100,,,99288,100,,,99258,100,,,99231,100
2019-06-28 10:01:21.780666204,100585,267,99788,367,100603,262,99694,262,100687,262,99629,362,100847,100,99453,100,101145,100,99368,100,101392,100,99333,100,,,99320,100,,,99288,100,,,99258,100,,,99231,100
2019-06-28 10:01:30.000000000,100585,198,99788,298,100603,198,99694,198,100687,198,99629,298,100847,198,99453,198,101145,198,99368,198,101392,100,99333,100,,,99320,100,,,99288,100,,,99258,100,,,99231,100
2019-06-28 10:01:40.000000000,100585,198,99788,298,100603,198,99694,198,100687,198,99629,298,100847,198,99453,198,101145,198,99368,198,101392,100,99333,100,,,99320,100,,,99288,100,,,99258,100,,,99231,100
2019-06-28 10:01:49.065493526,100585,98,99788,298,100603,198,99694,198,100687,198,99629,298,100847,198,99453,198,101145,198,99368,198,101392,100,99333,100,,,99320,100,,,99288,100,,,99258,100,,,99231,100
2019-06-28 10:01:50.000000000,100603,345,99788,445,100687,345,99694,345,100847,100,99629,200,101145,100,99453,100,101392,100,99368,100,,,99333,100,,,99320,100,,,99288,100,,,99258,100,,,99231,100
2019-06-28 10:02:00.000000000,100603,267,99788,367,100687,262,99694,262,100847,262,99629,362,101145,100,99453,100,101392,100,99368,100,,,99333,100,,,99320,100,,,99288,100,,,99258,100,,,99231,100
2019-06-28 10:02:10.000000000,100603,222,99788,322,100687,222,99694,222,100847,222,99629,322,101145,222,99453,222,101392,100,99368,100,,,99333,100,,,99320,100,,,99288,100,,,99258,100,,,99231,100
2019-06-28 10:02:19.244048705,100603,222,100496,100,100687,222,99788,322,100847,222,99694,222,101145,222,99629,322,101392,100,99453,222,,,99368,100,,,99333,100,,,99320,100,,,99288,100,,,99258,100
2019-06-28 10:02:20.000000000,100603,345,100496,345,100687,345,99788,445,100847,100,99694,100,101145,100,99629,200,101392,100,99453,100,,,99368,100,,,99333,100,,,99320,100,,,99288,100,,,99258,100
2019-06-28 10:02:30.000000000,100603,345,100496,345,100687,345,99788,445,100847,100,99694,100,101145,100,99629,200,101392,100,99453,100,,,99368,100,,,99333,100,,,99320,100,,,99288,100,,,99258,100
2019-06-28 10:02:40.000000000,100603,267,100496,267,100687,262,99788,362,100847,262,99694,262,101145,100,99629,200,101392,100,99453,100,,,99368,100,,,99333,100,,,99320,100,,,99288,100,,,99258,100
2019-06-28 10:02:50.000000000,100603,345,100496,345,100687,345,99788,445,100847,100,99694,100,101145,100,99629,200,101392,100,99453,100,,,99368,100,,,99333,100,,,99320,100,,,99288,100,,,99258,100
2019-06-28 10:02:56.738714258,100603,345,100496,345,100687,345,100376,100,100847,100,99788,445,101145,100,99694,100,101392,100,99629,200,,,99453,100,,,99368,100,,,99320,100,,,99288,100,,,99258,100
2019-06-28 10:03:00.000000000,100603,590,100496,590,100687,100,100376,100,100847,100,99788,200,101145,100,99694,100,101392,100,99629,200,,,99453,100,,,99368,100,,,99320,100,,,99288,100,,,99258,100
2019-06-28 10:03:05.019681582,100603,590,100496,690,100687,100,100376,100,100847,100,99788,200,101145,100,99694,100,101392,100,99629,200,,,99453,100,,,99368,100,,,99320,100,,,99288,100,,,99258,100
2019-06-28 10:03:08.446918198,100603,590,100496,690,100687,100,100376,100,100847,100,99788,100,101145,100,99694,100,101392,100,99629,200,,,99453,100,,,99368,100,,,99320,100,,,99288,100,,,99258,100
2019-06-28 10:03:10.000000000,100603,198,100496,298,100687,198,100376,198,100847,198,99788,198,101145,198,99694,198,101392,198,99629,298,,,99453,100,,,99368,100,,,99320,100,,,99288,100,,,99258,100
2019-06-28 10:03:17.805639890,100603,198,100496,298,100687,198,100376,198,100847,198,99788,198,101145,198,99694,198,101392,198,99629,298,,,99453,100,,,99368,100,,,99320,100,,,99288,100,,,99258,100
2019-06-28 10:03:20.000000000,100603,222,100496,322,100687,222,100376,222,100847,222,99788,222,101145,222,99694,222,101392,100,99629,200,,,99453,100,,,99368,100,,,99320,100,,,99288,100,,,99258,100
2019-06-28 10:03:26.108460747,100603,222,100496,322,100687,222,100376,222,100847,222,100297,100,101145,222,99788,222,101392,100,99694,222,,,99629,200,,,99453,100,,,99368,100,,,99320,100,,,99288,100
2019-06-28 10:03:30.000000000,100603,345,100496,445,100687,345,100376,345,100847,100,100297,100,101145,100,99788,100,101392,100,99694,100,,,99629,200,,,99453,100,,,99368,100,,,99320,100,,,99288,100
2019-06-28 10:03:40.000000000,100603,222,100496,322,100687,222,100376,222,100847,222,100297,222,101145,222,99788,222,101392,100,99694,100,,,99629,200,,,99453,100,,,99368,100,,,99320,100,,,99288,100
2019-06-28 10:03:42.482176972,100603,222,100496,322,100687,222,100376,222,100774,100,100297,222,100847,222,99788,222,101145,222,99694,100,101392,100,99629,200,,,99453,100,,,99368,100,,,99320,100,,,99288,100
2019-06-28 10:03:49.870946671,100603,222,100496,322,100687,222,100483,100,100774,100,100376,222,100847,222,100297,222,101145,222,99788,222,101392,100,99694,100,,,99629,200,,,99453,100,,,99368,100,,,99320,100
2019-06-28 10:03:50.000000000,100603,198,100496,298,100687,198,100483,198,100774,198,100376,198,100847,198,100297,198,101145,198,99788,198,101392,100,99694,100,,,99629,200,,,99453,100,,,99368,100,,,99320,100
2019-06-28 10:04:00.000000000,100603,590,100496,690,100687,100,100483,100,100774,100,100376,100,100847,100,100297,100,101145,100,99788,100,101392,100,99694,100,,,99629,200,,,99453,100,,,99368,100,,,99320,100
2019-06-28 10:04:10.000000000,100603,222,100496,322,100687,222,100483,222,100774,222,100376,222,100847,222,100297,222,101145,100,99788,100,101392,100,99694,100,,,99629,200,,,99453,100,,,99368,100,,,99320,100
2019-06-28 10:04:20.000000000,100603,267,100496,367,100687,262,100483,262,100774,262,100376,262,100847,100,100297,100,101145,100,99788,100,101392,100,99694,100,,,99629,200,,,99453,100,,,99368,100,,,99320,100
2019-06-28 10:04:20.653252378,100603,167,100496,367,100687,262,100483,262,100774,262,100376,262,100847,100,100297,100,101145,100,99788,100,101392,100,99694,100,,,99629,200,,,99453,100,,,99368,100,,,99320,100
2019-06-28 10:04:24.624249825,100603,167,100496,367,100687,262,100483,262,100774,262,100376,262,100847,100,100297,100,100914,100,99788,100,101145,100,99694,100,101392,100,99629,200,,,99453,100,,,99368,100,,,99320,100
2019-06-28 10:04:25.554741015,100603,167,100496,367,100687,262,100483,262,100768,100,100376,262,100774,262,100297,100,100847,100,99788,100,100914,100,99694,100,101145,100,99629,200,101392,100,99453,100,,,99368,100,,,99320,100
2019-06-28 10:04:25.618666235,100603,67,100496,367,100687,262,100483,262,100768,100,100376,262,100774,262,100297,100,100847,100,99788,100,100914,100,99694,100,101145,100,99629,200,101392,100,99453,100,,,99368,100,,,99320,100
2019-06-28 10:04:30.000000000,100687,267,100496,367,100768,262,100483,262,100774,262,100376,262,100847,100,100297,100,100914,100,99788,100,101145,100,99694,100,101392,100,99629,200,,,99453,100,,,99368,100,,,99320,100
2019-06-28 10:04:40.000000000,100687,267,100496,367,100768,262,100483,262,100774,262,100376,262,100847,100,100297,100,100914,100,99788,100,101145,100,99694,100,101392,100,99629,200,,,99453,100,,,99368,100,,,99320,100
2019-06-28 10:04:42.444721470,100687,267,100496,267,100768,262,100483,262,100774,262,100376,262,100847,100,100297,100,100914,100,99788,100,101145,100,99694,100,101392,100,99629,200,,,99453,100,,,99368,100,,,99320,100
2019-06-28 10:04:50.000000000,100687,345,100496,345,100768,345,100483,345,100774,100,100376,100,100847,100,100297,100,100914,100,99788,100,101145,100,99694,100,101392,100,99629,200,,,99453,100,,,99368,100,,,99320,100
2019-06-28 10:05:00.000000000,100687,590,100496,590,100768,100,100483,100,100774,100,100376,100,100847,100,100297,100,100914,100,99788,100,101145,100,99694,100,101392,100,99629,200,,,99453,100,,,99368,100,,,99320,100
2019-06-28 10:05:02.630244272,100687,490,100496,590,100768,100,100483,100,100774,100,100376,100,100847,100,100297,100,100914,100,99788,100,101145,100,99694,100,101392,100,99629,200,,,99453,100,,,99368,100,,,99320,100
2019-06-28 10:05:10.000000000,100768,198,100496,198,100774,198,100483,198,100847,198,100376,198,100914,198,100297,198,101145,198,99788,198,101392,100,99694,100,,,99629,200,,,99453,100,,,99368,100,,,99320,100
2019-06-28 10:05:10.467537852,100768,98,100496,198,100774,198,100483,198,100847,198,100376,198,100914,198,100297,198,101145,198,99788,198,101392,100,99694,100,,,99629,200,,,99453,100,,,99368,100,,,99320,100
2019-06-28 10:05:20.000000000,100774,267,100496,267,100847,262,100483,262,100914,262,100376,262,101145,100,100297,100,101392,100,99788,100,,,99694,100,,,99629,200,,,99453,100,,,99368,100,,,99320,100
2019-06-28 10:05:28.277982776,100774,167,100496,267,100847,262,100483,262,100914,262,100376,262,101145,100,100297,100,101392,100,99788,100,,,99694,100,,,99629,200,,,99453,100,,,99368,100,,,99320,100
2019-06-28 10:05:30.000000000,100847,222,100496,222,100914,222,100483,222,101145,222,100376,222,101392,222,100297,222,,,99788,100,,,99694,100,,,99629,200,,,99453,100,,,99368,100,,,99320,100
2019-06-28 10:05:31.176209646,100847,122,100496,222,100914,222,100483,222,101145,222,100376,222,101392,222,100297,222,,,99788,100,,,99694,100,,,99629,200,,,99453,100,,,99368,100,,,99320,100
2019-06-28 10:05:39.830317672,100847,22,100496,222,100914,222,100483,222,101145,222,100376,222,101392,222,100297,222,,,99788,100,,,99694,100,,,99629,200,,,99453,100,,,99368,100,,,99320,100
2019-06-28 10:05:40.000000000,100914,267,100496,267,101145,262,100483,262,101392,262,100376,262,,,100297,100,,,99788,100,,,99694,100,,,99629,200,,,99453,100,,,99368,100,,,99320,100
2019-06-28 10:05:46.343747950,100847,100,100496,267,100914,267,100483,262,101145,262,100376,262,101392,262,100297,100,,,99788,100,,,99694,100,,,99629,200,,,99453,100,,,99368,100,,,99320,100
2019-06-28 10:05:50.000000000,100847,267,100496,267,100914,262,100483,262,101145,262,100376,262,101392,100,100297,100,,,99788,100,,,99694,100,,,99629,200,,,99453,100,,,99368,100,,,99320,100
2019-06-28 10:06:00.000000000,100847,345,100496,345,100914,345,100483,345,101145,100,100376,100,101392,100,100297,100,,,99788,100,,,99694,100,,,99629,200,,,99453,100,,,99368,100,,,99320,100
2019-06-28 10:06:01.646586793,100847,345,100496,345,100876,100,100483,345,100914,345,100376,100,101145,100,100297,100,101392,100,99788,100,,,99694,100,,,99629,200,,,99453,100,,,99368,100,,,99320,100
2019-06-28 10:06:10.000000000,100847,198,100496,198,100876,198,100483,198,100914,198,100376,198,101145,198,100297,198,101392,198,99788,198,,,99694,100,,,99629,200,,,99453,100,,,99368,100,,,99320,100
2019-06-28 10:06:19.094070574,100847,298,100496,198,100876,198,100483,198,100914,198,100376,198,101145,198,100297,198,101392,198,99788,198,,,99694,100,,,99629,200,,,99453,100,,,99368,100,,,99320,100
2019-06-28 10:06:20.000000000,100847,690,100496,590,100876,100,100483,100,100914,100,100376,100,101145,100,100297,100,101392,100,99788,100,,,99694,100,,,99629,200,,,99453,100,,,99368,100,,,99320,100
2019-06-28 10:06:26.023901678,100847,790,100496,590,100876,100,100483,100,100914,100,100376,100,101145,100,100297,100,101392,100,99788,100,,,99694,100,,,99629,200,,,99453,100,,,99368,100,,,99320,100
2019-06-28 10:06:26.939163496,100847,790,100496,590,100876,100,100483,100,100914,100,100376,100,101118,100,100297,100,101145,100,99788,100,101392,100,99694,100,,,99629,200,,,99453,100,,,99368,100,,,99320,100
2019-06-28 10:06:27.123382236,100847,790,100763,100,100876,100,100496,590,100914,100,100483,100,101118,100,100376,100,101145,100,100297,100,101392,100,99788,100,,,99694,100,,,99629,200,,,99453,100,,,99368,100
2019-06-28 10:06:30.000000000,100847,790,100763,590,100876,100,100496,100,100914,100,100483,100,101118,100,100376,100,101145,100,100297,100,101392,100,99788,100,,,99694,100,,,99629,200,,,99453,100,,,99368,100
2019-06-28 10:06:36.686499552,100847,790,100763,590,100903,100,100496,100,100914,100,100483,100,101118,100,100376,100,101145,100,100297,100,101392,100,99788,100,,,99694,100,,,99629,200,,,99453,100,,,99368,100
2019-06-28 10:06:40.000000000,100847,422,100763,222,100903,222,100496,222,100914,222,100483,222,101118,222,100376,222,101145,100,100297,100,101392,100,99788,100,,,99694,100,,,99629,200,,,99453,100,,,99368,100
2019-06-28 10:06:45.108304906,100823,100,100763,222,100847,422,100496,222,100903,222,100483,222,100914,222,100376,222,101118,222,100297,100,101145,100,99788,100,101392,100,99694,100,,,99629,200,,,99453,100,,,99368,100
2019-06-28 10:06:50.000000000,100823,345,100763,345,100847,545,100496,345,100903,100,100483,100,100914,100,100376,100,101118,100,100297,100,101145,100,99788,100,101392,100,99694,100,,,99629,200,,,99453,100,,,99368,100
2019-06-28 10:07:00.000000000,100823,198,100763,198,100847,398,100496,198,100903,198,100483,198,100914,198,100376,198,101118,198,100297,198,101145,100,99788,100,101392,100,99694,100,,,99629,200,,,99453,100,,,99368,100
2019-06-28 10:07:05.726506921,100823,198,100763,98,100847,398,100496,198,100903,198,100483,198,100914,198,100376,198,101118,198,100297,198,101145,100,99788,100,101392,100,99694,100,,,99629,200,,,99453,100,,,99368,100
2019-06-28 10:07:09.163348426,100823,198,100763,98,100847,398,100496,198,100903,198,100483,198,100914,198,100376,198,101118,198,100297,198,101145,100,100171,100,101392,100,99788,100,,,99694,100,,,99629,200,,,99453,100
2019-06-28 10:07:10.000000000,100823,222,100496,222,100847,422,100483,222,100903,222,100376,222,100914,222,100297,222,101118,100,100171,100,101145,100,99788,100,101392,100,99694,100,,,99629,200,,,99453,100,,,99368,100
2019-06-28 10:07:20.000000000,100823,198,100496,198,100847,398,100483,198,100903,198,100376,198,100914,198,100297,198,101118,198,100171,198,101145,100,99788,100,101392,100,99694,100,,,99629,200,,,99453,100,,,99368,100
2019-06-28 10:07:25.066815002,100823,198,100496,98,100847,398,100483,198,100903,198,100376,198,100914,198,100297,198,101118,198,100171,198,101145,100,99788,100,101392,100,99694,100,,,99629,200,,,99453,100,,,99368,100
2019-06-28 10:07:25.407041380,100823,198,100496,98,100847,398,100483,198,100903,198,100376,198,100914,198,100357,100,101118,198,100297,198,101145,100,100171,198,101392,100,99788,100,,,99694,100,,,99629,200,,,99453,100
2019-06-28 10:07:30.000000000,100823,267,100483,267,100847,462,100376,262,100903,262,100357,262,100914,100,100297,100,101118,100,100171,100,101145,100,99788,100,101392,100,99694,100,,,99629,200,,,99453,100,,,99368,100
2019-06-28 10:07:40.000000000,100823,222,100483,222,100847,422,100376,222,100903,222,100357,222,100914,222,100297,222,101118,100,100171,100,101145,100,99788,100,101392,100,99694,100,,,99629,200,,,99453,100,,,99368,100
2019-06-28 10:07:50.000000000,100823,345,100483,345,100847,545,100376,345,100903,100,100357,100,100914,100,100297,100,101118,100,100171,100,101145,100,99788,100,101392,100,99694,100,,,99629,200,,,99453,100,,,99368,100
2019-06-28 10:07:51.958620786,100823,345,100483,245,100847,545,100376,345,100903,100,100357,100,100914,100,100297,100,101118,100,100171,100,101145,100,99788,100,101392,100,99694,100,,,99629,200,,,99453,100,,,99368,100
