,ask_price_1,ask_size_1,bid_price_1,bid_size_1,ask_price_2,ask_size_2,bid_price_2,bid_size_2,ask_price_3,ask_size_3,bid_price_3,bid_size_3,ask_price_4,ask_size_4,bid_price_4,bid_size_4,ask_price_5,ask_size_5,bid_price_5,bid_size_5,ask_price_6,ask_size_6,bid_price_6,bid_size_6,ask_price_7,ask_size_7,bid_price_7,bid_size_7,ask_price_8,ask_size_8,bid_price_8,bid_size_8,ask_price_9,ask_size_9,bid_price_9,bid_size_9,ask_price_10,ask_size_10,bid_price_10,bid_size_10
2019-06-28 09:30:00.000000000,99990,100,,,100031,100,,,100156,100,,,,,,,,,,,,,,,,,,,,,,,,,,,,,,
2019-06-28 09:30:00.000000001,99990,100,99838,100,100031,100,,,100156,100,,,,,,,,,,,,,,,,,,,,,,,,,,,,,,
2019-06-28 09:30:00.000000002,99990,100,99838,100,100031,100,,,100075,100,,,100156,100,,,,,,,,,,,,,,,,,,,,,,,,,,
2019-06-28 09:30:00.000000003,99990,100,99838,100,100031,100,,,100075,100,,,100105,100,,,100156,100,,,,,,,,,,,,,,,,,,,,,,
2019-06-28 09:30:00.000000004,99990,100,99943,100,100031,100,99838,100,100075,100,,,100094,100,,,100105,100,,,100156,100,,,,,,,,,,,,,,,,,,
2019-06-28 09:30:00.000000007,99990,100,99943,100,100031,100,99838,100,100075,100,,,100094,100,,,100105,100,,,100156,100,,,100163,100,,,,,,,,,,,,,,
2019-06-28 09:30:00.000000008,99990,100,99943,100,100031,100,99838,100,100033,100,,,100075,100,,,100094,100,,,100105,100,,,100156,100,,,100163,100,,,,,,,,,,
2019-06-28 09:30:00.000000010,99990,100,99943,100,100031,100,99838,100,100033,100,,,100075,100,,,100084,100,,,100094,100,,,100105,100,,,100156,100,,,100163,100,,,,,,
2019-06-28 09:30:00.000000012,99990,100,99943,100,100031,100,99913,100,100033,100,99838,100,100075,100,,,100084,100,,,100094,100,,,100105,100,,,100156,100,,,100163,100,,,,,,
2019-06-28 09:30:00.000000013,99990,100,99943,100,100031,100,99913,100,100033,100,99838,100,100044,100,,,100075,100,,,100084,100,,,100094,100,,,100105,100,,,100156,100,,,100163,100,,
2019-06-28 09:30:00.000000014,99990,100,99943,100,100031,100,99913,100,100033,100,99838,100,100044,100,,,100059,100,,,100075,100,,,100084,100,,,100094,100,,,100105,100,,,100156,100,,
2019-06-28 09:30:00.000000015,99990,100,99943,100,100031,100,99913,100,100033,100,99907,100,100044,100,99838,100,100059,100,,,100075,100,,,100084,100,,,100094,100,,,100105,100,,,100156,100,,
2019-06-28 09:30:00.000000016,99990,100,99943,100,100031,100,99913,100,100033,100,99907,100,100044,100,99838,100,100059,100,,,100075,100,,,100084,100,,,100094,100,,,100105,100,,,100120,100,,
2019-06-28 09:30:00.000000017,99990,100,99943,100,100018,100,99913,100,100031,100,99907,100,100033,100,99838,100,100044,100,,,100059,100,,,100075,100,,,100084,100,,,100094,100,,,100105,100,,
2019-06-28 09:30:00.000000018,99990,100,99943,100,100018,100,99921,100,100031,100,99913,100,100033,100,99907,100,100044,100,99838,100,100059,100,,,100075,100,,,100084,100,,,100094,100,,,100105,100,,
2019-06-28 09:30:00.000000020,99990,100,99943,100,100018,100,99921,100,100031,100,99913,100,100033,100,99907,100,100044,100,99838,100,100059,200,,,100075,100,,,100084,100,,,100094,100,,,100105,100,,
2019-06-28 09:30:00.000000021,99990,100,99943,100,99994,100,99921,100,100018,100,99913,100,100031,100,99907,100,100033,100,99838,100,100044,100,,,100059,200,,,100075,100,,,100084,100,,,100094,100,,
2019-06-28 09:30:00.000000024,99958,100,99943,100,99990,100,99921,100,99994,100,99913,100,100018,100,99907,100,100031,100,99838,100,100033,100,,,100044,100,,,100059,200,,,100075,100,,,100084,100,,
2019-06-28 09:30:00.000000027,99958,100,99943,100,99990,100,99921,100,99994,100,99913,100,100018,100,99907,100,100031,100,99899,100,100033,100,99838,100,100044,100,,,100059,200,,,100075,100,,,100084,100,,
2019-06-28 09:30:00.000000029,99958,100,99943,100,99990,100,99921,100,99994,100,99913,100,100018,100,99907,100,100031,100,99899,100,100033,100,99838,100,100044,100,,,100045,100,,,100059,200,,,100075,100,,
2019-06-28 09:30:00.000000030,99958,100,99943,100,99990,100,99921,100,99994,100,99913,100,100018,100,99907,100,100031,100,99899,100,100033,100,99895,100,100044,100,99838,100,100045,100,,,100059,200,,,100064,100,,
2019-06-28 09:30:00.000000032,99990,100,99943,100,99994,100,99921,100,100018,100,99913,100,100031,100,99907,100,100033,100,99899,100,100044,100,99895,100,100045,100,99838,100,100059,200,,,100064,100,,,100075,100,,
2019-06-28 09:30:00.000000034,99990,100,99943,100,99994,100,99921,100,100018,100,99913,100,100031,100,99907,100,100033,100,99899,100,100044,100,99895,100,100045,100,99838,100,100059,200,,,100064,100,,,100075,100,,
2019-06-28 09:30:00.000000035,99990,100,99943,100,99994,100,99921,100,100018,100,99913,100,100031,100,99907,100,100033,100,99899,100,100044,100,99895,100,100045,100,99838,100,100059,200,,,100064,100,,,100075,100,,
2019-06-28 09:30:00.000000036,99990,100,99943,100,99994,100,99938,100,100018,100,99921,100,100031,100,99913,100,100033,100,99907,100,100044,100,99899,100,100045,100,99895,200,100059,200,99882,100,100064,100,99838,100,100075,100,,
2019-06-28 09:30:00.000000037,99990,100,99943,100,99994,100,99938,100,100018,100,99921,100,100031,100,99913,100,100033,100,99907,100,100044,100,99899,100,100045,100,99895,200,100059,200,99882,100,100064,100,99838,100,100075,100,,
2019-06-28 09:30:00.000000038,99990,100,99943,100,99993,100,99938,100,99994,100,99921,100,100018,100,99913,100,100031,100,99907,100,100033,100,99899,100,100044,100,99895,200,100045,100,99882,100,100059,200,99838,100,100064,100,,
2019-06-28 09:30:00.000000039,99958,100,99943,100,99990,100,99938,100,99993,100,99921,100,99994,100,99913,100,100018,100,99907,100,100031,100,99899,100,100033,100,99895,200,100044,100,99882,100,100045,100,99838,100,100059,200,,
2019-06-28 09:30:00.000000043,99990,100,99943,100,99993,100,99938,100,99994,100,99921,100,100018,100,99913,100,100031,100,99907,100,100033,100,99899,100,100044,100,99895,200,100045,100,99882,100,100059,200,99838,100,100064,100,,
2019-06-28 09:30:00.000000049,99990,100,99943,100,99993,100,99938,100,99994,100,99921,100,100018,100,99913,100,100031,100,99907,100,100033,100,99899,100,100044,100,99895,200,100045,100,99882,100,100059,200,99838,100,100060,100,,
2019-06-28 09:30:00.000000050,99990,100,99943,100,99993,100,99938,100,99994,100,99921,100,100018,100,99913,100,100031,100,99907,100,100033,100,99899,100,100044,100,99895,200,100045,100,99882,100,100059,200,99872,100,100060,100,99838,100
2019-06-28 09:30:00.000000051,99945,100,99944,100,99955,100,99943,100,99990,100,99938,100,99993,100,99935,100,99994,100,99921,100,100018,100,99913,100,100031,100,99907,100,100033,100,99899,100,100044,100,99895,200,100045,100,99882,100
2019-06-28 09:30:00.000000052,99945,100,99944,100,99955,100,99943,100,99976,100,99938,100,99990,100,99935,100,99993,100,99921,100,99994,100,99913,100,100018,100,99907,100,100031,100,99899,100,100033,100,99895,200,100044,100,99882,100
2019-06-28 09:30:00.000000053,99945,100,99944,200,99955,100,99943,100,99976,100,99938,100,99990,100,99935,100,99993,100,99921,100,99994,100,99913,100,100018,100,99907,100,100031,100,99899,100,100033,100,99895,200,100044,100,99882,100
2019-06-28 09:30:00.000000054,99945,100,99944,300,99955,100,99943,100,99976,100,99938,100,99990,100,99935,100,99993,100,99921,100,99994,100,99913,100,100018,100,99907,100,100029,100,99899,100,100031,100,99895,200,100033,100,99882,100
2019-06-28 09:30:00.000000057,99945,100,99944,300,99955,100,99943,100,99976,100,99938,100,99990,100,99935,100,99993,100,99921,100,99994,100,99913,100,100018,100,99907,100,100029,100,99899,100,100031,100,99895,200,100033,100,99882,100
2019-06-28 09:30:00.000000059,99945,100,99944,300,99955,100,99943,100,99976,100,99938,100,99990,100,99935,100,99993,100,99921,100,99994,100,99913,100,100018,100,99907,100,100029,100,99899,100,100031,100,99895,200,100033,100,99882,100
2019-06-28 09:30:00.000000061,99955,100,99944,300,99976,100,99943,100,99990,100,99938,100,99993,100,99935,100,99994,100,99921,100,100018,100,99913,100,100029,100,99907,100,100031,100,99899,100,100033,100,99895,200,100044,100,99882,100
2019-06-28 09:30:00.000000062,99955,100,99944,300,99976,100,99943,100,99990,100,99938,100,99993,100,99935,100,99994,100,99921,100,100017,100,99913,100,100018,100,99907,100,100029,100,99899,100,100031,100,99895,200,100033,100,99882,100
2019-06-28 09:30:00.000000064,99955,100,99944,300,99976,100,99943,100,99990,100,99938,100,99993,100,99935,100,99994,100,99921,100,100017,100,99913,100,100018,100,99907,100,100029,100,99899,100,100031,100,99895,200,100033,100,99882,100
2019-06-28 09:30:00.000000068,99955,100,99944,300,99976,100,99943,100,99990,100,99938,100,99993,100,99935,100,99994,100,99921,100,99998,100,99913,100,100017,100,99907,100,100018,100,99899,100,100029,100,99895,200,100031,100,99882,100
2019-06-28 09:30:00.000000070,99955,100,99944,300,99976,100,99943,100,99990,100,99938,100,99993,100,99935,100,99994,100,99921,100,99998,100,99913,100,100017,100,99907,100,100018,100,99899,100,100029,100,99895,200,100031,100,99882,100
2019-06-28 09:30:00.000000071,99955,100,99944,300,99976,100,99943,100,99990,100,99938,100,99993,100,99935,100,99994,100,99921,100,99998,100,99913,100,100017,100,99907,100,100018,100,99899,100,100029,100,99895,200,100031,100,99882,100
2019-06-28 09:30:00.000000072,99955,100,99944,300,99976,100,99943,100,99989,100,99938,100,99990,100,99935,100,99993,100,99921,100,99994,100,99913,100,99998,100,99907,100,100017,100,99899,100,100018,100,99895,200,100029,100,99882,100
2019-06-28 09:30:00.000000075,99955,100,99945,100,99976,100,99944,300,99989,100,99943,100,99990,100,99938,100,99993,100,99935,100,99994,100,99921,100,99998,100,99913,100,100017,100,99907,100,100018,100,99899,100,100029,100,99895,200
2019-06-28 09:30:00.000000076,99955,100,99945,100,99976,100,99944,300,99989,100,99943,100,99990,100,99938,100,99993,100,99935,100,99994,100,99921,100,99998,100,99913,100,100017,100,99907,100,100018,100,99899,100,100029,100,99896,100
2019-06-28 09:30:00.000000079,99955,100,99945,200,99976,100,99944,300,99989,100,99943,100,99990,100,99938,100,99993,100,99935,100,99994,100,99921,100,99998,100,99913,100,100017,100,99907,100,100018,100,99899,100,100029,100,99896,100
2019-06-28 09:30:00.000000081,99955,100,99945,200,99976,100,99944,300,99989,100,99943,100,99990,100,99938,100,99993,100,99935,100,99994,100,99921,100,99998,100,99913,100,100017,100,99907,100,100018,100,99899,100,100029,100,99896,100
2019-06-28 09:30:00.000000082,99955,100,99945,200,99976,100,99944,300,99989,100,99943,100,99990,100,99938,100,99993,100,99935,100,99994,100,99921,100,99998,100,99913,100,100017,100,99907,100,100018,100,99899,100,100029,100,99896,100
2019-06-28 09:30:00.000000088,99955,100,99945,300,99976,100,99944,300,99989,100,99943,100,99990,100,99938,100,99993,100,99935,100,99994,100,99921,100,99998,100,99913,100,100017,100,99907,100,100018,100,99899,100,100029,100,99896,100
2019-06-28 09:30:00.000000089,99955,100,99945,300,99976,100,99944,300,99989,100,99943,100,99990,100,99938,100,99993,100,99935,100,99994,100,99921,100,99998,100,99913,100,100017,100,99907,100,100018,100,99906,100,100029,100,99899,100
2019-06-28 09:30:00.000000092,99954,100,99945,300,99955,100,99944,300,99976,100,99943,100,99989,100,99938,100,99990,100,99935,100,99993,100,99921,100,99994,100,99913,100,99998,100,99907,100,100017,100,99906,100,100018,100,99899,100
2019-06-28 09:30:00.000000095,99954,200,99945,400,99955,100,99944,300,99976,100,99943,100,99989,100,99938,100,99990,100,99935,100,99993,100,99921,100,99994,100,99913,100,99998,100,99907,100,100017,100,99906,100,100018,100,99899,100
2019-06-28 09:30:00.000000096,99954,200,99945,400,99955,100,99944,300,99976,100,99943,100,99989,100,99938,100,99990,100,99935,100,99993,100,99921,100,99994,100,99913,100,99998,100,99907,100,100017,100,99906,100,100018,100,99899,100
2019-06-28 09:30:00.000000099,99954,100,99945,400,99955,100,99944,300,99976,100,99943,100,99989,100,99938,100,99990,100,99935,100,99993,100,99921,100,99994,100,99913,100,99998,100,99907,100,100017,100,99906,100,100018,100,99899,100
2019-06-28 09:30:10.000000000,99954,372,99945,672,99955,100,99944,300,99976,100,99943,100,99989,100,99938,100,99990,100,99935,100,99993,100,99921,100,99994,100,99913,100,99998,100,99907,100,100017,100,99906,100,100018,100,99899,100
2019-06-28 09:30:20.000000000,99954,154,99945,454,99955,154,99944,354,99976,154,99943,154,99989,154,99938,154,99990,154,99935,154,99993,100,99921,100,99994,100,99913,100,99998,100,99907,100,100017,100,99906,100,100018,100,99899,100
2019-06-28 09:30:25.927270419,99954,154,99945,454,99955,154,99944,354,99976,154,99943,154,99989,154,99938,154,99990,154,99935,154,99993,100,99921,100,99994,100,99913,100,99998,100,99907,100,100017,100,99906,100,100018,100,99899,100
2019-06-28 09:30:30.000000000,99954,192,99945,492,99955,190,99944,390,99976,190,99943,190,99989,100,99938,100,99990,100,99935,100,99993,100,99921,100,99994,100,99913,100,99998,100,99907,100,100017,100,99906,100,100018,100,99899,100
2019-06-28 09:30:31.983586052,99954,192,99945,492,99955,190,99944,390,99976,190,99943,190,99987,100,99938,100,99989,100,99935,100,99990,100,99921,100,99993,100,99913,100,99994,100,99907,100,99998,100,99906,100,100017,100,99899,100
2019-06-28 09:30:40.000000000,99954,154,99945,454,99955,154,99944,354,99976,154,99943,154,99987,154,99938,154,99989,154,99935,154,99990,100,99921,100,99993,100,99913,100,99994,100,99907,100,99998,100,99906,100,100017,100,99899,100
2019-06-28 09:30:42.828210796,99953,100,99945,454,99954,154,99944,354,99955,154,99943,154,99976,154,99938,154,99987,154,99935,154,99989,154,99921,100,99990,100,99913,100,99993,100,99907,100,99994,100,99906,100,99998,100,99899,100
2019-06-28 09:30:50.000000000,99953,236,99945,536,99954,236,99944,436,99955,100,99943,100,99976,100,99938,100,99987,100,99935,100,99989,100,99921,100,99990,100,99913,100,99993,100,99907,100,99994,100,99906,100,99998,100,99899,100
2019-06-28 09:31:00.000000000,99953,192,99945,492,99954,190,99944,390,99955,190,99943,190,99976,100,99938,100,99987,100,99935,100,99989,100,99921,100,99990,100,99913,100,99993,100,99907,100,99994,100,99906,100,99998,100,99899,100
2019-06-28 09:31:02.785051115,99953,192,99945,492,99954,190,99944,390,99955,190,99943,190,99976,100,99938,100,99987,100,99935,100,99989,100,99932,100,99990,100,99921,100,99993,100,99913,100,99994,100,99907,100,99998,100,99906,100
2019-06-28 09:31:10.000000000,99953,372,99945,672,99954,100,99944,300,99955,100,99943,100,99976,100,99938,100,99987,100,99935,100,99989,100,99932,100,99990,100,99921,100,99993,100,99913,100,99994,100,99907,100,99998,100,99906,100
2019-06-28 09:31:20.000000000,99953,154,99945,454,99954,154,99944,354,99955,154,99943,154,99976,154,99938,154,99987,154,99935,154,99989,100,99932,100,99990,100,99921,100,99993,100,99913,100,99994,100,99907,100,99998,100,99906,100
2019-06-28 09:31:30.000000000,99953,192,99945,492,99954,190,99944,390,99955,190,99943,190,99976,100,99938,100,99987,100,99935,100,99989,100,99932,100,99990,100,99921,100,99993,100,99913,100,99994,100,99907,100,99998,100,99906,100
2019-06-28 09:31:39.128658906,99953,192,99945,392,99954,190,99944,390,99955,190,99943,190,99976,100,99938,100,99987,100,99935,100,99989,100,99932,100,99990,100,99921,100,99993,100,99913,100,99994,100,99907,100,99998,100,99906,100
2019-06-28 09:31:40.000000000,99953,154,99945,354,99954,154,99944,354,99955,154,99943,154,99976,154,99938,154,99987,154,99935,154,99989,100,99932,100,99990,100,99921,100,99993,100,99913,100,99994,100,99907,100,99998,100,99906,100
2019-06-28 09:31:40.140434431,99953,154,99945,354,99954,154,99944,354,99955,154,99943,154,99976,154,99938,154,99987,154,99935,154,99989,100,99932,100,99990,100,99921,100,99993,100,99913,100,99994,100,99907,100,99998,100,99906,100
2019-06-28 09:31:42.510427557,99953,154,99945,354,99954,154,99944,354,99955,154,99943,154,99976,154,99938,154,99987,154,99935,154,99989,100,99932,100,99990,100,99921,100,99993,100,99913,100,99994,100,99907,100,99998,100,99906,100
2019-06-28 09:31:42.951996106,99953,154,99945,354,99954,154,99944,354,99955,154,99943,154,99976,154,99938,154,99987,154,99935,254,99989,100,99932,100,99990,100,99921,100,99993,100,99913,100,99994,100,99907,100,99998,100,99906,100
2019-06-28 09:31:50.000000000,99953,192,99945,392,99954,190,99944,390,99955,190,99943,190,99976,100,99938,100,99987,100,99935,200,99989,100,99932,100,99990,100,99921,100,99993,100,99913,100,99994,100,99907,100,99998,100,99906,100
2019-06-28 09:31:56.261321037,99953,192,99945,292,99954,190,99944,390,99955,190,99943,190,99976,100,99938,100,99987,100,99935,200,99989,100,99932,100,99990,100,99921,100,99993,100,99913,100,99994,100,99907,100,99998,100,99906,100
2019-06-28 09:31:56.873454581,99953,192,99945,192,99954,190,99944,390,99955,190,99943,190,99976,100,99938,100,99987,100,99935,200,99990,100,99932,100,99993,100,99921,100,99994,100,99913,100,99998,100,99907,100,100017,100,99906,100
2019-06-28 09:31:57.175088368,99953,192,99945,192,99954,190,99944,390,99955,190,99943,190,99976,100,99938,100,99987,100,99935,200,99990,100,99932,100,99993,100,99921,100,99994,100,99913,100,99998,100,99907,100,100017,100,99906,100
2019-06-28 09:32:00.000000000,99953,154,99945,154,99954,154,99944,354,99955,154,99943,154,99976,154,99938,154,99987,154,99935,254,99990,100,99932,100,99993,100,99921,100,99994,100,99913,100,99998,100,99907,100,100017,100,99906,100
2019-06-28 09:32:10.000000000,99953,192,99945,192,99954,190,99944,390,99955,190,99943,190,99976,100,99938,100,99987,100,99935,200,99990,100,99932,100,99993,100,99921,100,99994,100,99913,100,99998,100,99907,100,100017,100,99906,100
2019-06-28 09:32:20.000000000,99953,192,99945,192,99954,190,99944,390,99955,190,99943,190,99976,100,99938,100,99987,100,99935,200,99990,100,99932,100,99993,100,99921,100,99994,100,99913,100,99998,100,99907,100,100017,100,99906,100
2019-06-28 09:32:30.000000000,99953,236,99945,236,99954,236,99944,436,99955,100,99943,100,99976,100,99938,100,99987,100,99935,200,99990,100,99932,100,99993,100,99921,100,99994,100,99913,100,99998,100,99907,100,100017,100,99906,100
2019-06-28 09:32:31.076974250,99953,236,99945,136,99954,236,99944,436,99955,100,99943,100,99976,100,99938,100,99987,100,99935,200,99990,100,99932,100,99993,100,99921,100,99994,100,99913,100,99998,100,99907,100,100017,100,99906,100
2019-06-28 09:32:32.643304617,99953,236,99945,36,99954,236,99944,436,99955,100,99943,100,99976,100,99938,100,99987,100,99935,200,99990,100,99921,100,99993,100,99913,100,99994,100,99907,100,99998,100,99906,100,100017,100,99899,100
2019-06-28 09:32:40.000000000,99953,168,99944,368,99954,168,99943,168,99955,168,99938,168,99976,168,99935,268,99987,100,99921,100,99990,100,99913,100,99993,100,99907,100,99994,100,99906,100,99998,100,99899,100,100017,100,99896,100
2019-06-28 09:32:40.062392605,99945,100,99944,368,99953,168,99943,168,99954,168,99938,168,99955,168,99935,268,99976,168,99913,100,99987,100,99907,100,99990,100,99906,100,99993,100,99899,100,99994,100,99896,100,99998,100,99895,100
2019-06-28 09:32:50.000000000,99945,168,99944,368,99953,168,99943,168,99954,168,99938,168,99955,168,99935,268,99976,100,99913,100,99987,100,99907,100,99990,100,99906,100,99993,100,99899,100,99994,100,99896,100,99998,100,99895,100
2019-06-28 09:33:00.000000000,99945,154,99944,354,99953,154,99943,154,99954,154,99938,154,99955,154,99935,254,99976,154,99913,154,99987,100,99907,100,99990,100,99906,100,99993,100,99899,100,99994,100,99896,100,99998,100,99895,100
2019-06-28 09:33:04.162619223,99945,154,99944,254,99953,154,99943,154,99954,154,99938,154,99955,154,99935,254,99976,154,99913,154,99987,100,99907,100,99990,100,99906,100,99993,100,99899,100,99994,100,99896,100,99998,100,99895,100
2019-06-28 09:33:07.060111904,99945,154,99944,154,99953,154,99943,154,99954,154,99938,154,99955,154,99935,254,99976,154,99913,154,99987,100,99907,100,99990,100,99906,100,99993,100,99899,100,99994,100,99896,100,99998,100,99895,100
2019-06-28 09:33:10.000000000,99945,168,99944,168,99953,168,99943,168,99954,168,99938,168,99955,168,99935,268,99976,100,99913,100,99987,100,99907,100,99990,100,99906,100,99993,100,99899,100,99994,100,99896,100,99998,100,99895,100
2019-06-28 09:33:17.981952896,99944,32,99943,168,99945,168,99938,168,99953,168,99935,268,99954,168,99913,100,99955,168,99907,100,99976,100,99906,100,99987,100,99899,100,99990,100,99896,100,99993,100,99895,100,99994,100,99872,100
2019-06-28 09:33:20.000000000,99944,168,99943,236,99945,236,99938,236,99953,100,99935,200,99954,100,99913,100,99955,100,99907,100,99976,100,99906,100,99987,100,99899,100,99990,100,99896,100,99993,100,99895,100,99994,100,99872,100
2019-06-28 09:33:26.585116249,99944,168,99943,236,99945,236,99938,236,99953,100,99935,200,99954,100,99913,100,99955,100,99907,100,99976,100,99906,100,99987,100,99899,100,99990,100,99895,100,99993,100,99872,100,99994,100,99853,100
2019-06-28 09:33:30.000000000,99944,100,99943,168,99945,168,99938,168,99953,168,99935,268,99954,168,99913,168,99955,100,99907,100,99976,100,99906,100,99987,100,99899,100,99990,100,99895,100,99993,100,99872,100,99994,100,99853,100
2019-06-28 09:33:38.886473231,99944,100,99943,68,99945,168,99938,168,99953,168,99935,268,99954,168,99913,168,99955,100,99907,100,99976,100,99906,100,99987,100,99899,100,99990,100,99895,100,99993,100,99872,100,99994,100,99853,100
2019-06-28 09:33:40.000000000,99944,304,99938,372,99945,100,99935,200,99953,100,99913,100,99954,100,99907,100,99955,100,99906,100,99976,100,99899,100,99987,100,99895,100,99990,100,99872,100,99993,100,99853,100,99994,100,99848,100
2019-06-28 09:33:50.000000000,99944,304,99938,372,99945,100,99935,200,99953,100,99913,100,99954,100,99907,100,99955,100,99906,100,99976,100,99899,100,99987,100,99895,100,99990,100,99872,100,99993,100,99853,100,99994,100,99848,100
2019-06-28 09:33:52.671856793,99944,304,99938,372,99945,100,99935,200,99953,100,99913,100,99954,100,99907,100,99955,100,99906,100,99976,100,99899,100,99987,100,99895,100,99990,100,99872,100,99993,100,99853,100,99994,100,99838,100
2019-06-28 09:34:00.000000000,99944,304,99938,372,99945,100,99935,200,99953,100,99913,100,99954,100,99907,100,99955,100,99906,100,99976,100,99899,100,99987,100,99895,100,99990,100,99872,100,99993,100,99853,100,99994,100,99838,100
2019-06-28 09:34:04.047392462,99944,304,99938,272,99945,100,99935,200,99953,100,99913,100,99954,100,99907,100,99955,100,99906,100,99976,100,99899,100,99987,100,99895,100,99990,100,99853,100,99993,100,99838,100,99994,100,99778,100
2019-06-28 09:34:06.682643204,99944,304,99938,172,99945,100,99935,200,99953,100,99913,100,99954,100,99907,100,99955,100,99906,100,99976,100,99899,100,99987,100,99895,100,99990,100,99853,100,99993,100,99838,100,99994,100,99778,100
2019-06-28 09:34:10.000000000,99944,100,99935,268,99945,168,99913,168,99953,168,99907,168,99954,168,99906,168,99955,100,99899,100,99976,100,99895,100,99987,100,99853,100,99990,100,99838,100,99993,100,99778,100,99994,100,99666,100
2019-06-28 09:34:13.013415285,99944,100,99935,268,99945,168,99913,168,99953,168,99907,168,99954,168,99906,168,99955,100,99899,100,99976,100,99895,100,99987,100,99853,100,99990,100,99838,100,99993,100,99778,100,99994,100,99666,100
2019-06-28 09:34:20.000000000,99944,124,99935,292,99945,190,99913,190,99953,190,99907,190,99954,100,99906,100,99955,100,99899,100,99976,100,99895,100,99987,100,99853,100,99990,100,99838,100,99993,100,99778,100,99994,100,99666,100
2019-06-28 09:34:30.000000000,99944,304,99935,472,99945,100,99913,100,99953,100,99907,100,99954,100,99906,100,99955,100,99899,100,99976,100,99895,100,99987,100,99853,100,99990,100,99838,100,99993,100,99778,100,99994,100,99666,100
2019-06-28 09:34:40.000000000,99944,124,99935,292,99945,190,99913,190,99953,190,99907,190,99954,100,99906,100,99955,100,99899,100,99976,100,99895,100,99987,100,99853,100,99990,100,99838,100,99993,100,99778,100,99994,100,99666,100
2019-06-28 09:34:50.000000000,99944,100,99935,268,99945,168,99913,168,99953,168,99907,168,99954,168,99906,168,99955,100,99899,100,99976,100,99895,100,99987,100,99853,100,99990,100,99838,100,99993,100,99778,100,99994,100,99666,100
2019-06-28 09:35:00.000000000,99944,86,99935,254,99945,154,99913,154,99953,154,99907,154,99954,154,99906,154,99955,154,99899,154,99976,100,99895,100,99987,100,99853,100,99990,100,99838,100,99993,100,99778,100,99994,100,99666,100
2019-06-28 09:35:10.000000000,99944,124,99935,292,99945,190,99913,190,99953,190,99907,190,99954,100,99906,100,99955,100,99899,100,99976,100,99895,100,99987,100,99853,100,99990,100,99838,100,99993,100,99778,100,99994,100,99666,100
2019-06-28 09:35:13.482084155,99944,124,99935,292,99945,190,99913,190,99953,190,99907,190,99954,100,99906,100,99976,100,99899,100,99987,100,99895,100,99990,100,99853,100,99993,100,99838,100,99994,100,99778,100,99998,100,99666,100
2019-06-28 09:35:20.000000000,99944,86,99935,254,99945,154,99913,154,99953,154,99907,154,99954,154,99906,154,99976,154,99899,154,99987,100,99895,100,99990,100,99853,100,99993,100,99838,100,99994,100,99778,100,99998,100,99666,100
2019-06-28 09:35:28.397308316,99944,86,99935,254,99945,154,99913,154,99953,154,99907,154,99954,154,99906,54,99962,100,99899,154,99976,154,99895,100,99987,100,99853,100,99990,100,99838,100,99993,100,99778,100,99994,100,99666,100
2019-06-28 09:35:30.000000000,99944,86,99935,254,99945,154,99913,154,99953,154,99907,154,99954,154,99899,154,99962,154,99895,154,99976,100,99853,100,99987,100,99838,100,99990,100,99778,100,99993,100,99666,100,99994,100,99625,100
2019-06-28 09:35:31.118693726,99944,86,99935,254,99945,154,99913,154,99953,54,99907,154,99954,154,99899,154,99962,154,99895,154,99976,100,99853,100,99987,100,99838,100,99990,100,99778,100,99993,100,99666,100,99994,100,99625,100
2019-06-28 09:35:39.257392730,99944,86,99935,154,99945,154,99913,154,99953,54,99907,154,99954,154,99899,154,99962,154,99895,154,99976,100,99853,100,99987,100,99838,100,99990,100,99778,100,99993,100,99666,100,99994,100,99625,100
2019-06-28 09:35:40.000000000,99944,304,99935,372,99945,100,99913,100,99954,100,99907,100,99962,100,99899,100,99976,100,99895,100,99987,100,99853,100,99990,100,99838,100,99993,100,99778,100,99994,100,99666,100,99998,100,99625,100
2019-06-28 09:35:40.624516349,99944,204,99935,372,99945,100,99913,100,99954,100,99907,100,99962,100,99899,100,99976,100,99895,100,99987,100,99853,100,99990,100,99838,100,99993,100,99778,100,99994,100,99666,100,99998,100,99625,100
2019-06-28 09:35:43.289261440,99944,204,99935,372,99945,100,99913,100,99954,100,99907,100,99962,100,99899,100,99976,100,99895,100,99987,100,99853,100,99990,100,99838,100,99993,100,99778,100,99994,100,99763,100,99998,100,99666,100
2019-06-28 09:35:50.000000000,99945,192,99935,192,99954,190,99913,190,99962,190,99907,190,99976,100,99899,100,99987,100,99895,100,99990,100,99853,100,99993,100,99838,100,99994,100,99778,100,99998,100,99763,100,100017,100,99666,100
2019-06-28 09:35:57.602362733,99945,92,99935,192,99954,190,99913,190,99962,190,99907,190,99976,100,99899,100,99987,100,99895,100,99990,100,99838,100,99993,100,99778,100,99994,100,99763,100,99998,100,99666,100,100017,100,99625,100
2019-06-28 09:36:00.000000000,99954,372,99935,372,99962,100,99913,100,99976,100,99907,100,99987,100,99899,100,99990,100,99895,100,99993,100,99838,100,99994,100,99778,100,99998,100,99763,100,100017,100,99666,100,100018,100,99625,100
2019-06-28 09:36:04.882698648,99954,272,99935,372,99962,100,99913,100,99976,100,99907,100,99987,100,99899,100,99990,100,99895,100,99993,100,99838,100,99994,100,99778,100,99998,100,99763,100,100017,100,99666,100,100018,100,99625,100
2019-06-28 09:36:10.000000000,99962,154,99935,154,99976,154,99913,154,99987,154,99907,154,99990,154,99899,154,99993,154,99895,154,99994,100,99838,100,99998,100,99778,100,100017,100,99763,100,100018,100,99666,100,100029,100,99625,100
2019-06-28 09:36:20.000000000,99962,168,99935,168,99976,168,99913,168,99987,168,99907,168,99990,168,99899,168,99993,100,99895,100,99994,100,99838,100,99998,100,99778,100,100017,100,99763,100,100018,100,99666,100,100029,100,99625,100
2019-06-28 09:36:30.000000000,99962,236,99935,236,99976,236,99913,236,99987,100,99907,100,99990,100,99899,100,99993,100,99895,100,99994,100,99838,100,99998,100,99778,100,100017,100,99763,100,100018,100,99666,100,100029,100,99625,100
2019-06-28 09:36:40.000000000,99962,372,99935,372,99976,100,99913,100,99987,100,99907,100,99990,100,99899,100,99993,100,99895,100,99994,100,99838,100,99998,100,99778,100,100017,100,99763,100,100018,100,99666,100,100029,100,99625,100
2019-06-28 09:36:41.668949353,99962,372,99935,372,99976,100,99913,100,99987,100,99907,100,99990,100,99899,100,99993,100,99895,100,99994,100,99838,100,99998,100,99778,100,100017,100,99763,100,100018,100,99666,100,100029,100,99625,100
2019-06-28 09:36:43.306992303,99962,372,99935,272,99976,100,99913,100,99987,100,99907,100,99990,100,99899,100,99993,100,99895,100,99994,100,99838,100,99998,100,99763,100,100017,100,99666,100,100018,100,99625,100,100029,100,99304,100
2019-06-28 09:36:50.000000000,99962,372,99913,372,99976,100,99907,100,99987,100,99899,100,99990,100,99895,100,99993,100,99838,100,99994,100,99763,100,99998,100,99666,100,100017,100,99625,100,100018,100,99304,100,100029,100,99252,100
2019-06-28 09:37:00.000000000,99962,168,99913,168,99976,168,99907,168,99987,168,99899,168,99990,168,99895,168,99993,100,99838,100,99994,100,99763,100,99998,100,99666,100,100017,100,99625,100,100018,100,99304,100,100029,100,99252,100
2019-06-28 09:37:10.000000000,99962,168,99913,168,99976,168,99907,168,99987,168,99899,168,99990,168,99895,168,99993,100,99838,100,99994,100,99763,100,99998,100,99666,100,100017,100,99625,100,100018,100,99304,100,100029,100,99252,100
2019-06-28 09:37:20.000000000,99962,168,99913,168,99976,168,99907,168,99987,168,99899,168,99990,168,99895,168,99993,100,99838,100,99994,100,99763,100,99998,100,99666,100,100017,100,99625,100,100018,100,99304,100,100029,100,99252,100
2019-06-28 09:37:27.372051281,99962,68,99913,168,99976,168,99907,168,99987,168,99899,168,99990,168,99895,168,99993,100,99838,100,99994,100,99763,100,99998,100,99666,100,100017,100,99625,100,100018,100,99304,100,100029,100,99252,100
2019-06-28 09:37:30.000000000,99976,168,99913,168,99987,168,99907,168,99990,168,99899,168,99993,168,99895,168,99994,100,99838,100,99998,100,99763,100,100017,100,99666,100,100018,100,99625,100,100029,100,99304,100,100033,100,99252,100
2019-06-28 09:37:40.000000000,99976,372,99913,372,99987,100,99907,100,99990,100,99899,100,99993,100,99895,100,99994,100,99838,100,99998,100,99763,100,100017,100,99666,100,100018,100,99625,100,100029,100,99304,100,100033,100,99252,100
2019-06-28 09:37:44.965992534,99976,372,99913,372,99987,100,99907,100,99990,100,99899,100,99993,100,99895,100,99994,100,99838,100,99998,100,99763,100,100017,100,99625,100,100018,100,99304,100,100029,100,99252,100,100033,100,99087,100
2019-06-28 09:37:50.000000000,99976,236,99913,236,99987,236,99907,236,99990,100,99899,100,99993,100,99895,100,99994,100,99838,100,99998,100,99763,100,100017,100,99625,100,100018,100,99304,100,100029,100,99252,100,100033,100,99087,100
2019-06-28 09:37:51.369066697,99976,236,99913,236,99987,136,99907,236,99990,100,99899,100,99993,100,99895,100,99994,100,99838,100,99998,100,99763,100,100017,100,99625,100,100018,100,99304,100,100029,100,99252,100,100033,100,99087,100
2019-06-28 09:38:00.000000000,99976,154,99913,154,99990,154,99907,154,99993,154,99899,154,99994,154,99895,154,99998,154,99838,154,100017,100,99763,100,100018,100,99625,100,100029,100,99304,100,100033,100,99252,100,100036,100,99087,100
2019-06-28 09:38:10.000000000,99976,154,99913,154,99990,154,99907,154,99993,154,99899,154,99994,154,99895,154,99998,154,99838,154,100017,100,99763,100,100018,100,99625,100,100029,100,99304,100,100033,100,99252,100,100036,100,99087,100
2019-06-28 09:38:20.000000000,99976,236,99913,236,99990,236,99907,236,99993,100,99899,100,99994,100,99895,100,99998,100,99838,100,100017,100,99763,100,100018,100,99625,100,100029,100,99304,100,100033,100,99252,100,100036,100,99087,100
2019-06-28 09:38:30.000000000,99976,372,99913,372,99990,100,99907,100,99993,100,99899,100,99994,100,99895,100,99998,100,99838,100,100017,100,99763,100,100018,100,99625,100,100029,100,99304,100,100033,100,99252,100,100036,100,99087,100
2019-06-28 09:38:40.000000000,99976,192,99913,192,99990,190,99907,190,99993,190,99899,190,99994,100,99895,100,99998,100,99838,100,100017,100,99763,100,100018,100,99625,100,100029,100,99304,100,100033,100,99252,100,100036,100,99087,100
2019-06-28 09:38:45.883455240,99976,192,99913,192,99990,190,99907,190,99993,190,99899,190,99994,100,99895,100,99998,100,99838,100,100017,100,99763,100,100029,100,99625,100,100033,100,99304,100,100036,100,99252,100,100043,100,99087,100
2019-06-28 09:38:50.000000000,99976,372,99913,372,99990,100,99907,100,99993,100,99899,100,99994,100,99895,100,99998,100,99838,100,100017,100,99763,100,100029,100,99625,100,100033,100,99304,100,100036,100,99252,100,100043,100,99087,100
2019-06-28 09:39:00.000000000,99976,192,99913,192,99990,190,99907,190,99993,190,99899,190,99994,100,99895,100,99998,100,99838,100,100017,100,99763,100,100029,100,99625,100,100033,100,99304,100,100036,100,99252,100,100043,100,99087,100
2019-06-28 09:39:05.989594908,99976,192,99913,192,99990,190,99907,190,99993,190,99899,190,99994,100,99895,100,99998,100,99838,100,100017,100,99763,100,100029,100,99625,100,100033,100,99597,100,100036,100,99304,100,100043,100,99252,100
2019-06-28 09:39:10.000000000,99976,372,99913,372,99990,100,99907,100,99993,100,99899,100,99994,100,99895,100,99998,100,99838,100,100017,100,99763,100,100029,100,99625,100,100033,100,99597,100,100036,100,99304,100,100043,100,99252,100
2019-06-28 09:39:20.000000000,99976,192,99913,192,99990,190,99907,190,99993,190,99899,190,99994,100,99895,100,99998,100,99838,100,100017,100,99763,100,100029,100,99625,100,100033,100,99597,100,100036,100,99304,100,100043,100,99252,100
2019-06-28 09:39:22.869476020,99961,100,99913,192,99976,192,99907,190,99990,190,99899,190,99993,90,99895,100,99994,100,99838,100,99998,100,99763,100,100017,100,99625,100,100029,100,99597,100,100033,100,99304,100,100036,100,99252,100
2019-06-28 09:39:25.981089700,99961,100,99913,192,99976,192,99907,190,99990,190,99899,90,99993,90,99895,100,99994,100,99838,100,99998,100,99763,100,100017,100,99625,100,100029,100,99597,100,100033,100,99304,100,100036,100,99252,100
2019-06-28 09:39:30.000000000,99961,168,99913,168,99976,168,99907,168,99990,168,99895,168,99994,168,99838,168,99998,100,99763,100,100017,100,99625,100,100029,100,99597,100,100033,100,99304,100,100036,100,99252,100,100043,100,99179,100
2019-06-28 09:39:40.000000000,99961,236,99913,236,99976,236,99907,236,99990,100,99895,100,99994,100,99838,100,99998,100,99763,100,100017,100,99625,100,100029,100,99597,100,100033,100,99304,100,100036,100,99252,100,100043,100,99179,100
2019-06-28 09:39:42.208496234,99961,236,99913,236,99976,236,99907,236,99990,100,99895,100,99994,100,99838,100,99998,100,99763,100,100017,100,99625,100,100029,100,99597,100,100033,100,99447,100,100036,100,99304,100,100043,100,99252,100
2019-06-28 09:39:50.000000000,99961,168,99913,168,99976,168,99907,168,99990,168,99895,168,99994,168,99838,168,99998,100,99763,100,100017,100,99625,100,100029,100,99597,100,100033,100,99447,100,100036,100,99304,100,100043,100,99252,100
2019-06-28 09:39:52.323288460,99961,168,99913,168,99976,168,99907,168,99990,168,99895,168,99994,168,99838,168,99998,100,99763,100,100017,100,99625,100,100029,100,99597,100,100033,100,99449,100,100036,100,99447,100,100043,100,99304,100
2019-06-28 09:39:56.996293392,99961,168,99913,168,99976,168,99907,168,99990,68,99895,168,99994,168,99838,168,99998,100,99763,100,100017,100,99625,100,100029,100,99597,100,100033,100,99471,100,100036,100,99449,100,100043,100,99447,100
2019-06-28 09:40:00.000000000,99961,154,99913,154,99976,154,99907,154,99994,154,99895,154,99998,154,99838,154,100017,154,99763,154,100029,100,99625,100,100033,100,99597,100,100036,100,99471,100,100043,100,99449,100,100044,100,99447,100
2019-06-28 09:40:10.000000000,99961,372,99913,372,99976,100,99907,100,99994,100,99895,100,99998,100,99838,100,100017,100,99763,100,100029,100,99625,100,100033,100,99597,100,100036,100,99471,100,100043,100,99449,100,100044,100,99447,100
2019-06-28 09:40:11.224517632,99961,372,99913,372,99976,100,99907,100,99994,100,99895,100,99998,100,99838,100,100017,100,99763,100,100029,100,99625,100,100033,100,99597,100,100036,100,99471,100,100043,100,99449,100,100044,100,99447,100
2019-06-28 09:40:16.181412320,99961,372,99913,272,99976,100,99907,100,99994,100,99895,100,99998,100,99838,100,100017,100,99763,100,100029,100,99625,100,100033,100,99597,100,100036,100,99471,100,100043,100,99449,100,100044,100,99447,100
2019-06-28 09:40:20.000000000,99961,236,99907,236,99976,236,99895,236,99994,100,99838,100,99998,100,99763,100,100017,100,99625,100,100029,100,99597,100,100033,100,99471,100,100036,100,99449,100,100043,100,99447,100,100044,100,99304,100
2019-06-28 09:40:27.770025585,99961,236,99907,236,99976,236,99895,236,99994,100,99838,100,99998,100,99763,100,100017,100,99625,100,100029,100,99597,100,100033,100,99471,100,100043,100,99449,100,100044,100,99447,100,100045,100,99422,100
2019-06-28 09:40:30.000000000,99961,192,99907,192,99976,190,99895,190,99994,190,99838,190,99998,100,99763,100,100017,100,99625,100,100029,100,99597,100,100033,100,99471,100,100043,100,99449,100,100044,100,99447,100,100045,100,99422,100
2019-06-28 09:40:40.000000000,99961,236,99907,236,99976,236,99895,236,99994,100,99838,100,99998,100,99763,100,100017,100,99625,100,100029,100,99597,100,100033,100,99471,100,100043,100,99449,100,100044,100,99447,100,100045,100,99422,100
2019-06-28 09:40:50.000000000,99961,192,99907,192,99976,190,99895,190,99994,190,99838,190,99998,100,99763,100,100017,100,99625,100,100029,100,99597,100,100033,100,99471,100,100043,100,99449,100,100044,100,99447,100,100045,100,99422,100
2019-06-28 09:41:00.000000000,99961,168,99907,168,99976,168,99895,168,99994,168,99838,168,99998,168,99763,168,100017,100,99625,100,100029,100,99597,100,100033,100,99471,100,100043,100,99449,100,100044,100,99447,100,100045,100,99422,100
2019-06-28 09:41:10.000000000,99961,168,99907,168,99976,168,99895,168,99994,168,99838,168,99998,168,99763,168,100017,100,99625,100,100029,100,99597,100,100033,100,99471,100,100043,100,99449,100,100044,100,99447,100,100045,100,99422,100
2019-06-28 09:41:20.000000000,99961,372,99907,372,99976,100,99895,100,99994,100,99838,100,99998,100,99763,100,100017,100,99625,100,100029,100,99597,100,100033,100,99471,100,100043,100,99449,100,100044,100,99447,100,100045,100,99422,100
2019-06-28 09:41:30.000000000,99961,236,99907,236,99976,236,99895,236,99994,100,99838,100,99998,100,99763,100,100017,100,99625,100,100029,100,99597,100,100033,100,99471,100,100043,100,99449,100,100044,100,99447,100,100045,100,99422,100
2019-06-28 09:41:31.982936636,99961,236,99907,236,99976,236,99895,236,99994,100,99838,100,99998,100,99829,100,100017,100,99763,100,100029,100,99625,100,100033,100,99597,100,100043,100,99471,100,100044,100,99449,100,100045,100,99447,100
2019-06-28 09:41:36.808637386,99961,236,99907,236,99976,236,99895,236,99994,100,99855,100,99998,100,99838,100,100017,100,99829,100,100029,100,99763,100,100033,100,99625,100,100043,100,99597,100,100044,100,99471,100,100045,100,99449,100
2019-06-28 09:41:37.961281588,99961,236,99907,236,99976,236,99895,236,99994,100,99873,100,99998,100,99855,100,100017,100,99838,100,100029,100,99829,100,100033,100,99763,100,100043,100,99625,100,100044,100,99597,100,100045,100,99471,100
2019-06-28 09:41:40.000000000,99961,192,99907,192,99976,190,99895,190,99994,190,99873,190,99998,100,99855,100,100017,100,99838,100,100029,100,99829,100,100033,100,99763,100,100043,100,99625,100,100044,100,99597,100,100045,100,99471,100
2019-06-28 09:41:49.377537167,99961,192,99907,192,99976,190,99895,190,99994,190,99873,190,99998,100,99855,100,100017,100,99838,100,100029,100,99829,100,100033,100,99763,100,100043,100,99625,100,100044,100,99597,100,100045,100,99571,100
2019-06-28 09:41:50.000000000,99961,154,99907,154,99976,154,99895,154,99994,154,99873,154,99998,154,99855,154,100017,154,99838,154,100029,100,99829,100,100033,100,99763,100,100043,100,99625,100,100044,100,99597,100,100045,100,99571,100
2019-06-28 09:42:00.000000000,99961,236,99907,236,99976,236,99895,236,99994,100,99873,100,99998,100,99855,100,100017,100,99838,100,100029,100,99829,100,100033,100,99763,100,100043,100,99625,100,100044,100,99597,100,100045,100,99571,100
2019-06-28 09:42:10.000000000,99961,154,99907,154,99976,154,99895,154,99994,154,99873,154,99998,154,99855,154,100017,154,99838,154,100029,100,99829,100,100033,100,99763,100,100043,100,99625,100,100044,100,99597,100,100045,100,99571,100
2019-06-28 09:42:20.000000000,99961,168,99907,168,99976,168,99895,168,99994,168,99873,168,99998,168,99855,168,100017,100,99838,100,100029,100,99829,100,100033,100,99763,100,100043,100,99625,100,100044,100,99597,100,100045,100,99571,100
2019-06-28 09:42:30.000000000,99961,192,99907,192,99976,190,99895,190,99994,190,99873,190,99998,100,99855,100,100017,100,99838,100,100029,100,99829,100,100033,100,99763,100,100043,100,99625,100,100044,100,99597,100,100045,100,99571,100
2019-06-28 09:42:36.916971282,99961,192,99907,92,99976,190,99895,190,99994,190,99873,190,99998,100,99855,100,100017,100,99838,100,100029,100,99829,100,100033,100,99763,100,100043,100,99625,100,100044,100,99597,100,100045,100,99471,100
2019-06-28 09:42:40.000000000,99961,192,99895,192,99976,190,99873,190,99994,190,99855,190,99998,100,99838,100,100017,100,99829,100,100029,100,99763,100,100033,100,99625,100,100043,100,99597,100,100044,100,99471,100,100045,100,99449,100
2019-06-28 09:42:46.843469739,99961,192,99895,92,99976,190,99873,190,99994,190,99855,190,99998,100,99838,100,100017,100,99829,100,100029,100,99763,100,100033,100,99625,100,100043,100,99597,100,100044,100,99471,100,100045,100,99449,100
2019-06-28 09:42:50.000000000,99961,236,99873,236,99976,236,99855,236,99994,100,99838,100,99998,100,99829,100,100017,100,99763,100,100029,100,99625,100,100033,100,99597,100,100043,100,99471,100,100044,100,99449,100,100045,100,99447,100
2019-06-28 09:43:00.000000000,99961,168,99873,168,99976,168,99855,168,99994,168,99838,168,99998,168,99829,168,100017,100,99763,100,100029,100,99625,100,100033,100,99597,100,100043,100,99471,100,100044,100,99449,100,100045,100,99447,100
2019-06-28 09:43:10.000000000,99961,372,99873,372,99976,100,99855,100,99994,100,99838,100,99998,100,99829,100,100017,100,99763,100,100029,100,99625,100,100033,100,99597,100,100043,100,99471,100,100044,100,99449,100,100045,100,99447,100
2019-06-28 09:43:20.000000000,99961,154,99873,154,99976,154,99855,154,99994,154,99838,154,99998,154,99829,154,100017,154,99763,154,100029,100,99625,100,100033,100,99597,100,100043,100,99471,100,100044,100,99449,100,100045,100,99447,100
2019-06-28 09:43:26.312772153,99961,154,99873,154,99976,154,99855,154,99994,154,99838,154,99998,154,99829,154,100017,154,99763,154,100029,100,99625,100,100033,100,99597,100,100043,100,99471,100,100044,100,99449,100,100045,100,99447,100
2019-06-28 09:43:30.000000000,99961,168,99873,168,99976,168,99855,168,99994,168,99838,168,99998,168,99829,168,100017,100,99763,100,100029,100,99625,100,100033,100,99597,100,100043,100,99471,100,100044,100,99449,100,100045,100,99447,100
2019-06-28 09:43:33.439023450,99961,168,99873,168,99976,168,99855,168,99994,168,99838,168,99998,168,99829,168,100017,100,99763,100,100029,100,99625,100,100033,100,99597,100,100043,100,99511,100,100044,100,99471,100,100045,100,99449,100
2019-06-28 09:43:35.712008448,99961,168,99873,68,99976,168,99855,168,99994,168,99838,168,99998,168,99829,168,100017,100,99763,100,100029,100,99625,100,100033,100,99597,100,100043,100,99511,100,100044,100,99471,100,100045,100,99449,100
2019-06-28 09:43:40.000000000,99961,192,99855,192,99976,190,99838,190,99994,190,99829,190,99998,100,99763,100,100017,100,99625,100,100029,100,99597,100,100033,100,99511,100,100043,100,99471,100,100044,100,99449,100,100045,100,99447,100
2019-06-28 09:43:45.163214557,99895,100,99855,192,99961,192,99838,190,99976,190,99829,190,99994,190,99763,100,99998,100,99625,100,100017,100,99597,100,100029,100,99511,100,100033,100,99471,100,100043,100,99449,100,100044,100,99447,100
2019-06-28 09:43:50.000000000,99895,168,99855,168,99961,168,99838,168,99976,168,99829,168,99994,168,99763,168,99998,100,99625,100,100017,100,99597,100,100029,100,99511,100,100033,100,99471,100,100043,100,99449,100,100044,100,99447,100
2019-06-28 09:43:55.364253368,99895,168,99855,168,99961,168,99838,168,99976,168,99829,168,99994,168,99814,100,99998,100,99763,168,100017,100,99625,100,100029,100,99597,100,100033,100,99511,100,100043,100,99471,100,100044,100,99449,100
2019-06-28 09:44:00.000000000,99895,236,99855,236,99961,236,99838,236,99976,100,99829,100,99994,100,99814,100,99998,100,99763,100,100017,100,99625,100,100029,100,99597,100,100033,100,99511,100,100043,100,99471,100,100044,100,99449,100
2019-06-28 09:44:10.000000000,99895,372,99855,372,99961,100,99838,100,99976,100,99829,100,99994,100,99814,100,99998,100,99763,100,100017,100,99625,100,100029,100,99597,100,100033,100,99511,100,100043,100,99471,100,100044,100,99449,100
2019-06-28 09:44:20.000000000,99895,236,99855,236,99961,236,99838,236,99976,100,99829,100,99994,100,99814,100,99998,100,99763,100,100017,100,99625,100,100029,100,99597,100,100033,100,99511,100,100043,100,99471,100,100044,100,99449,100
2019-06-28 09:44:21.617777356,99895,236,99855,236,99961,236,99838,236,99976,100,99829,100,99994,100,99814,100,99998,100,99763,100,100017,100,99625,100,100029,100,99597,100,100033,100,99511,100,100043,100,99471,100,100045,100,99449,100
2019-06-28 09:44:30.000000000,99895,192,99855,192,99961,190,99838,190,99976,190,99829,190,99994,100,99814,100,99998,100,99763,100,100017,100,99625,100,100029,100,99597,100,100033,100,99511,100,100043,100,99471,100,100045,100,99449,100
2019-06-28 09:44:34.976917619,99895,192,99855,192,99961,190,99838,190,99976,190,99829,190,99977,100,99814,100,99994,100,99763,100,99998,100,99625,100,100017,100,99597,100,100029,100,99511,100,100033,100,99471,100,100043,100,99449,100
2019-06-28 09:44:40.000000000,99895,236,99855,236,99961,236,99838,236,99976,100,99829,100,99977,100,99814,100,99994,100,99763,100,99998,100,99625,100,100017,100,99597,100,100029,100,99511,100,100033,100,99471,100,100043,100,99449,100
2019-06-28 09:44:50.000000000,99895,372,99855,372,99961,100,99838,100,99976,100,99829,100,99977,100,99814,100,99994,100,99763,100,99998,100,99625,100,100017,100,99597,100,100029,100,99511,100,100033,100,99471,100,100043,100,99449,100
2019-06-28 09:45:00.000000000,99895,372,99855,372,99961,100,99838,100,99976,100,99829,100,99977,100,99814,100,99994,100,99763,100,99998,100,99625,100,100017,100,99597,100,100029,100,99511,100,100033,100,99471,100,100043,100,99449,100
2019-06-28 09:45:01.037427363,99895,372,99855,372,99961,100,99838,100,99976,100,99829,100,99977,100,99814,100,99994,100,99763,100,99998,100,99625,100,100017,100,99597,100,100029,100,99511,100,100033,100,99471,100,100043,100,99449,100
2019-06-28 09:45:10.000000000,99895,168,99855,168,99961,168,99838,168,99976,168,99829,168,99977,168,99814,168,99994,100,99763,100,99998,100,99625,100,100017,100,99597,100,100029,100,99511,100,100033,100,99471,100,100043,100,99449,100
2019-06-28 09:45:13.811170331,99895,168,99866,100,99961,168,99855,168,99976,168,99838,168,99977,168,99829,168,99994,100,99814,168,99998,100,99763,100,100017,100,99625,100,100029,100,99597,100,100033,100,99511,100,100043,100,99471,100
2019-06-28 09:45:20.000000000,99895,372,99866,372,99961,100,99855,100,99976,100,99838,100,99977,100,99829,100,99994,100,99814,100,99998,100,99763,100,100017,100,99625,100,100029,100,99597,100,100033,100,99511,100,100043,100,99471,100
2019-06-28 09:45:30.000000000,99895,236,99866,236,99961,236,99855,236,99976,100,99838,100,99977,100,99829,100,99994,100,99814,100,99998,100,99763,100,100017,100,99625,100,100029,100,99597,100,100033,100,99511,100,100043,100,99471,100
2019-06-28 09:45:34.344114988,99895,236,99866,236,99956,100,99855,236,99961,236,99838,100,99976,100,99829,100,99977,100,99814,100,99994,100,99763,100,99998,100,99625,100,100017,100,99597,100,100029,100,99511,100,100033,100,99471,100
2019-06-28 09:45:40.000000000,99895,168,99866,168,99956,168,99855,168,99961,168,99838,168,99976,168,99829,168,99977,100,99814,100,99994,100,99763,100,99998,100,99625,100,100017,100,99597,100,100029,100,99511,100,100033,100,99471,100
2019-06-28 09:45:50.000000000,99895,168,99866,168,99956,168,99855,168,99961,168,99838,168,99976,168,99829,168,99977,100,99814,100,99994,100,99763,100,99998,100,99625,100,100017,100,99597,100,100029,100,99511,100,100033,100,99471,100
2019-06-28 09:46:00.000000000,99895,372,99866,372,99956,100,99855,100,99961,100,99838,100,99976,100,99829,100,99977,100,99814,100,99994,100,99763,100,99998,100,99625,100,100017,100,99597,100,100029,100,99511,100,100033,100,99471,100
2019-06-28 09:46:02.898799790,99895,372,99866,372,99956,100,99855,100,99961,100,99838,100,99976,100,99829,100,99977,100,99814,100,99994,100,99763,100,99998,100,99720,100,100017,100,99625,100,100029,100,99597,100,100033,100,99511,100
2019-06-28 09:46:10.000000000,99895,168,99866,168,99956,168,99855,168,99961,168,99838,168,99976,168,99829,168,99977,100,99814,100,99994,100,99763,100,99998,100,99720,100,100017,100,99625,100,100029,100,99597,100,100033,100,99511,100
2019-06-28 09:46:16.003875008,99895,168,99866,168,99956,168,99855,168,99961,168,99838,168,99976,168,99829,168,99994,100,99814,100,99998,100,99763,100,100017,200,99720,100,100029,100,99625,100,100033,100,99597,100,100043,100,99511,100
2019-06-28 09:46:20.000000000,99895,372,99866,372,99956,100,99855,100,99961,100,99838,100,99976,100,99829,100,99994,100,99814,100,99998,100,99763,100,100017,200,99720,100,100029,100,99625,100,100033,100,99597,100,100043,100,99511,100
2019-06-28 09:46:30.000000000,99895,192,99866,192,99956,190,99855,190,99961,190,99838,190,99976,100,99829,100,99994,100,99814,100,99998,100,99763,100,100017,200,99720,100,100029,100,99625,100,100033,100,99597,100,100043,100,99511,100
2019-06-28 09:46:30.268206938,99895,292,99866,192,99956,190,99855,190,99961,190,99838,190,99976,100,99829,100,99994,100,99814,100,99998,100,99763,100,100017,200,99720,100,100029,100,99625,100,100033,100,99597,100,100043,100,99511,100
2019-06-28 09:46:30.878021792,99895,292,99866,192,99956,190,99855,190,99961,190,99838,190,99976,100,99829,100,99994,100,99814,100,99998,100,99763,100,100017,200,99720,100,100029,100,99625,100,100033,100,99597,100,100043,100,99511,100
2019-06-28 09:46:38.384491070,99895,292,99866,192,99956,190,99859,100,99961,190,99855,190,99976,100,99838,190,99994,100,99829,100,99998,100,99814,100,100017,200,99763,100,100029,100,99720,100,100033,100,99625,100,100043,100,99597,100
2019-06-28 09:46:40.000000000,99895,292,99866,192,99956,190,99859,190,99961,190,99855,190,99976,100,99838,100,99994,100,99829,100,99998,100,99814,100,100017,200,99763,100,100029,100,99720,100,100033,100,99625,100,100043,100,99597,100
2019-06-28 09:46:43.541807616,99895,192,99866,192,99956,190,99859,190,99961,190,99855,190,99976,100,99838,100,99994,100,99829,100,99998,100,99814,100,100017,200,99763,100,100029,100,99720,100,100033,100,99625,100,100043,100,99597,100
2019-06-28 09:46:47.177769623,99895,192,99866,92,99956,190,99859,190,99961,190,99855,190,99976,100,99838,100,99994,100,99829,100,99998,100,99814,100,100017,200,99763,100,100029,100,99720,100,100033,100,99625,100,100043,100,99597,100
2019-06-28 09:46:50.000000000,99895,372,99859,372,99956,100,99855,100,99961,100,99838,100,99976,100,99829,100,99994,100,99814,100,99998,100,99763,100,100017,200,99720,100,100029,100,99625,100,100033,100,99597,100,100043,100,99511,100
2019-06-28 09:47:00.000000000,99895,192,99859,192,99956,190,99855,190,99961,190,99838,190,99976,100,99829,100,99994,100,99814,100,99998,100,99763,100,100017,200,99720,100,100029,100,99625,100,100033,100,99597,100,100043,100,99511,100
2019-06-28 09:47:10.000000000,99895,236,99859,236,99956,236,99855,236,99961,100,99838,100,99976,100,99829,100,99994,100,99814,100,99998,100,99763,100,100017,200,99720,100,100029,100,99625,100,100033,100,99597,100,100043,100,99511,100
2019-06-28 09:47:20.000000000,99895,154,99859,154,99956,154,99855,154,99961,154,99838,154,99976,154,99829,154,99994,154,99814,154,99998,100,99763,100,100017,200,99720,100,100029,100,99625,100,100033,100,99597,100,100043,100,99511,100
2019-06-28 09:47:30.000000000,99895,192,99859,192,99956,190,99855,190,99961,190,99838,190,99976,100,99829,100,99994,100,99814,100,99998,100,99763,100,100017,200,99720,100,100029,100,99625,100,100033,100,99597,100,100043,100,99511,100
2019-06-28 09:47:40.000000000,99895,154,99859,154,99956,154,99855,154,99961,154,99838,154,99976,154,99829,154,99994,154,99814,154,99998,100,99763,100,100017,200,99720,100,100029,100,99625,100,100033,100,99597,100,100043,100,99511,100
2019-06-28 09:47:50.000000000,99895,192,99859,192,99956,190,99855,190,99961,190,99838,190,99976,100,99829,100,99994,100,99814,100,99998,100,99763,100,100017,200,99720,100,100029,100,99625,100,100033,100,99597,100,100043,100,99511,100
2019-06-28 09:48:00.000000000,99895,154,99859,154,99956,154,99855,154,99961,154,99838,154,99976,154,99829,154,99994,154,99814,154,99998,100,99763,100,100017,200,99720,100,100029,100,99625,100,100033,100,99597,100,100043,100,99511,100
2019-06-28 09:48:04.518310904,99895,154,99859,154,99956,154,99855,154,99961,154,99838,154,99976,154,99829,154,99994,154,99814,154,99998,100,99773,100,100017,200,99763,100,100029,100,99720,100,100033,100,99625,100,100043,100,99597,100
2019-06-28 09:48:09.279445518,99895,154,99859,154,99956,154,99855,154,99961,154,99838,154,99976,154,99829,154,99994,154,99825,100,99998,100,99814,154,100017,100,99773,100,100029,100,99763,100,100033,100,99720,100,100043,100,99625,100
2019-06-28 09:48:10.000000000,99895,192,99859,192,99956,190,99855,190,99961,190,99838,190,99976,100,99829,100,99994,100,99825,100,99998,100,99814,100,100017,100,99773,100,100029,100,99763,100,100033,100,99720,100,100043,100,99625,100
2019-06-28 09:48:11.724270408,99895,192,99859,192,99956,90,99855,190,99961,190,99842,100,99976,100,99838,190,99994,100,99829,100,99998,100,99825,100,100017,100,99814,100,100029,100,99773,100,100033,100,99763,100,100043,100,99720,100
2019-06-28 09:48:20.000000000,99895,372,99859,372,99961,100,99855,100,99976,100,99842,100,99994,100,99838,100,99998,100,99829,100,100017,100,99825,100,100029,100,99814,100,100033,100,99773,100,100043,100,99763,100,100045,100,99720,100
2019-06-28 09:48:26.287694788,99873,100,99859,372,99895,372,99855,100,99961,100,99842,100,99976,100,99838,100,99994,100,99829,100,99998,100,99825,100,100017,100,99814,100,100029,100,99773,100,100033,100,99763,100,100043,100,99720,100
2019-06-28 09:48:30.000000000,99873,236,99859,236,99895,236,99855,236,99961,100,99842,100,99976,100,99838,100,99994,100,99829,100,99998,100,99825,100,100017,100,99814,100,100029,100,99773,100,100033,100,99763,100,100043,100,99720,100
2019-06-28 09:48:36.113893063,99873,236,99859,136,99895,236,99855,236,99961,100,99842,100,99976,100,99838,100,99994,100,99829,100,99998,100,99825,100,100017,100,99814,100,100029,100,99773,100,100033,100,99763,100,100043,100,99720,100
2019-06-28 09:48:40.000000000,99873,372,99855,372,99895,100,99842,100,99961,100,99838,100,99976,100,99829,100,99994,100,99825,100,99998,100,99814,100,100017,100,99773,100,100029,100,99763,100,100033,100,99720,100,100043,100,99625,100
2019-06-28 09:48:44.721714237,99873,372,99855,372,99895,100,99842,100,99961,100,99838,100,99976,100,99829,100,99982,100,99825,100,99994,100,99814,100,99998,100,99773,100,100017,100,99763,100,100029,100,99720,100,100033,100,99625,100
2019-06-28 09:48:50.000000000,99873,192,99855,192,99895,190,99842,190,99961,190,99838,190,99976,100,99829,100,99982,100,99825,100,99994,100,99814,100,99998,100,99773,100,100017,100,99763,100,100029,100,99720,100,100033,100,99625,100
2019-06-28 09:48:58.189885471,99873,292,99855,192,99895,190,99842,190,99961,190,99838,190,99976,100,99829,100,99982,100,99825,100,99994,100,99814,100,99998,100,99773,100,100017,100,99763,100,100029,100,99720,100,100033,100,99625,100
2019-06-28 09:49:00.000000000,99873,472,99855,372,99895,100,99842,100,99961,100,99838,100,99976,100,99829,100,99982,100,99825,100,99994,100,99814,100,99998,100,99773,100,100017,100,99763,100,100029,100,99720,100,100033,100,99625,100
2019-06-28 09:49:06.714615530,99873,472,99855,372,99895,100,99842,100,99961,100,99838,100,99976,100,99829,100,99982,100,99825,100,99994,100,99814,100,99998,100,99773,100,100017,100,99763,100,100029,100,99720,100,100033,100,99625,100
2019-06-28 09:49:10.000000000,99873,254,99855,154,99895,154,99842,154,99961,154,99838,154,99976,154,99829,154,99982,154,99825,154,99994,100,99814,100,99998,100,99773,100,100017,100,99763,100,100029,100,99720,100,100033,100,99625,100
2019-06-28 09:49:16.489676593,99873,254,99855,154,99895,154,99842,54,99961,154,99838,154,99976,154,99829,154,99982,154,99825,154,99994,100,99814,100,99998,100,99773,100,100017,100,99763,100,100029,100,99720,100,100033,100,99625,100
2019-06-28 09:49:20.000000000,99873,472,99855,372,99895,100,99838,100,99961,100,99829,100,99976,100,99825,100,99982,100,99814,100,99994,100,99773,100,99998,100,99763,100,100017,100,99720,100,100029,100,99625,100,100033,100,99597,100
2019-06-28 09:49:21.757316802,99873,472,99855,272,99895,100,99838,100,99961,100,99825,100,99976,100,99814,100,99982,100,99773,100,99994,100,99763,100,99998,100,99720,100,100017,100,99625,100,100029,100,99597,100,100033,100,99511,100
2019-06-28 09:49:28.458455019,99866,100,99855,272,99873,472,99838,100,99895,100,99825,100,99961,100,99814,100,99976,100,99773,100,99982,100,99763,100,99994,100,99720,100,99998,100,99625,100,100017,100,99597,100,100029,100,99511,100
2019-06-28 09:49:30.000000000,99866,192,99838,192,99873,290,99825,190,99895,190,99814,190,99961,100,99773,100,99976,100,99763,100,99982,100,99720,100,99994,100,99625,100,99998,100,99597,100,100017,100,99511,100,100029,100,99469,100
2019-06-28 09:49:31.784287594,99866,292,99838,192,99873,290,99825,190,99895,190,99814,190,99961,100,99773,100,99976,100,99763,100,99982,100,99720,100,99994,100,99625,100,99998,100,99597,100,100017,100,99511,100,100029,100,99469,100
2019-06-28 09:49:40.000000000,99866,472,99838,372,99873,200,99825,100,99895,100,99814,100,99961,100,99773,100,99976,100,99763,100,99982,100,99720,100,99994,100,99625,100,99998,100,99597,100,100017,100,99511,100,100029,100,99469,100
2019-06-28 09:49:49.484633270,99866,472,99838,372,99873,200,99825,100,99895,100,99814,100,99961,100,99773,100,99976,100,99763,100,99982,100,99720,100,99994,100,99625,100,99998,100,99597,100,100017,100,99469,100,100029,100,99449,100
2019-06-28 09:49:50.000000000,99866,254,99838,154,99873,254,99825,154,99895,154,99814,154,99961,154,99773,154,99976,154,99763,154,99982,100,99720,100,99994,100,99625,100,99998,100,99597,100,100017,100,99469,100,100029,100,99449,100
2019-06-28 09:49:51.124829600,99866,254,99838,154,99873,254,99825,154,99895,154,99814,154,99961,154,99773,154,99976,154,99763,154,99982,100,99720,100,99994,100,99625,100,99998,100,99597,100,100017,100,99469,100,100029,100,99449,100
2019-06-28 09:50:00.000000000,99866,254,99838,154,99873,254,99825,154,99895,154,99814,154,99961,154,99773,154,99976,154,99763,154,99982,100,99720,100,99994,100,99625,100,99998,100,99597,100,100017,100,99469,100,100029,100,99449,100
2019-06-28 09:50:10.000000000,99866,472,99838,372,99873,200,99825,100,99895,100,99814,100,99961,100,99773,100,99976,100,99763,100,99982,100,99720,100,99994,100,99625,100,99998,100,99597,100,100017,100,99469,100,100029,100,99449,100
2019-06-28 09:50:20.000000000,99866,292,99838,192,99873,290,99825,190,99895,190,99814,190,99961,100,99773,100,99976,100,99763,100,99982,100,99720,100,99994,100,99625,100,99998,100,99597,100,100017,100,99469,100,100029,100,99449,100
2019-06-28 09:50:22.533263810,99866,192,99838,192,99873,290,99825,90,99895,190,99814,190,99961,100,99773,100,99976,100,99763,100,99982,100,99720,100,99994,100,99625,100,99998,100,99597,100,100017,100,99469,100,100029,100,99449,100
2019-06-28 09:50:29.092019338,99866,192,99838,192,99873,290,99825,90,99895,190,99814,190,99961,100,99773,100,99976,100,99763,100,99982,100,99720,100,99994,100,99625,100,99998,100,99597,100,100017,100,99469,100,100029,100,99449,100
2019-06-28 09:50:30.000000000,99866,236,99838,236,99873,336,99814,236,99895,100,99773,100,99961,100,99763,100,99976,100,99720,100,99982,100,99625,100,99994,100,99597,100,99998,100,99469,100,100017,100,99449,100,100029,100,99447,100
2019-06-28 09:50:40.000000000,99866,372,99838,372,99873,200,99814,100,99895,100,99773,100,99961,100,99763,100,99976,100,99720,100,99982,100,99625,100,99994,100,99597,100,99998,100,99469,100,100017,100,99449,100,100029,100,99447,100
2019-06-28 09:50:50.000000000,99866,372,99838,372,99873,200,99814,100,99895,100,99773,100,99961,100,99763,100,99976,100,99720,100,99982,100,99625,100,99994,100,99597,100,99998,100,99469,100,100017,100,99449,100,100029,100,99447,100
2019-06-28 09:50:54.793912758,99866,372,99838,372,99873,200,99814,100,99895,100,99773,100,99961,100,99763,100,99976,100,99720,100,99982,100,99625,100,99994,100,99597,100,99998,100,99469,100,100017,100,99449,100,100029,100,99447,100
2019-06-28 09:51:00.000000000,99866,192,99838,192,99873,290,99814,190,99895,190,99773,190,99961,100,99763,100,99976,100,99720,100,99982,100,99625,100,99994,100,99597,100,99998,100,99469,100,100017,100,99449,100,100029,100,99447,100
2019-06-28 09:51:10.000000000,99866,192,99838,192,99873,290,99814,190,99895,190,99773,190,99961,100,99763,100,99976,100,99720,100,99982,100,99625,100,99994,100,99597,100,99998,100,99469,100,100017,100,99449,100,100029,100,99447,100
2019-06-28 09:51:20.000000000,99866,154,99838,154,99873,254,99814,154,99895,154,99773,154,99961,154,99763,154,99976,154,99720,154,99982,100,99625,100,99994,100,99597,100,99998,100,99469,100,100017,100,99449,100,100029,100,99447,100
2019-06-28 09:51:30.000000000,99866,192,99838,192,99873,290,99814,190,99895,190,99773,190,99961,100,99763,100,99976,100,99720,100,99982,100,99625,100,99994,100,99597,100,99998,100,99469,100,100017,100,99449,100,100029,100,99447,100
2019-06-28 09:51:40.000000000,99866,236,99838,236,99873,336,99814,236,99895,100,99773,100,99961,100,99763,100,99976,100,99720,100,99982,100,99625,100,99994,100,99597,100,99998,100,99469,100,100017,100,99449,100,100029,100,99447,100
2019-06-28 09:51:42.920075832,99866,236,99838,236,99873,336,99814,236,99895,100,99773,100,99961,100,99763,100,99976,100,99720,100,99982,100,99625,100,99994,100,99597,100,99998,100,99469,100,100017,100,99449,100,100029,100,99447,100
2019-06-28 09:51:49.483876778,99866,136,99838,236,99873,336,99814,236,99895,100,99773,100,99961,100,99763,100,99976,100,99720,100,99982,100,99625,100,99994,100,99597,100,99998,100,99469,100,100017,100,99449,100,100029,100,99447,100
2019-06-28 09:51:50.000000000,99873,292,99838,192,99895,190,99814,190,99961,190,99773,190,99976,100,99763,100,99982,100,99720,100,99994,100,99625,100,99998,100,99597,100,100017,100,99469,100,100029,100,99449,100,100033,100,99447,100
2019-06-28 09:52:00.000000000,99873,292,99838,192,99895,190,99814,190,99961,190,99773,190,99976,100,99763,100,99982,100,99720,100,99994,100,99625,100,99998,100,99597,100,100017,100,99469,100,100029,100,99449,100,100033,100,99447,100
2019-06-28 09:52:09.263282499,99873,292,99838,192,99895,190,99814,190,99961,190,99773,190,99976,100,99763,100,99982,100,99625,100,99994,100,99597,100,99998,100,99469,100,100017,100,99449,100,100029,100,99447,100,100033,100,99444,100
2019-06-28 09:52:10.000000000,99873,254,99838,154,99895,154,99814,154,99961,154,99773,154,99976,154,99763,154,99982,154,99625,154,99994,100,99597,100,99998,100,99469,100,100017,100,99449,100,100029,100,99447,100,100033,100,99444,100
2019-06-28 09:52:14.338874520,99873,254,99866,100,99895,154,99838,154,99961,154,99814,154,99976,154,99773,154,99982,154,99763,154,99994,100,99625,154,99998,100,99597,100,100017,100,99469,100,100029,100,99449,100,100033,100,99447,100
2019-06-28 09:52:20.000000000,99873,268,99866,168,99895,168,99838,168,99961,168,99814,168,99976,168,99773,168,99982,100,99763,100,99994,100,99625,100,99998,100,99597,100,100017,100,99469,100,100029,100,99449,100,100033,100,99447,100
2019-06-28 09:52:23.741525033,99873,268,99866,268,99895,168,99838,168,99961,168,99814,168,99976,168,99773,168,99982,100,99763,100,99994,100,99625,100,99998,100,99597,100,100017,100,99469,100,100029,100,99449,100,100043,100,99447,100
2019-06-28 09:52:27.534451375,99873,268,99866,368,99895,168,99838,168,99961,168,99814,168,99976,168,99773,168,99982,100,99763,100,99994,100,99625,100,99998,100,99597,100,100017,100,99469,100,100029,100,99449,100,100043,100,99447,100
2019-06-28 09:52:30.000000000,99873,268,99866,368,99895,168,99838,168,99961,168,99814,168,99976,168,99773,168,99982,100,99763,100,99994,100,99625,100,99998,100,99597,100,100017,100,99469,100,100029,100,99449,100,100043,100,99447,100
2019-06-28 09:52:40.000000000,99873,336,99866,436,99895,236,99838,236,99961,100,99814,100,99976,100,99773,100,99982,100,99763,100,99994,100,99625,100,99998,100,99597,100,100017,100,99469,100,100029,100,99449,100,100043,100,99447,100
2019-06-28 09:52:42.131347766,99873,236,99866,436,99895,236,99838,236,99961,100,99814,100,99976,100,99773,100,99982,100,99763,100,99994,100,99625,100,99998,100,99597,100,100017,100,99469,100,100029,100,99449,100,100043,100,99447,100
2019-06-28 09:52:50.000000000,99873,154,99866,354,99895,154,99838,154,99961,154,99814,154,99976,154,99773,154,99982,154,99763,154,99994,100,99625,100,99998,100,99597,100,100017,100,99469,100,100029,100,99449,100,100043,100,99447,100
2019-06-28 09:53:00.000000000,99873,192,99866,392,99895,190,99838,190,99961,190,99814,190,99976,100,99773,100,99982,100,99763,100,99994,100,99625,100,99998,100,99597,100,100017,100,99469,100,100029,100,99449,100,100043,100,99447,100
2019-06-28 09:53:06.604898553,99873,192,99867,100,99895,190,99866,392,99961,90,99838,190,99976,100,99814,190,99982,100,99773,100,99994,100,99763,100,99998,100,99625,100,100017,100,99597,100,100029,100,99469,100,100043,100,99449,100
2019-06-28 09:53:10.000000000,99873,372,99867,372,99895,100,99866,300,99976,100,99838,100,99982,100,99814,100,99994,100,99773,100,99998,100,99763,100,100017,100,99625,100,100029,100,99597,100,100043,100,99469,100,100045,100,99449,100
2019-06-28 09:53:20.000000000,99873,154,99867,154,99895,154,99866,354,99976,154,99838,154,99982,154,99814,154,99994,154,99773,154,99998,100,99763,100,100017,100,99625,100,100029,100,99597,100,100043,100,99469,100,100045,100,99449,100
2019-06-28 09:53:30.000000000,99873,192,99867,192,99895,190,99866,390,99976,190,99838,190,99982,100,99814,100,99994,100,99773,100,99998,100,99763,100,100017,100,99625,100,100029,100,99597,100,100043,100,99469,100,100045,100,99449,100
2019-06-28 09:53:34.864845874,99873,192,99867,292,99895,190,99866,390,99976,190,99838,190,99982,100,99814,100,99994,100,99773,100,99998,100,99763,100,100017,100,99625,100,100029,100,99597,100,100043,100,99469,100,100045,100,99449,100
2019-06-28 09:53:40.000000000,99873,168,99867,268,99895,168,99866,368,99976,168,99838,168,99982,168,99814,168,99994,100,99773,100,99998,100,99763,100,100017,100,99625,100,100029,100,99597,100,100043,100,99469,100,100045,100,99449,100
2019-06-28 09:53:41.297960627,99873,168,99867,268,99895,68,99866,368,99976,168,99838,168,99982,168,99814,168,99994,100,99773,100,99998,100,99763,100,100017,100,99625,100,100029,100,99597,100,100043,100,99469,100,100045,100,99449,100
2019-06-28 09:53:43.754756325,99873,168,99867,268,99895,68,99866,368,99976,168,99838,168,99982,168,99814,168,99994,100,99773,100,99998,100,99763,100,100017,100,99625,100,100029,100,99597,100,100043,100,99469,100,100045,100,99449,100
2019-06-28 09:53:47.616656583,99873,168,99867,268,99895,68,99866,368,99976,168,99838,168,99982,168,99814,168,99994,100,99773,100,99998,100,99763,100,100017,100,99625,100,100029,100,99597,100,100043,100,99469,100,100045,100,99449,100
2019-06-28 09:53:50.000000000,99873,154,99867,254,99976,154,99866,354,99982,154,99838,154,99994,154,99814,154,99998,154,99773,154,100017,100,99763,100,100029,100,99625,100,100043,100,99597,100,100045,100,99469,100,100060,100,99449,100
2019-06-28 09:53:51.051467387,99873,154,99867,254,99976,154,99866,354,99982,154,99838,154,99994,154,99814,154,99998,154,99773,154,100017,100,99763,100,100029,100,99625,100,100043,100,99597,100,100045,100,99469,100,100060,100,99449,100
2019-06-28 09:53:51.521624050,99873,54,99867,254,99976,154,99866,354,99982,154,99838,154,99994,154,99814,154,99998,154,99773,154,100017,100,99763,100,100029,100,99625,100,100043,100,99597,100,100045,100,99469,100,100060,100,99449,100
2019-06-28 09:53:52.408406956,99976,154,99873,46,99982,154,99867,254,99994,154,99866,254,99998,154,99838,154,100017,100,99814,154,100029,100,99773,154,100043,100,99763,100,100045,100,99625,100,100060,100,99597,100,100063,100,99469,100
2019-06-28 09:53:53.749020948,99976,54,99873,46,99982,154,99867,254,99994,154,99866,254,99998,154,99838,154,100017,100,99814,54,100029,100,99773,154,100043,100,99763,100,100045,100,99625,100,100060,100,99597,100,100063,100,99469,100
2019-06-28 09:53:58.870573768,99976,54,99873,146,99982,154,99867,254,99994,154,99866,254,99998,154,99838,154,100017,100,99814,54,100029,100,99773,154,100043,100,99763,100,100045,100,99625,100,100060,100,99597,100,100063,100,99469,100
2019-06-28 09:54:00.000000000,99982,168,99873,214,99994,168,99867,268,99998,168,99866,268,100017,168,99838,168,100029,100,99773,100,100043,100,99763,100,100045,100,99625,100,100060,100,99597,100,100063,100,99469,100,100071,100,99449,100
2019-06-28 09:54:08.577312569,99982,168,99873,314,99994,168,99867,168,99998,168,99866,268,100017,168,99838,168,100029,100,99773,100,100043,100,99763,100,100045,100,99625,100,100060,100,99597,100,100063,100,99469,100,100071,100,99449,100
2019-06-28 09:54:10.000000000,99982,372,99873,518,99994,100,99867,100,99998,100,99866,200,100017,100,99838,100,100029,100,99773,100,100043,100,99763,100,100045,100,99625,100,100060,100,99597,100,100063,100,99469,100,100071,100,99449,100
2019-06-28 09:54:20.000000000,99982,154,99873,300,99994,154,99867,154,99998,154,99866,254,100017,154,99838,154,100029,154,99773,154,100043,100,99763,100,100045,100,99625,100,100060,100,99597,100,100063,100,99469,100,100071,100,99449,100
2019-06-28 09:54:30.000000000,99982,372,99873,518,99994,100,99867,100,99998,100,99866,200,100017,100,99838,100,100029,100,99773,100,100043,100,99763,100,100045,100,99625,100,100060,100,99597,100,100063,100,99469,100,100071,100,99449,100
2019-06-28 09:54:40.000000000,99982,236,99873,382,99994,236,99867,236,99998,100,99866,200,100017,100,99838,100,100029,100,99773,100,100043,100,99763,100,100045,100,99625,100,100060,100,99597,100,100063,100,99469,100,100071,100,99449,100
2019-06-28 09:54:43.779437212,99982,236,99873,336,99994,236,99867,236,99998,100,99866,200,100017,100,99838,100,100029,100,99773,100,100043,100,99763,100,100045,100,99625,100,100060,100,99597,100,100063,100,99469,100,100071,100,99449,100
2019-06-28 09:54:50.000000000,99982,236,99873,336,99994,236,99867,236,99998,100,99866,200,100017,100,99838,100,100029,100,99773,100,100043,100,99763,100,100045,100,99625,100,100060,100,99597,100,100063,100,99469,100,100071,100,99449,100
2019-06-28 09:54:54.502227724,99982,136,99873,336,99994,236,99867,236,99998,100,99866,200,100017,100,99838,100,100029,100,99773,100,100043,100,99763,100,100045,100,99625,100,100060,100,99597,100,100071,100,99469,100,100098,100,99449,100
2019-06-28 09:55:00.000000000,99994,192,99873,292,99998,190,99867,190,100017,190,99866,290,100029,100,99838,100,100043,100,99773,100,100045,100,99763,100,100060,100,99625,100,100071,100,99597,100,100098,100,99469,100,100100,100,99449,100
2019-06-28 09:55:10.000000000,99994,154,99873,254,99998,154,99867,154,100017,154,99866,254,100029,154,99838,154,100043,154,99773,154,100045,100,99763,100,100060,100,99625,100,100071,100,99597,100,100098,100,99469,100,100100,100,99449,100
2019-06-28 09:55:17.438889690,99994,54,99873,254,99998,154,99867,154,100017,154,99866,254,100029,154,99838,154,100043,154,99773,154,100045,100,99763,100,100060,100,99625,100,100071,100,99597,100,100098,100,99469,100,100100,100,99449,100
2019-06-28 09:55:20.000000000,99998,192,99873,292,100017,190,99867,190,100029,190,99866,290,100043,100,99838,100,100045,100,99773,100,100060,100,99763,100,100071,100,99625,100,100098,100,99597,100,100100,100,99469,100,100144,100,99449,100
2019-06-28 09:55:27.903157507,99998,92,99873,292,100017,190,99867,190,100029,190,99866,290,100043,100,99838,100,100045,100,99773,100,100060,100,99763,100,100071,100,99625,100,100098,100,99597,100,100100,100,99469,100,100144,100,99449,100
2019-06-28 09:55:30.000000000,100017,192,99873,292,100029,190,99867,190,100043,190,99866,290,100045,100,99838,100,100060,100,99773,100,100071,100,99763,100,100098,100,99625,100,100100,100,99597,100,100144,100,99469,100,100163,100,99449,100
2019-06-28 09:55:39.737538721,100017,92,99873,292,100029,190,99867,190,100043,190,99866,290,100045,100,99838,100,100060,100,99773,100,100071,100,99763,100,100098,100,99625,100,100100,100,99597,100,100144,100,99469,100,100163,100,99449,100
2019-06-28 09:55:40.000000000,100029,236,99873,336,100043,236,99867,236,100045,100,99866,200,100060,100,99838,100,100071,100,99773,100,100098,100,99763,100,100100,100,99625,100,100144,100,99597,100,100163,100,99469,100,100231,100,99449,100
2019-06-28 09:55:46.481050926,100029,236,99873,336,100043,136,99867,236,100045,100,99866,200,100060,100,99838,100,100071,100,99773,100,100098,100,99763,100,100100,100,99625,100,100144,100,99597,100,100163,100,99469,100,100231,100,99449,100
2019-06-28 09:55:50.000000000,100029,168,99873,268,100045,168,99867,168,100060,168,99866,268,100071,168,99838,168,100098,100,99773,100,100100,100,99763,100,100144,100,99625,100,100163,100,99597,100,100231,100,99469,100,100545,100,99449,100
2019-06-28 09:55:51.072563937,100029,168,99998,100,100045,168,99873,268,100060,168,99867,168,100071,168,99866,268,100098,100,99838,168,100100,100,99773,100,100144,100,99763,100,100163,100,99625,100,100231,100,99597,100,100545,100,99469,100
2019-06-28 09:56:00.000000000,100029,168,99998,168,100045,168,99873,268,100060,168,99867,168,100071,168,99866,268,100098,100,99838,100,100100,100,99773,100,100144,100,99763,100,100163,100,99625,100,100231,100,99597,100,100545,100,99469,100
2019-06-28 09:56:10.000000000,100029,236,99998,236,100045,236,99873,336,100060,100,99867,100,100071,100,99866,200,100098,100,99838,100,100100,100,99773,100,100144,100,99763,100,100163,100,99625,100,100231,100,99597,100,100545,100,99469,100
2019-06-28 09:56:20.000000000,100029,236,99998,236,100045,236,99873,336,100060,100,99867,100,100071,100,99866,200,100098,100,99838,100,100100,100,99773,100,100144,100,99763,100,100163,100,99625,100,100231,100,99597,100,100545,100,99469,100
2019-06-28 09:56:25.348730554,100029,236,99998,236,100045,236,99873,336,100060,100,99867,100,100071,100,99866,200,100098,100,99838,100,100100,100,99773,100,100144,100,99763,100,100231,100,99625,100,100545,100,99597,100,100762,100,99469,100
2019-06-28 09:56:30.000000000,100029,192,99998,192,100045,190,99873,290,100060,190,99867,190,100071,100,99866,200,100098,100,99838,100,100100,100,99773,100,100144,100,99763,100,100231,100,99625,100,100545,100,99597,100,100762,100,99469,100
2019-06-28 09:56:32.160930891,100029,92,99998,192,100045,190,99873,290,100060,190,99867,190,100071,100,99866,200,100098,100,99773,100,100100,100,99763,100,100144,100,99625,100,100231,100,99597,100,100545,100,99469,100,100762,100,99449,100
2019-06-28 09:56:40.000000000,100045,168,99998,168,100060,168,99873,268,100071,168,99867,168,100098,168,99866,268,100100,100,99773,100,100144,100,99763,100,100231,100,99625,100,100545,100,99597,100,100762,100,99469,100,100792,100,99449,100
2019-06-28 09:56:50.000000000,100045,168,99998,168,100060,168,99873,268,100071,168,99867,168,100098,168,99866,268,100100,100,99773,100,100144,100,99763,100,100231,100,99625,100,100545,100,99597,100,100762,100,99469,100,100792,100,99449,100
2019-06-28 09:56:59.662419467,100045,168,100017,100,100060,168,99998,168,100071,168,99873,268,100098,168,99867,168,100100,100,99866,168,100144,100,99773,100,100231,100,99763,100,100545,100,99625,100,100762,100,99597,100,100792,100,99469,100
2019-06-28 09:57:00.000000000,100045,236,100017,236,100060,236,99998,236,100071,100,99873,200,100098,100,99867,100,100100,100,99866,100,100144,100,99773,100,100231,100,99763,100,100545,100,99625,100,100762,100,99597,100,100792,100,99469,100
2019-06-28 09:57:10.000000000,100045,192,100017,192,100060,190,99998,190,100071,190,99873,290,100098,100,99867,100,100100,100,99866,100,100144,100,99773,100,100231,100,99763,100,100545,100,99625,100,100762,100,99597,100,100792,100,99469,100
2019-06-28 09:57:20.000000000,100045,372,100017,372,100060,100,99998,100,100071,100,99873,200,100098,100,99867,100,100100,100,99866,100,100144,100,99773,100,100231,100,99763,100,100545,100,99625,100,100762,100,99597,100,100792,100,99469,100
2019-06-28 09:57:30.000000000,100045,372,100017,372,100060,100,99998,100,100071,100,99873,200,100098,100,99867,100,100100,100,99866,100,100144,100,99773,100,100231,100,99763,100,100545,100,99625,100,100762,100,99597,100,100792,100,99469,100
2019-06-28 09:57:30.461810881,100045,372,100017,372,100060,100,99998,100,100071,100,99873,200,100098,100,99867,100,100100,100,99866,100,100144,100,99773,100,100231,100,99763,100,100545,100,99597,100,100762,100,99469,100,100792,100,99449,100
2019-06-28 09:57:40.000000000,100045,154,100017,154,100060,154,99998,154,100071,154,99873,254,100098,154,99867,154,100100,154,99866,154,100144,100,99773,100,100231,100,99763,100,100545,100,99597,100,100762,100,99469,100,100792,100,99449,100
2019-06-28 09:57:40.968990841,100045,54,100017,154,100060,154,99998,154,100071,154,99873,254,100098,154,99867,154,100100,154,99866,154,100144,100,99773,100,100231,100,99763,100,100545,100,99597,100,100762,100,99469,100,100792,100,99449,100
2019-06-28 09:57:50.000000000,100060,192,100017,192,100071,190,99998,190,100098,190,99873,290,100100,100,99867,100,100144,100,99866,100,100231,100,99773,100,100545,100,99763,100,100762,100,99597,100,100792,100,99469,100,100810,100,99449,100
2019-06-28 09:58:00.000000000,100060,372,100017,372,100071,100,99998,100,100098,100,99873,200,100100,100,99867,100,100144,100,99866,100,100231,100,99773,100,100545,100,99763,100,100762,100,99597,100,100792,100,99469,100,100810,100,99449,100
2019-06-28 09:58:10.000000000,100060,192,100017,192,100071,190,99998,190,100098,190,99873,290,100100,100,99867,100,100144,100,99866,100,100231,100,99773,100,100545,100,99763,100,100762,100,99597,100,100792,100,99469,100,100810,100,99449,100
2019-06-28 09:58:15.977669414,100060,92,100017,192,100071,190,99998,190,100098,190,99873,290,100100,100,99867,100,100144,100,99866,100,100231,100,99763,100,100545,100,99597,100,100762,100,99469,100,100792,100,99449,100,100810,100,99447,100
2019-06-28 09:58:20.000000000,100071,168,100017,168,100098,168,99998,168,100100,168,99873,268,100144,168,99867,168,100231,100,99866,100,100545,100,99763,100,100762,100,99597,100,100792,100,99469,100,100810,100,99449,100,100811,100,99447,100
2019-06-28 09:58:23.047284252,100071,168,100045,100,100098,168,100017,168,100100,168,99998,168,100144,168,99873,268,100231,100,99867,168,100545,100,99866,100,100762,100,99763,100,100792,100,99597,100,100810,100,99469,100,100811,100,99449,100
2019-06-28 09:58:29.491509136,100071,168,100045,100,100098,168,100017,168,100100,168,99998,168,100144,168,99873,268,100231,100,99867,168,100545,100,99866,100,100762,100,99763,100,100792,100,99597,100,100810,100,99469,100,100811,100,99449,100
2019-06-28 09:58:30.000000000,100071,236,100045,236,100098,236,100017,236,100100,100,99998,100,100144,100,99873,200,100231,100,99867,100,100545,100,99866,100,100762,100,99763,100,100792,100,99597,100,100810,100,99469,100,100811,100,99449,100
2019-06-28 09:58:35.301781460,100071,236,100045,236,100098,236,100017,236,100100,100,99998,100,100144,100,99873,200,100231,100,99867,100,100545,100,99763,100,100762,100,99597,100,100792,100,99469,100,100810,100,99449,100,100811,100,99447,100
2019-06-28 09:58:40.000000000,100071,372,100045,372,100098,100,100017,100,100100,100,99998,100,100144,100,99873,200,100231,100,99867,100,100545,100,99763,100,100762,100,99597,100,100792,100,99469,100,100810,100,99449,100,100811,100,99447,100
2019-06-28 09:58:50.000000000,100071,192,100045,192,100098,190,100017,190,100100,190,99998,190,100144,100,99873,200,100231,100,99867,100,100545,100,99763,100,100762,100,99597,100,100792,100,99469,100,100810,100,99449,100,100811,100,99447,100
2019-06-28 09:58:54.637269571,100071,92,100045,192,100098,190,100017,190,100100,190,99998,190,100144,100,99873,200,100231,100,99867,100,100545,100,99763,100,100762,100,99597,100,100792,100,99469,100,100810,100,99449,100,100811,100,99447,100
2019-06-28 09:58:57.791233275,100071,92,100045,192,100098,190,100017,190,100100,190,99998,190,100144,100,99873,200,100231,100,99867,100,100545,100,99763,100,100762,100,99597,100,100792,100,99469,100,100810,100,99449,100,100811,100,99447,100
2019-06-28 09:59:00.000000000,100098,192,100045,192,100100,190,100017,190,100144,190,99998,190,100231,100,99873,200,100545,100,99867,100,100762,100,99763,100,100792,100,99597,100,100810,100,99469,100,100811,100,99449,100,100872,100,99447,100
2019-06-28 09:59:10.000000000,100098,372,100045,372,100100,100,100017,100,100144,100,99998,100,100231,100,99873,200,100545,100,99867,100,100762,100,99763,100,100792,100,99597,100,100810,100,99469,100,100811,100,99449,100,100872,100,99447,100
2019-06-28 09:59:20.000000000,100098,154,100045,154,100100,154,100017,154,100144,154,99998,154,100231,154,99873,254,100545,154,99867,154,100762,100,99763,100,100792,100,99597,100,100810,100,99469,100,100811,100,99449,100,100872,100,99447,100
2019-06-28 09:59:23.900837286,100098,54,100045,154,100100,154,100017,154,100144,154,99998,154,100231,154,99873,254,100545,154,99867,154,100762,100,99763,100,100792,100,99597,100,100810,100,99469,100,100811,100,99449,100,100872,100,99447,100
2019-06-28 09:59:30.000000000,100100,236,100045,236,100144,236,100017,236,100231,100,99998,100,100545,100,99873,200,100762,100,99867,100,100792,100,99763,100,100810,100,99597,100,100811,100,99469,100,100872,100,99449,100,100941,100,99447,100
2019-06-28 09:59:40.000000000,100100,154,100045,154,100144,154,100017,154,100231,154,99998,154,100545,154,99873,254,100762,154,99867,154,100792,100,99763,100,100810,100,99597,100,100811,100,99469,100,100872,100,99449,100,100941,100,99447,100
2019-06-28 09:59:48.355948658,100100,154,100045,154,100144,154,100017,154,100231,154,99998,154,100545,154,99873,254,100762,154,99867,154,100792,100,99763,100,100810,100,99597,100,100811,100,99469,100,100830,100,99449,100,100872,100,99447,100
2019-06-28 09:59:49.098884806,100100,154,100045,154,100144,154,100017,154,100231,154,99998,154,100545,154,99873,254,100762,154,99867,154,100792,100,99763,100,100801,100,99597,100,100810,100,99469,100,100811,100,99449,100,100830,100,99447,100
2019-06-28 09:59:50.000000000,100100,168,100045,168,100144,168,100017,168,100231,168,99998,168,100545,168,99873,268,100762,100,99867,100,100792,100,99763,100,100801,100,99597,100,100810,100,99469,100,100811,100,99449,100,100830,100,99447,100
2019-06-28 09:59:52.650281279,100100,168,100071,100,100144,168,100045,168,100231,168,100017,168,100545,168,99998,168,100762,100,99873,268,100792,100,99867,100,100801,100,99763,100,100810,100,99597,100,100811,100,99469,100,100830,100,99449,100
2019-06-28 09:59:58.862667853,100100,168,100071,100,100144,168,100045,168,100231,168,100017,168,100545,68,99998,168,100762,100,99873,268,100792,100,99867,100,100801,100,99763,100,100810,100,99597,100,100811,100,99469,100,100830,100,99449,100
2019-06-28 10:00:00.000000000,100100,192,100071,192,100144,190,100045,190,100231,190,100017,190,100762,100,99998,100,100792,100,99873,200,100801,100,99867,100,100810,100,99763,100,100811,100,99597,100,100830,100,99469,100,100872,100,99449,100
2019-06-28 10:00:07.312033995,100100,92,100071,192,100144,190,100045,190,100231,190,100017,190,100762,100,99998,100,100792,100,99873,200,100801,100,99867,100,100810,100,99763,100,100811,100,99597,100,100830,100,99469,100,100872,100,99449,100
2019-06-28 10:00:10.000000000,100144,236,100071,236,100231,236,100045,236,100762,100,100017,100,100792,100,99998,100,100801,100,99873,200,100810,100,99867,100,100811,100,99763,100,100830,100,99597,100,100872,100,99469,100,100941,100,99449,100
2019-06-28 10:00:20.000000000,100144,236,100071,236,100231,236,100045,236,100762,100,100017,100,100792,100,99998,100,100801,100,99873,200,100810,100,99867,100,100811,100,99763,100,100830,100,99597,100,100872,100,99469,100,100941,100,99449,100
2019-06-28 10:00:30.000000000,100144,168,100071,168,100231,168,100045,168,100762,168,100017,168,100792,168,99998,168,100801,100,99873,200,100810,100,99867,100,100811,100,99763,100,100830,100,99597,100,100872,100,99469,100,100941,100,99449,100
2019-06-28 10:00:40.000000000,100144,168,100071,168,100231,168,100045,168,100762,168,100017,168,100792,168,99998,168,100801,100,99873,200,100810,100,99867,100,100811,100,99763,100,100830,100,99597,100,100872,100,99469,100,100941,100,99449,100
2019-06-28 10:00:50.000000000,100144,192,100071,192,100231,190,100045,190,100762,190,100017,190,100792,100,99998,100,100801,100,99873,200,100810,100,99867,100,100811,100,99763,100,100830,100,99597,100,100872,100,99469,100,100941,100,99449,100
2019-06-28 10:00:50.531512342,100144,192,100098,100,100231,190,100071,192,100762,190,100045,190,100792,100,100017,190,100801,100,99998,100,100810,100,99873,200,100811,100,99867,100,100830,100,99763,100,100872,100,99597,100,100941,100,99469,100
2019-06-28 10:01:00.000000000,100144,168,100098,168,100231,168,100071,168,100762,168,100045,168,100792,168,100017,168,100801,100,99998,100,100810,100,99873,200,100811,100,99867,100,100830,100,99763,100,100872,100,99597,100,100941,100,99469,100
2019-06-28 10:01:04.944465095,100144,68,100098,168,100231,168,100071,168,100762,168,100045,168,100792,168,100017,168,100801,100,99998,100,100810,100,99873,200,100811,100,99867,100,100830,100,99763,100,100872,100,99597,100,100941,100,99469,100
2019-06-28 10:01:10.000000000,100231,372,100098,372,100762,100,100071,100,100792,100,100045,100,100801,100,100017,100,100810,100,99998,100,100811,100,99873,200,100830,100,99867,100,100872,100,99763,100,100941,100,99597,100,100948,100,99469,100
2019-06-28 10:01:13.382697581,100231,372,100098,372,100635,100,100071,100,100762,100,100045,100,100792,100,100017,100,100801,100,99998,100,100810,100,99873,200,100811,100,99867,100,100830,100,99763,100,100872,100,99597,100,100941,100,99469,100
2019-06-28 10:01:19.024880888,100231,272,100098,372,100635,100,100071,100,100762,100,100045,100,100792,100,100017,100,100801,100,99998,100,100810,100,99873,200,100811,100,99867,100,100830,100,99763,100,100872,100,99597,100,100941,100,99469,100
2019-06-28 10:01:20.000000000,100635,372,100098,372,100762,100,100071,100,100792,100,100045,100,100801,100,100017,100,100810,100,99998,100,100811,100,99873,200,100830,100,99867,100,100872,100,99763,100,100941,100,99597,100,100948,100,99469,100
2019-06-28 10:01:30.000000000,100635,236,100098,236,100762,236,100071,236,100792,100,100045,100,100801,100,100017,100,100810,100,99998,100,100811,100,99873,200,100830,100,99867,100,100872,100,99763,100,100941,100,99597,100,100948,100,99469,100
2019-06-28 10:01:40.000000000,100635,192,100098,192,100762,190,100071,190,100792,190,100045,190,100801,100,100017,100,100810,100,99998,100,100811,100,99873,200,100830,100,99867,100,100872,100,99763,100,100941,100,99597,100,100948,100,99469,100
2019-06-28 10:01:50.000000000,100635,154,100098,154,100762,154,100071,154,100792,154,100045,154,100801,154,100017,154,100810,154,99998,154,100811,100,99873,200,100830,100,99867,100,100872,100,99763,100,100941,100,99597,100,100948,100,99469,100
2019-06-28 10:01:54.789653391,100635,54,100098,154,100762,154,100071,154,100792,154,100045,154,100801,154,100017,154,100810,154,99998,154,100811,100,99873,200,100830,100,99867,100,100872,100,99763,100,100941,100,99597,100,100948,100,99469,100
2019-06-28 10:01:55.193906781,100635,54,100098,154,100762,154,100071,154,100792,154,100045,154,100801,154,100017,154,100810,154,99998,154,100811,100,99873,200,100830,100,99867,100,100872,100,99763,100,100940,100,99597,100,100941,100,99469,100
2019-06-28 10:02:00.000000000,100762,154,100098,154,100792,154,100071,154,100801,154,100045,154,100810,154,100017,154,100811,154,99998,154,100830,100,99873,200,100872,100,99867,100,100940,100,99763,100,100941,100,99597,100,100948,100,99469,100
2019-06-28 10:02:07.164646972,100762,154,100570,100,100792,154,100098,154,100801,154,100071,154,100810,154,100045,154,100811,154,100017,154,100830,100,99998,154,100872,100,99873,200,100940,100,99867,100,100941,100,99763,100,100948,100,99597,100
2019-06-28 10:02:10.000000000,100762,192,100570,192,100792,190,100098,190,100801,190,100071,190,100810,100,100045,100,100811,100,100017,100,100830,100,99998,100,100872,100,99873,200,100940,100,99867,100,100941,100,99763,100,100948,100,99597,100
2019-06-28 10:02:20.000000000,100762,236,100570,236,100792,236,100098,236,100801,100,100071,100,100810,100,100045,100,100811,100,100017,100,100830,100,99998,100,100872,100,99873,200,100940,100,99867,100,100941,100,99763,100,100948,100,99597,100
2019-06-28 10:02:30.000000000,100762,192,100570,192,100792,190,100098,190,100801,190,100071,190,100810,100,100045,100,100811,100,100017,100,100830,100,99998,100,100872,100,99873,200,100940,100,99867,100,100941,100,99763,100,100948,100,99597,100
2019-06-28 10:02:40.000000000,100762,236,100570,236,100792,236,100098,236,100801,100,100071,100,100810,100,100045,100,100811,100,100017,100,100830,100,99998,100,100872,100,99873,200,100940,100,99867,100,100941,100,99763,100,100948,100,99597,100
2019-06-28 10:02:45.310449745,100762,136,100570,236,100792,236,100098,236,100801,100,100071,100,100810,100,100045,100,100811,100,100017,100,100830,100,99998,100,100872,100,99873,200,100940,100,99867,100,100941,100,99763,100,100948,100,99597,100
2019-06-28 10:02:50.000000000,100792,154,100570,154,100801,154,100098,154,100810,154,100071,154,100811,154,100045,154,100830,154,100017,154,100872,100,99998,100,100940,100,99873,200,100941,100,99867,100,100948,100,99763,100,101051,100,99597,100
2019-06-28 10:03:00.000000000,100792,236,100570,236,100801,236,100098,236,100810,100,100071,100,100811,100,100045,100,100830,100,100017,100,100872,100,99998,100,100940,100,99873,200,100941,100,99867,100,100948,100,99763,100,101051,100,99597,100
2019-06-28 10:03:10.000000000,100792,372,100570,372,100801,100,100098,100,100810,100,100071,100,100811,100,100045,100,100830,100,100017,100,100872,100,99998,100,100940,100,99873,200,100941,100,99867,100,100948,100,99763,100,101051,100,99597,100
2019-06-28 10:03:20.000000000,100792,372,100570,372,100801,100,100098,100,100810,100,100071,100,100811,100,100045,100,100830,100,100017,100,100872,100,99998,100,100940,100,99873,200,100941,100,99867,100,100948,100,99763,100,101051,100,99597,100
2019-06-28 10:03:26.440426243,100792,372,100635,100,100801,100,100570,372,100810,100,100098,100,100811,100,100071,100,100830,100,100045,100,100872,100,100017,100,100940,100,99998,100,100941,100,99873,200,100948,100,99867,100,101051,100,99763,100
2019-06-28 10:03:30.000000000,100792,168,100635,168,100801,168,100570,168,100810,168,100098,168,100811,168,100071,168,100830,100,100045,100,100872,100,100017,100,100940,100,99998,100,100941,100,99873,200,100948,100,99867,100,101051,100,99763,100
2019-06-28 10:03:36.506766239,100792,168,100635,268,100801,168,100570,168,100810,168,100098,168,100811,168,100071,168,100830,100,100045,100,100872,100,100017,100,100940,100,99998,100,100941,100,99873,100,100948,100,99867,100,101051,100,99763,100
2019-06-28 10:03:40.000000000,100792,154,100635,254,100801,154,100570,154,100810,154,100098,154,100811,154,100071,154,100830,154,100045,154,100872,100,100017,100,100940,100,99998,100,100941,100,99873,100,100948,100,99867,100,101051,100,99763,100
2019-06-28 10:03:42.629272849,100792,154,100635,154,100801,154,100570,154,100810,154,100098,154,100811,154,100071,154,100830,154,100045,154,100872,100,100017,100,100940,100,99998,100,100941,100,99873,100,100948,100,99867,100,101051,100,99763,100
2019-06-28 10:03:50.000000000,100792,372,100635,372,100801,100,100570,100,100810,100,100098,100,100811,100,100071,100,100830,100,100045,100,100872,100,100017,100,100940,100,99998,100,100941,100,99873,100,100948,100,99867,100,101051,100,99763,100
2019-06-28 10:04:00.000000000,100792,236,100635,236,100801,236,100570,236,100810,100,100098,100,100811,100,100071,100,100830,100,100045,100,100872,100,100017,100,100940,100,99998,100,100941,100,99873,100,100948,100,99867,100,101051,100,99763,100
2019-06-28 10:04:03.802948324,100792,236,100635,236,100801,236,100570,236,100810,100,100098,100,100811,100,100071,100,100830,100,100045,100,100872,100,100017,100,100914,100,99998,100,100940,100,99873,100,100941,100,99867,100,100948,100,99763,100
2019-06-28 10:04:09.653814765,100792,136,100635,236,100801,236,100570,236,100810,100,100098,100,100811,100,100071,100,100830,100,100045,100,100872,100,100017,100,100914,100,99998,100,100940,100,99873,100,100948,100,99867,100,101051,100,99763,100
2019-06-28 10:04:10.000000000,100801,372,100635,372,100810,100,100570,100,100811,100,100098,100,100830,100,100071,100,100872,100,100045,100,100914,100,100017,100,100940,100,99998,100,100948,100,99873,100,101051,100,99867,100,101052,100,99763,100
2019-06-28 10:04:14.435123458,100801,272,100635,372,100810,100,100570,100,100811,100,100098,100,100830,100,100071,100,100872,100,100045,100,100914,100,100017,100,100940,100,99998,100,100948,100,99873,100,101051,100,99867,100,101052,100,99763,100
2019-06-28 10:04:20.000000000,100810,192,100635,192,100811,190,100570,190,100830,190,100098,190,100872,100,100071,100,100914,100,100045,100,100940,100,100017,100,100948,100,99998,100,101051,100,99873,100,101052,100,99867,100,,,99763,100
2019-06-28 10:04:28.698428281,100810,192,100635,192,100811,190,100570,190,100830,190,100098,190,100872,100,100071,100,100914,100,100045,100,100940,100,100017,100,100948,100,99998,100,101051,100,99873,100,101052,100,99867,100,101144,100,99763,100
2019-06-28 10:04:30.000000000,100810,192,100635,192,100811,190,100570,190,100830,190,100098,190,100872,100,100071,100,100914,100,100045,100,100940,100,100017,100,100948,100,99998,100,101051,100,99873,100,101052,100,99867,100,101144,100,99763,100
2019-06-28 10:04:40.000000000,100810,372,100635,372,100811,100,100570,100,100830,100,100098,100,100872,100,100071,100,100914,100,100045,100,100940,100,100017,100,100948,100,99998,100,101051,100,99873,100,101052,100,99867,100,101144,100,99763,100
2019-06-28 10:04:50.000000000,100810,154,100635,154,100811,154,100570,154,100830,154,100098,154,100872,154,100071,154,100914,154,100045,154,100940,100,100017,100,100948,100,99998,100,101051,100,99873,100,101052,100,99867,100,101144,100,99763,100
2019-06-28 10:04:54.449889741,100810,154,100635,154,100811,154,100570,154,100830,154,100098,154,100872,154,100071,154,100914,154,100045,154,100940,100,100017,100,100948,100,99998,100,101051,100,99873,100,101052,100,99867,100,101144,100,99763,100
2019-06-28 10:04:59.029161681,100810,154,100635,154,100811,154,100570,154,100830,154,100098,154,100872,154,100071,154,100914,154,100045,154,100940,100,100017,100,100948,100,99998,100,100993,100,99873,100,101051,100,99867,100,101052,100,99763,100
2019-06-28 10:05:00.000000000,100810,372,100635,372,100811,100,100570,100,100830,100,100098,100,100872,100,100071,100,100914,100,100045,100,100940,100,100017,100,100948,100,99998,100,100993,100,99873,100,101051,100,99867,100,101052,100,99763,100
2019-06-28 10:05:02.975462887,100810,372,100635,372,100811,100,100570,100,100830,100,100098,100,100872,100,100071,100,100914,100,100045,100,100940,100,100017,100,100948,100,99998,100,100993,100,99873,100,101051,100,99867,100,101052,100,99763,100
2019-06-28 10:05:10.000000000,100810,168,100635,168,100811,168,100570,168,100830,168,100098,168,100872,168,100071,168,100914,100,100045,100,100940,100,100017,100,100948,100,99998,100,100993,100,99873,100,101051,100,99867,100,101052,100,99763,100
2019-06-28 10:05:18.832822487,100810,68,100635,168,100811,168,100570,168,100830,168,100098,168,100872,168,100071,168,100914,100,100045,100,100940,100,100017,100,100948,100,99998,100,100993,100,99873,100,101051,100,99867,100,101052,100,99763,100
2019-06-28 10:05:20.000000000,100811,192,100635,192,100830,190,100570,190,100872,190,100098,190,100914,100,100071,100,100940,100,100045,100,100948,100,100017,100,100993,100,99998,100,101051,100,99873,100,101052,100,99867,100,101144,100,99763,100
2019-06-28 10:05:30.000000000,100811,154,100635,154,100830,154,100570,154,100872,154,100098,154,100914,154,100071,154,100940,154,100045,154,100948,100,100017,100,100993,100,99998,100,101051,100,99873,100,101052,100,99867,100,101144,100,99763,100
2019-06-28 10:05:40.000000000,100811,154,100635,154,100830,154,100570,154,100872,154,100098,154,100914,154,100071,154,100940,154,100045,154,100948,100,100017,100,100993,100,99998,100,101051,100,99873,100,101052,100,99867,100,101144,100,99763,100
2019-06-28 10:05:50.000000000,100811,236,100635,236,100830,236,100570,236,100872,100,100098,100,100914,100,100071,100,100940,100,100045,100,100948,100,100017,100,100993,100,99998,100,101051,100,99873,100,101052,100,99867,100,101144,100,99763,100
2019-06-28 10:06:00.000000000,100811,154,100635,154,100830,154,100570,154,100872,154,100098,154,100914,154,100071,154,100940,154,100045,154,100948,100,100017,100,100993,100,99998,100,101051,100,99873,100,101052,100,99867,100,101144,100,99763,100
2019-06-28 10:06:03.667699504,100811,54,100635,154,100830,154,100570,154,100872,154,100098,154,100914,154,100071,154,100940,154,100045,154,100948,100,100017,100,100993,100,99998,100,101051,100,99873,100,101052,100,99867,100,101144,100,99763,100
2019-06-28 10:06:04.125300380,100811,54,100810,100,100830,154,100635,154,100872,154,100570,154,100914,154,100098,154,100940,154,100071,154,100948,100,100045,154,100993,100,100017,100,101051,100,99998,100,101052,100,99873,100,101144,100,99867,100
2019-06-28 10:06:10.000000000,100830,372,100810,372,100872,100,100635,100,100914,100,100570,100,100940,100,100098,100,100948,100,100071,100,100993,100,100045,100,101051,100,100017,100,101052,100,99998,100,101144,100,99873,100,101177,100,99867,100
2019-06-28 10:06:14.579552735,100830,372,100810,372,100872,100,100635,100,100914,100,100570,100,100940,100,100098,100,100948,100,100071,100,100993,100,100045,100,101051,100,100017,100,101052,100,99998,100,101144,100,99873,100,101177,100,99867,100
2019-06-28 10:06:20.000000000,100830,154,100810,154,100872,154,100635,154,100914,154,100570,154,100940,154,100098,154,100948,154,100071,154,100993,100,100045,100,101051,100,100017,100,101052,100,99998,100,101144,100,99873,100,101177,100,99867,100
2019-06-28 10:06:25.107002405,100830,154,100810,154,100872,154,100635,154,100914,154,100570,154,100940,154,100098,154,100948,154,100071,154,100993,100,100045,100,101051,100,100017,100,101052,100,99998,100,101144,100,99873,100,101177,100,99867,100
2019-06-28 10:06:30.000000000,100830,168,100810,168,100872,168,100635,168,100914,168,100570,168,100940,168,100098,168,100948,100,100071,100,100993,100,100045,100,101051,100,100017,100,101052,100,99998,100,101144,100,99873,100,101177,100,99867,100
2019-06-28 10:06:31.396006747,100830,168,100810,268,100872,168,100635,168,100914,168,100570,168,100940,168,100098,168,100948,100,100071,100,100993,100,100045,100,101051,100,100017,100,101052,100,99998,100,101144,100,99873,100,101177,100,99867,100
2019-06-28 10:06:38.189239874,100830,68,100810,268,100872,168,100635,168,100914,168,100570,168,100940,168,100098,168,100948,100,100071,100,100993,100,100045,100,101051,100,100017,100,101052,100,99998,100,101144,100,99873,100,101177,100,99867,100
