,ask_price_1,ask_size_1,bid_price_1,bid_size_1,ask_price_2,ask_size_2,bid_price_2,bid_size_2,ask_price_3,ask_size_3,bid_price_3,bid_size_3,ask_price_4,ask_size_4,bid_price_4,bid_size_4,ask_price_5,ask_size_5,bid_price_5,bid_size_5,ask_price_6,ask_size_6,bid_price_6,bid_size_6,ask_price_7,ask_size_7,bid_price_7,bid_size_7,ask_price_8,ask_size_8,bid_price_8,bid_size_8,ask_price_9,ask_size_9,bid_price_9,bid_size_9,ask_price_10,ask_size_10,bid_price_10,bid_size_10
2019-06-28 09:30:00.000000002,,,99953,100,,,,,,,,,,,,,,,,,,,,,,,,,,,,,,,,,,,,
2019-06-28 09:30:00.000000005,,,100052,100,,,99953,100,,,,,,,,,,,,,,,,,,,,,,,,,,,,,,,,
2019-06-28 09:30:00.000000006,100056,100,100052,100,,,99953,100,,,,,,,,,,,,,,,,,,,,,,,,,,,,,,,,
2019-06-28 09:30:00.000000008,100056,100,100052,100,,,99953,100,,,99830,100,,,,,,,,,,,,,,,,,,,,,,,,,,,,
2019-06-28 09:30:00.000000009,100056,100,99953,100,,,99830,100,,,,,,,,,,,,,,,,,,,,,,,,,,,,,,,,
2019-06-28 09:30:00.000000010,100056,100,100006,100,,,99953,100,,,99830,100,,,,,,,,,,,,,,,,,,,,,,,,,,,,
2019-06-28 09:30:00.000000011,100056,100,100006,100,,,99953,100,,,99830,100,,,,,,,,,,,,,,,,,,,,,,,,,,,,
2019-06-28 09:30:00.000000014,100056,100,99953,100,100098,100,99830,100,,,,,,,,,,,,,,,,,,,,,,,,,,,,,,,,
2019-06-28 09:30:00.000000016,100056,100,99985,100,100098,100,99953,100,,,99830,100,,,,,,,,,,,,,,,,,,,,,,,,,,,,
2019-06-28 09:30:00.000000017,100037,100,99985,100,100056,100,99953,100,100098,100,99830,100,,,,,,,,,,,,,,,,,,,,,,,,,,,,
2019-06-28 09:30:00.000000019,100037,100,99985,100,100056,100,99953,100,100098,100,99830,100,,,99822,100,,,,,,,,,,,,,,,,,,,,,,,,
2019-06-28 09:30:00.000000020,100023,100,99985,100,100037,100,99953,100,100056,100,99830,100,100098,100,99822,100,,,,,,,,,,,,,,,,,,,,,,,,
2019-06-28 09:30:00.000000021,100021,100,99985,100,100023,100,99953,100,100037,300,99830,100,100056,100,99822,100,100098,100,,,,,,,,,,,,,,,,,,,,,,
2019-06-28 09:30:00.000000023,100021,100,99985,100,100023,100,99953,100,100037,300,99938,100,100056,100,99830,100,100098,100,99822,100,,,,,,,,,,,,,,,,,,,,
2019-06-28 09:30:00.000000025,100021,100,99997,100,100023,100,99985,100,100037,400,99953,100,100056,100,99938,100,100098,100,99830,100,,,99822,100,,,,,,,,,,,,,,,,
2019-06-28 09:30:00.000000031,100021,100,99997,100,100023,100,99985,100,100037,400,99953,100,100056,100,99938,100,100075,100,99830,100,100098,100,99822,100,,,,,,,,,,,,,,,,
2019-06-28 09:30:00.000000032,100021,100,99997,100,100023,100,99986,100,100037,400,99985,100,100056,100,99953,100,100075,100,99938,100,100098,100,99927,100,,,99917,100,,,99830,100,,,99822,100,,,,
2019-06-28 09:30:00.000000035,100021,100,99997,100,100023,100,99986,200,100037,500,99985,100,100056,100,99953,100,100075,100,99938,100,100098,100,99927,100,,,99917,100,,,99830,100,,,99822,100,,,,
2019-06-28 09:30:00.000000038,100021,100,99997,100,100023,100,99993,100,100025,100,99986,200,100037,500,99985,100,100056,100,99969,100,100075,100,99953,100,100098,100,99938,100,,,99927,100,,,99917,100,,,99830,100
2019-06-28 09:30:00.000000040,100021,100,99997,100,100023,100,99993,100,100025,100,99986,200,100037,500,99985,100,100056,100,99969,100,100075,100,99953,100,100098,100,99938,100,,,99930,100,,,99927,100,,,99917,100
2019-06-28 09:30:00.000000045,100021,100,99997,100,100023,100,99993,100,100025,100,99986,200,100037,500,99985,100,100056,100,99969,100,100075,100,99953,100,100098,100,99938,100,,,99930,100,,,99927,100,,,99917,100
2019-06-28 09:30:00.000000046,100021,100,99997,100,100023,100,99993,100,100025,100,99986,200,100037,600,99985,100,100056,100,99969,100,100075,100,99953,100,100098,100,99938,100,,,99930,100,,,99927,100,,,99917,100
2019-06-28 09:30:00.000000047,100021,100,99997,100,100023,100,99993,100,100025,100,99986,200,100037,600,99985,100,100056,100,99969,100,100075,100,99953,100,100086,100,99938,100,100098,100,99930,100,,,99927,100,,,99917,100
2019-06-28 09:30:00.000000048,100021,100,99993,100,100023,100,99986,300,100025,100,99985,100,100037,600,99969,100,100056,100,99953,100,100075,100,99938,100,100086,100,99930,100,100098,100,99927,100,100101,100,99917,100,100146,100,99907,100
2019-06-28 09:30:00.000000050,100013,100,99993,100,100021,100,99986,300,100023,100,99985,100,100025,100,99969,100,100037,600,99953,100,100056,100,99938,100,100075,100,99930,100,100086,100,99927,100,100098,100,99917,100,100101,100,99907,100
2019-06-28 09:30:00.000000053,100013,100,99993,100,100021,100,99986,300,100023,100,99985,100,100025,100,99969,100,100037,600,99953,100,100056,100,99938,100,100075,100,99930,100,100086,100,99927,100,100098,100,99917,100,100101,100,99907,100
2019-06-28 09:30:00.000000056,100021,100,99993,100,100023,100,99986,300,100025,100,99985,100,100037,600,99969,100,100056,100,99953,100,100075,100,99938,100,100083,100,99930,100,100086,100,99927,100,100098,100,99917,100,100101,100,99907,100
2019-06-28 09:30:00.000000061,100017,100,99993,100,100021,100,99986,300,100023,100,99985,100,100025,100,99969,100,100037,600,99953,100,100056,100,99938,100,100075,100,99930,100,100083,100,99927,100,100086,100,99917,100,100098,100,99907,100
2019-06-28 09:30:00.000000063,100017,100,99993,100,100021,100,99990,100,100023,100,99986,300,100025,100,99985,100,100037,600,99969,100,100056,100,99953,100,100075,100,99938,100,100083,100,99930,100,100086,100,99927,100,100098,100,99917,100
2019-06-28 09:30:00.000000065,100017,100,99993,100,100021,100,99990,100,100023,100,99986,300,100025,100,99985,100,100037,600,99969,100,100056,100,99953,100,100075,100,99938,100,100083,100,99930,100,100086,100,99927,100,100098,100,99917,100
2019-06-28 09:30:00.000000066,100017,100,99993,100,100021,100,99990,100,100023,100,99986,300,100025,100,99985,100,100037,600,99969,100,100056,100,99953,100,100075,100,99938,100,100083,100,99930,100,100086,100,99927,100,100098,100,99917,100
2019-06-28 09:30:00.000000067,100017,100,99993,100,100021,100,99990,100,100023,100,99986,300,100025,100,99985,100,100037,600,99969,100,100056,100,99953,100,100075,100,99938,100,100083,100,99930,100,100086,100,99927,100,100098,100,99917,100
2019-06-28 09:30:00.000000068,100013,100,99993,100,100017,100,99990,100,100021,100,99986,300,100023,100,99985,100,100025,100,99969,100,100037,600,99953,100,100056,100,99938,100,100075,100,99930,100,100083,100,99927,100,100086,100,99917,100
2019-06-28 09:30:00.000000070,100013,100,99993,100,100017,100,99990,100,100021,100,99986,300,100023,100,99985,100,100025,100,99976,100,100037,600,99969,100,100056,100,99953,100,100075,100,99938,100,100083,100,99930,100,100086,100,99927,100
2019-06-28 09:30:00.000000074,100013,100,99993,100,100017,100,99990,100,100021,100,99986,300,100023,100,99985,100,100025,100,99976,100,100037,600,99969,100,100056,100,99953,100,100075,100,99938,100,100083,100,99930,100,100086,100,99927,100
2019-06-28 09:30:00.000000077,100013,100,99993,100,100017,100,99990,100,100021,200,99986,300,100023,100,99985,100,100025,100,99976,100,100037,600,99969,100,100056,100,99953,100,100075,100,99938,100,100083,100,99930,100,100086,100,99927,100
2019-06-28 09:30:00.000000078,100013,100,99993,100,100017,100,99990,100,100021,200,99986,300,100023,100,99985,100,100025,100,99976,100,100037,600,99969,100,100056,100,99953,100,100075,100,99938,100,100083,100,99930,100,100086,100,99927,100
2019-06-28 09:30:00.000000089,100013,100,99993,100,100017,100,99990,100,100021,200,99986,300,100023,100,99985,100,100025,100,99976,100,100037,600,99969,100,100056,100,99953,100,100064,100,99938,100,100075,100,99930,100,100083,100,99927,100
2019-06-28 09:30:00.000000090,100013,100,99993,100,100017,100,99990,100,100021,200,99986,300,100023,100,99985,100,100025,100,99976,100,100037,600,99969,100,100056,100,99953,100,100064,100,99938,100,100075,100,99930,100,100083,100,99927,100
2019-06-28 09:30:00.000000091,100013,100,99993,100,100017,100,99990,100,100021,200,99986,300,100023,100,99985,100,100025,100,99976,100,100032,100,99969,100,100037,600,99953,100,100056,100,99938,100,100064,100,99930,100,100075,100,99927,100
2019-06-28 09:30:00.000000092,100013,100,99993,100,100017,100,99990,100,100021,200,99986,300,100023,100,99985,100,100025,100,99976,100,100032,100,99969,100,100037,600,99953,100,100056,100,99938,100,100064,100,99930,100,100075,100,99927,100
2019-06-28 09:30:00.000000096,100013,200,99993,100,100017,100,99990,100,100021,200,99986,300,100023,100,99985,100,100025,100,99976,100,100032,100,99969,100,100037,600,99953,100,100056,100,99938,100,100064,100,99930,100,100075,100,99927,100
2019-06-28 09:30:01.946405337,100013,300,99993,100,100017,100,99990,100,100021,200,99986,300,100023,100,99985,100,100025,100,99976,100,100032,100,99969,100,100037,600,99953,100,100056,100,99938,100,100064,100,99930,100,100075,100,99927,100
2019-06-28 09:30:10.000000000,100013,708,99993,508,100017,100,99990,100,100021,200,99986,300,100023,100,99985,100,100025,100,99976,100,100032,100,99969,100,100037,600,99953,100,100056,100,99938,100,100064,100,99930,100,100075,100,99927,100
2019-06-28 09:30:12.626170308,100013,608,99993,508,100017,100,99990,100,100021,100,99986,300,100023,100,99985,100,100025,100,99976,100,100032,100,99969,100,100037,600,99953,100,100056,100,99938,100,100064,100,99930,100,100075,100,99927,100
2019-06-28 09:30:20.000000000,100013,404,99993,304,100017,304,99990,304,100021,100,99986,300,100023,100,99985,100,100025,100,99976,100,100032,100,99969,100,100037,600,99953,100,100056,100,99938,100,100064,100,99930,100,100075,100,99927,100
2019-06-28 09:30:22.118066868,100013,304,99993,304,100017,304,99990,304,100021,100,99986,300,100023,100,99985,100,100025,100,99976,100,100032,100,99969,100,100037,600,99953,100,100056,100,99938,100,100064,100,99930,100,100075,100,99927,100
2019-06-28 09:30:30.000000000,100013,202,99993,202,100017,202,99990,202,100021,202,99986,402,100023,202,99985,202,100025,100,99976,100,100032,100,99969,100,100037,600,99953,100,100056,100,99938,100,100064,100,99930,100,100075,100,99927,100
2019-06-28 09:30:40.000000000,100013,202,99993,202,100017,202,99990,202,100021,202,99986,402,100023,202,99985,202,100025,100,99976,100,100032,100,99969,100,100037,600,99953,100,100056,100,99938,100,100064,100,99930,100,100075,100,99927,100
2019-06-28 09:30:48.440954353,100013,202,99993,202,100017,202,99990,202,100021,202,99986,402,100023,202,99985,202,100025,100,99976,100,100032,100,99969,100,100037,600,99953,100,100056,100,99938,100,100064,100,99930,100,100075,100,99927,100
2019-06-28 09:30:50.000000000,100013,508,99993,508,100017,100,99990,100,100021,100,99986,300,100023,100,99985,100,100025,100,99976,100,100032,100,99969,100,100037,600,99953,100,100056,100,99938,100,100064,100,99930,100,100075,100,99927,100
2019-06-28 09:30:51.355386362,100013,508,99998,100,100017,100,99993,508,100021,100,99990,100,100023,100,99986,300,100025,100,99985,100,100032,100,99976,100,100037,600,99969,100,100056,100,99953,100,100075,100,99938,100,100083,100,99930,100
2019-06-28 09:30:55.910544889,100013,408,99998,100,100017,100,99993,508,100021,100,99990,100,100023,100,99986,300,100025,100,99985,100,100032,100,99976,100,100037,600,99969,100,100056,100,99953,100,100075,100,99938,100,100083,100,99930,100
2019-06-28 09:31:00.000000000,100017,508,99998,508,100021,100,99993,100,100023,100,99990,100,100025,100,99986,300,100032,100,99985,100,100037,600,99976,100,100056,100,99969,100,100075,100,99953,100,100083,100,99938,100,100086,100,99930,100
2019-06-28 09:31:04.960225739,100017,508,99998,508,100021,100,99993,100,100023,100,99990,100,100025,100,99986,300,100032,100,99985,100,100037,600,99976,100,100056,100,99969,100,100075,100,99953,100,100083,100,99938,100,100086,100,99930,100
2019-06-28 09:31:09.984853121,100017,408,99998,508,100021,100,99993,100,100023,100,99990,100,100025,100,99986,300,100032,100,99985,100,100037,600,99976,100,100056,100,99969,100,100075,100,99953,100,100083,100,99938,100,100086,100,99930,100
2019-06-28 09:31:10.000000000,100021,304,99998,304,100023,304,99993,304,100025,100,99990,100,100032,100,99986,300,100037,600,99985,100,100056,100,99976,100,100075,100,99969,100,100083,100,99953,100,100086,100,99938,100,100098,100,99930,100
2019-06-28 09:31:16.470976652,100021,304,99998,204,100023,304,99993,304,100025,100,99990,100,100032,100,99986,300,100037,600,99985,100,100056,100,99976,100,100075,100,99969,100,100083,100,99953,100,100086,100,99938,100,100098,100,99930,100
2019-06-28 09:31:16.651278790,100021,304,99998,204,100023,304,99993,304,100025,100,99990,100,100032,100,99986,300,100037,500,99985,100,100056,100,99976,100,100075,100,99969,100,100083,100,99953,100,100086,100,99938,100,100098,100,99930,100
2019-06-28 09:31:20.000000000,100021,304,99993,304,100023,304,99990,304,100025,100,99986,300,100032,100,99985,100,100037,500,99976,100,100056,100,99969,100,100075,100,99953,100,100083,100,99938,100,100086,100,99930,100,100098,100,99927,100
2019-06-28 09:31:30.000000000,100021,182,99993,182,100023,182,99990,182,100025,182,99986,382,100032,182,99985,182,100037,582,99976,182,100056,100,99969,100,100075,100,99953,100,100083,100,99938,100,100086,100,99930,100,100098,100,99927,100
2019-06-28 09:31:38.112688731,100021,82,99993,182,100023,182,99990,182,100025,182,99986,382,100032,182,99985,182,100037,582,99976,182,100056,100,99969,100,100075,100,99953,100,100083,100,99938,100,100086,100,99930,100,100098,100,99927,100
2019-06-28 09:31:40.000000000,100023,304,99993,304,100025,304,99990,304,100032,100,99986,300,100037,500,99985,100,100056,100,99976,100,100075,100,99969,100,100083,100,99953,100,100086,100,99938,100,100098,100,99930,100,100101,100,99927,100
2019-06-28 09:31:40.607799027,100023,304,99993,304,100025,304,99990,304,100032,100,99986,300,100037,500,99985,100,100056,100,99976,100,100075,100,99969,100,100083,100,99953,100,100086,100,99938,100,100098,100,99930,100,100101,100,99927,100
2019-06-28 09:31:50.000000000,100023,202,99993,202,100025,202,99990,202,100032,202,99986,402,100037,602,99985,202,100056,100,99976,100,100075,100,99969,100,100083,100,99953,100,100086,100,99938,100,100098,100,99930,100,100101,100,99927,100
2019-06-28 09:32:00.000000000,100023,239,99993,239,100025,235,99990,235,100032,235,99986,435,100037,500,99985,100,100056,100,99976,100,100075,100,99969,100,100083,100,99953,100,100086,100,99938,100,100098,100,99930,100,100101,100,99927,100
2019-06-28 09:32:10.000000000,100023,304,99993,304,100025,304,99990,304,100032,100,99986,300,100037,500,99985,100,100056,100,99976,100,100075,100,99969,100,100083,100,99953,100,100086,100,99938,100,100098,100,99930,100,100101,100,99927,100
2019-06-28 09:32:20.000000000,100023,239,99993,239,100025,235,99990,235,100032,235,99986,435,100037,500,99985,100,100056,100,99976,100,100075,100,99969,100,100083,100,99953,100,100086,100,99938,100,100098,100,99930,100,100101,100,99927,100
2019-06-28 09:32:30.000000000,100023,304,99993,304,100025,304,99990,304,100032,100,99986,300,100037,500,99985,100,100056,100,99976,100,100075,100,99969,100,100083,100,99953,100,100086,100,99938,100,100098,100,99930,100,100101,100,99927,100
2019-06-28 09:32:37.332844769,99994,100,99993,304,100023,304,99990,304,100025,304,99986,300,100032,100,99985,100,100037,500,99976,100,100056,100,99969,100,100075,100,99953,100,100083,100,99938,100,100086,100,99930,100,100098,100,99927,100
2019-06-28 09:32:40.000000000,99994,304,99993,304,100023,304,99990,304,100025,100,99986,300,100032,100,99985,100,100037,500,99976,100,100056,100,99969,100,100075,100,99953,100,100083,100,99938,100,100086,100,99930,100,100098,100,99927,100
2019-06-28 09:32:50.000000000,99994,304,99993,304,100023,304,99990,304,100025,100,99986,300,100032,100,99985,100,100037,500,99976,100,100056,100,99969,100,100075,100,99953,100,100083,100,99938,100,100086,100,99930,100,100098,100,99927,100
2019-06-28 09:32:55.590457396,99994,204,99993,304,100023,304,99990,304,100025,100,99986,300,100032,100,99985,100,100037,500,99976,100,100056,100,99969,100,100075,100,99953,100,100083,100,99938,100,100086,100,99930,100,100098,100,99927,100
2019-06-28 09:33:00.000000000,100023,304,99993,304,100025,304,99990,304,100032,100,99986,300,100037,500,99985,100,100056,100,99976,100,100075,100,99969,100,100083,100,99953,100,100086,100,99938,100,100098,100,99930,100,100101,100,99927,100
2019-06-28 09:33:10.000000000,100023,182,99993,182,100025,182,99990,182,100032,182,99986,382,100037,582,99985,182,100056,182,99976,182,100075,100,99969,100,100083,100,99953,100,100086,100,99938,100,100098,100,99930,100,100101,100,99927,100
2019-06-28 09:33:20.000000000,100023,508,99993,508,100025,100,99990,100,100032,100,99986,300,100037,500,99985,100,100056,100,99976,100,100075,100,99969,100,100083,100,99953,100,100086,100,99938,100,100098,100,99930,100,100101,100,99927,100
2019-06-28 09:33:30.000000000,100023,239,99993,239,100025,235,99990,235,100032,235,99986,435,100037,500,99985,100,100056,100,99976,100,100075,100,99969,100,100083,100,99953,100,100086,100,99938,100,100098,100,99930,100,100101,100,99927,100
2019-06-28 09:33:31.595328295,100023,239,99993,239,100025,235,99990,235,100032,235,99986,435,100037,500,99985,100,100056,100,99976,100,100075,100,99969,100,100083,100,99953,100,100086,100,99938,100,100098,100,99930,100,100101,100,99927,100
2019-06-28 09:33:35.830681866,100023,239,99993,139,100025,235,99990,235,100032,235,99986,435,100037,500,99985,100,100075,100,99976,100,100083,100,99969,100,100086,100,99953,100,100098,100,99938,100,100101,100,99930,100,100104,100,99927,100
2019-06-28 09:33:40.000000000,100023,304,99990,304,100025,304,99986,504,100032,100,99985,100,100037,500,99976,100,100075,100,99969,100,100083,100,99953,100,100086,100,99938,100,100098,100,99930,100,100101,100,99927,100,100104,100,99917,100
2019-06-28 09:33:50.000000000,100023,182,99990,182,100025,182,99986,382,100032,182,99985,182,100037,582,99976,182,100075,182,99969,182,100083,100,99953,100,100086,100,99938,100,100098,100,99930,100,100101,100,99927,100,100104,100,99917,100
2019-06-28 09:33:57.148763280,100023,182,99990,82,100025,182,99986,382,100032,182,99985,182,100037,582,99976,182,100075,182,99969,182,100083,100,99953,100,100086,100,99938,100,100098,100,99930,100,100101,100,99927,100,100104,100,99917,100
2019-06-28 09:34:00.000000000,100023,304,99986,504,100025,304,99985,304,100032,100,99976,100,100037,500,99969,100,100075,100,99953,100,100083,100,99938,100,100086,100,99930,100,100098,100,99927,100,100101,100,99917,100,100104,100,99911,100
2019-06-28 09:34:09.500970725,100023,304,99986,404,100025,304,99985,304,100032,100,99976,100,100037,500,99969,100,100075,100,99953,100,100083,100,99938,100,100086,100,99930,100,100098,100,99927,100,100101,100,99917,100,100104,100,99911,100
2019-06-28 09:34:10.000000000,100023,202,99986,302,100025,202,99985,202,100032,202,99976,202,100037,602,99969,202,100075,100,99953,100,100083,100,99938,100,100086,100,99930,100,100098,100,99927,100,100101,100,99917,100,100104,100,99911,100
2019-06-28 09:34:14.962728168,100023,202,99986,302,100025,202,99985,202,100032,102,99976,202,100037,602,99969,202,100075,100,99953,100,100083,100,99938,100,100086,100,99930,100,100098,100,99927,100,100101,100,99917,100,100104,100,99911,100
2019-06-28 09:34:20.000000000,100023,239,99986,339,100025,235,99985,235,100037,635,99976,235,100075,100,99969,100,100083,100,99953,100,100086,100,99938,100,100098,100,99930,100,100101,100,99927,100,100104,100,99917,100,100113,100,99911,100
2019-06-28 09:34:30.000000000,100023,202,99986,302,100025,202,99985,202,100037,602,99976,202,100075,202,99969,202,100083,100,99953,100,100086,100,99938,100,100098,100,99930,100,100101,100,99927,100,100104,100,99917,100,100113,100,99911,100
2019-06-28 09:34:32.392690584,100023,202,99986,302,100025,202,99985,202,100037,602,99976,202,100075,202,99969,202,100083,100,99953,100,100086,100,99938,100,100098,100,99930,100,100099,100,99927,100,100101,100,99917,100,100104,100,99911,100
2019-06-28 09:34:38.797628062,100023,202,99986,302,100025,202,99985,202,100037,602,99976,202,100075,202,99969,202,100083,100,99953,100,100086,100,99938,100,100098,100,99930,100,100099,100,99927,100,100101,100,99921,100,100104,100,99917,100
2019-06-28 09:34:40.000000000,100023,508,99986,608,100025,100,99985,100,100037,500,99976,100,100075,100,99969,100,100083,100,99953,100,100086,100,99938,100,100098,100,99930,100,100099,100,99927,100,100101,100,99921,100,100104,100,99917,100
2019-06-28 09:34:50.000000000,100023,182,99986,282,100025,182,99985,182,100037,582,99976,182,100075,182,99969,182,100083,182,99953,182,100086,100,99938,100,100098,100,99930,100,100099,100,99927,100,100101,100,99921,100,100104,100,99917,100
2019-06-28 09:35:00.000000000,100023,508,99986,608,100025,100,99985,100,100037,500,99976,100,100075,100,99969,100,100083,100,99953,100,100086,100,99938,100,100098,100,99930,100,100099,100,99927,100,100101,100,99921,100,100104,100,99917,100
2019-06-28 09:35:01.697652924,100023,508,99986,608,100025,100,99985,100,100037,500,99976,100,100075,100,99973,100,100083,100,99969,100,100086,100,99953,100,100098,100,99938,100,100099,100,99930,100,100101,100,99927,100,100104,100,99921,100
2019-06-28 09:35:02.762430456,100023,408,99986,508,100025,100,99985,100,100037,500,99976,100,100075,100,99973,100,100083,100,99969,100,100086,100,99953,100,100098,100,99938,100,100099,100,99930,100,100101,100,99927,100,100104,100,99921,100
2019-06-28 09:35:10.000000000,100025,239,99986,239,100037,635,99985,235,100075,235,99976,235,100083,100,99973,100,100086,100,99969,100,100098,100,99953,100,100099,100,99938,100,100101,100,99930,100,100104,100,99927,100,100139,100,99921,100
2019-06-28 09:35:13.685459510,100025,239,99986,139,100037,635,99985,235,100075,235,99976,235,100083,100,99973,100,100086,100,99969,100,100098,100,99953,100,100099,100,99938,100,100104,100,99930,100,100139,100,99927,100,100386,100,99921,100
2019-06-28 09:35:15.735772262,100022,100,99986,139,100025,239,99985,235,100037,635,99976,235,100075,235,99973,100,100083,100,99969,100,100086,100,99953,100,100098,100,99938,100,100099,100,99930,100,100104,100,99927,100,100139,100,99921,100
2019-06-28 09:35:20.000000000,100022,239,99985,239,100025,235,99976,235,100037,635,99973,235,100075,100,99969,100,100083,100,99953,100,100086,100,99938,100,100098,100,99930,100,100099,100,99927,100,100104,100,99921,100,100139,100,99917,100
2019-06-28 09:35:30.000000000,100022,304,99985,304,100025,304,99976,304,100037,500,99973,100,100075,100,99969,100,100083,100,99953,100,100086,100,99938,100,100098,100,99930,100,100099,100,99927,100,100104,100,99921,100,100139,100,99917,100
2019-06-28 09:35:32.769271889,100022,204,99985,304,100025,304,99976,304,100037,500,99973,100,100075,100,99969,100,100083,100,99953,100,100086,100,99938,100,100098,100,99930,100,100099,100,99927,100,100104,100,99921,100,100139,100,99917,100
2019-06-28 09:35:33.417682857,100022,204,99985,304,100025,304,99976,304,100037,500,99973,100,100075,100,99969,100,100083,100,99953,100,100086,100,99938,100,100098,100,99930,100,100104,100,99927,100,100139,100,99921,100,100141,100,99917,100
2019-06-28 09:35:40.000000000,100025,202,99985,202,100037,602,99976,202,100075,202,99973,202,100083,202,99969,202,100086,100,99953,100,100098,100,99938,100,100104,100,99930,100,100139,100,99927,100,100141,100,99921,100,100386,100,99917,100
2019-06-28 09:35:50.000000000,100025,239,99985,239,100037,635,99976,235,100075,235,99973,235,100083,100,99969,100,100086,100,99953,100,100098,100,99938,100,100104,100,99930,100,100139,100,99927,100,100141,100,99921,100,100386,100,99917,100
2019-06-28 09:36:00.000000000,100025,304,99985,304,100037,704,99976,304,100075,100,99973,100,100083,100,99969,100,100086,100,99953,100,100098,100,99938,100,100104,100,99930,100,100139,100,99927,100,100141,100,99921,100,100386,100,99917,100
2019-06-28 09:36:01.715142246,100025,204,99985,304,100037,704,99976,304,100075,100,99973,100,100083,100,99969,100,100086,100,99953,100,100098,100,99938,100,100104,100,99930,100,100139,100,99927,100,100141,100,99921,100,100386,100,99917,100
2019-06-28 09:36:10.000000000,100037,602,99985,202,100075,202,99976,202,100083,202,99973,202,100086,202,99969,202,100098,100,99953,100,100104,100,99938,100,100139,100,99930,100,100141,100,99927,100,100386,100,99921,100,,,99917,100
2019-06-28 09:36:20.000000000,100037,582,99985,182,100075,182,99976,182,100083,182,99973,182,100086,182,99969,182,100098,182,99953,182,100104,100,99938,100,100139,100,99930,100,100141,100,99927,100,100386,100,99921,100,,,99917,100
2019-06-28 09:36:21.903005245,100037,482,99985,182,100075,182,99976,182,100083,182,99973,182,100086,182,99969,182,100098,182,99953,182,100104,100,99938,100,100139,100,99930,100,100141,100,99927,100,100386,100,99921,100,,,99917,100
2019-06-28 09:36:30.000000000,100037,502,99985,202,100075,202,99976,202,100083,202,99973,202,100086,202,99969,202,100098,100,99953,100,100104,100,99938,100,100139,100,99930,100,100141,100,99927,100,100386,100,99921,100,,,99917,100
2019-06-28 09:36:31.578067562,100037,502,100027,100,100075,202,99985,202,100083,202,99976,202,100086,202,99973,202,100098,100,99969,202,100104,100,99953,100,100139,100,99938,100,100141,100,99930,100,100386,100,99927,100,,,99921,100
2019-06-28 09:36:40.000000000,100037,502,100027,202,100075,202,99985,202,100083,202,99976,202,100086,202,99973,202,100098,100,99969,100,100104,100,99953,100,100139,100,99938,100,100141,100,99930,100,100386,100,99927,100,,,99921,100
2019-06-28 09:36:41.618870714,100037,502,100027,102,100075,202,99985,202,100083,202,99976,202,100086,202,99973,202,100098,100,99969,100,100104,100,99953,100,100139,100,99938,100,100141,100,99930,100,100386,100,99927,100,,,99921,100
2019-06-28 09:36:50.000000000,100037,482,99985,182,100075,182,99976,182,100083,182,99973,182,100086,182,99969,182,100098,182,99953,182,100104,100,99938,100,100139,100,99930,100,100141,100,99927,100,100386,100,99921,100,,,99911,100
2019-06-28 09:36:55.668410382,100036,100,99985,182,100037,482,99976,182,100075,182,99973,182,100083,182,99969,182,100086,182,99953,182,100098,182,99938,100,100104,100,99930,100,100139,100,99927,100,100141,100,99921,100,100386,100,99911,100
2019-06-28 09:37:00.000000000,100036,304,99985,304,100037,604,99976,304,100075,100,99973,100,100083,100,99969,100,100086,100,99953,100,100098,100,99938,100,100104,100,99930,100,100139,100,99927,100,100141,100,99921,100,100386,100,99911,100
2019-06-28 09:37:10.000000000,100036,182,99985,182,100037,482,99976,182,100075,182,99973,182,100083,182,99969,182,100086,182,99953,182,100098,100,99938,100,100104,100,99930,100,100139,100,99927,100,100141,100,99921,100,100386,100,99911,100
2019-06-28 09:37:10.224128957,100036,182,99985,182,100037,482,99976,182,100075,182,99973,182,100083,182,99969,182,100086,182,99953,182,100096,100,99938,100,100098,100,99930,100,100104,100,99927,100,100139,100,99921,100,100141,100,99911,100
2019-06-28 09:37:13.536791879,100036,182,99985,82,100037,482,99976,182,100075,182,99973,182,100083,182,99969,182,100086,82,99953,182,100096,100,99938,100,100098,100,99930,100,100104,100,99927,100,100139,100,99921,100,100141,100,99911,100
2019-06-28 09:37:20.000000000,100036,304,99976,304,100037,604,99973,304,100075,100,99969,100,100083,100,99953,100,100096,100,99938,100,100098,100,99930,100,100104,100,99927,100,100139,100,99921,100,100141,100,99911,100,100386,100,99907,100
2019-06-28 09:37:30.000000000,100036,182,99976,182,100037,482,99973,182,100075,182,99969,182,100083,182,99953,182,100096,182,99938,182,100098,100,99930,100,100104,100,99927,100,100139,100,99921,100,100141,100,99911,100,100386,100,99907,100
2019-06-28 09:37:38.824230704,100036,182,100028,100,100037,482,99976,182,100075,182,99973,182,100083,182,99969,182,100096,182,99953,182,100098,100,99938,182,100104,100,99930,100,100139,100,99927,100,100141,100,99921,100,100386,100,99911,100
2019-06-28 09:37:40.000000000,100036,182,100028,182,100037,482,99976,182,100075,182,99973,182,100083,182,99969,182,100096,182,99953,182,100098,100,99938,100,100104,100,99930,100,100139,100,99927,100,100141,100,99921,100,100386,100,99911,100
2019-06-28 09:37:45.377185768,100036,182,100028,82,100037,482,99976,182,100075,182,99973,182,100083,182,99969,182,100096,182,99953,182,100098,100,99938,100,100104,100,99930,100,100139,100,99927,100,100141,100,99921,100,100386,100,99911,100
2019-06-28 09:37:48.674385705,100028,18,99976,182,100036,182,99973,182,100037,482,99969,182,100075,182,99953,182,100083,182,99938,100,100096,182,99930,100,100098,100,99927,100,100104,100,99921,100,100139,100,99911,100,100141,100,99907,100
2019-06-28 09:37:50.000000000,100028,222,99976,304,100036,304,99973,304,100037,400,99969,100,100075,100,99953,100,100083,100,99938,100,100096,100,99930,100,100098,100,99927,100,100104,100,99921,100,100139,100,99911,100,100141,100,99907,100
2019-06-28 09:38:00.000000000,100028,120,99976,202,100036,202,99973,202,100037,502,99969,202,100075,202,99953,202,100083,100,99938,100,100096,100,99930,100,100098,100,99927,100,100104,100,99921,100,100139,100,99911,100,100141,100,99907,100
2019-06-28 09:38:10.000000000,100028,100,99976,182,100036,182,99973,182,100037,482,99969,182,100075,182,99953,182,100083,182,99938,182,100096,100,99930,100,100098,100,99927,100,100104,100,99921,100,100139,100,99911,100,100141,100,99907,100
2019-06-28 09:38:20.000000000,100028,120,99976,202,100036,202,99973,202,100037,502,99969,202,100075,202,99953,202,100083,100,99938,100,100096,100,99930,100,100098,100,99927,100,100104,100,99921,100,100139,100,99911,100,100141,100,99907,100
2019-06-28 09:38:26.973591753,100028,120,100009,100,100036,202,99976,202,100037,502,99973,202,100075,202,99969,202,100083,100,99953,202,100096,100,99938,100,100098,100,99930,100,100104,100,99927,100,100139,100,99921,100,100141,100,99911,100
2019-06-28 09:38:30.000000000,100028,222,100009,304,100036,304,99976,304,100037,400,99973,100,100075,100,99969,100,100083,100,99953,100,100096,100,99938,100,100098,100,99930,100,100104,100,99927,100,100139,100,99921,100,100141,100,99911,100
2019-06-28 09:38:40.000000000,100028,100,100009,182,100036,182,99976,182,100037,482,99973,182,100075,182,99969,182,100083,182,99953,182,100096,100,99938,100,100098,100,99930,100,100104,100,99927,100,100139,100,99921,100,100141,100,99911,100
2019-06-28 09:38:43.672182951,100028,100,100009,182,100036,182,99976,182,100037,482,99973,182,100051,100,99969,82,100075,182,99953,182,100083,182,99938,100,100096,100,99930,100,100098,100,99927,100,100104,100,99921,100,100139,100,99911,100
2019-06-28 09:38:45.661009244,100036,182,100009,182,100037,482,99976,182,100051,100,99973,182,100075,182,99969,82,100083,182,99953,182,100096,100,99938,100,100098,100,99927,100,100104,100,99921,100,100139,100,99911,100,100141,100,99907,100
2019-06-28 09:38:50.000000000,100036,202,100009,202,100037,502,99976,202,100051,202,99973,202,100075,202,99953,202,100083,100,99938,100,100096,100,99927,100,100098,100,99921,100,100104,100,99911,100,100139,100,99907,100,100141,100,99889,100
2019-06-28 09:39:00.000000000,100036,508,100009,508,100037,400,99976,100,100051,100,99973,100,100075,100,99953,100,100083,100,99938,100,100096,100,99927,100,100098,100,99921,100,100104,100,99911,100,100139,100,99907,100,100141,100,99889,100
2019-06-28 09:39:10.000000000,100036,202,100009,202,100037,502,99976,202,100051,202,99973,202,100075,202,99953,202,100083,100,99938,100,100096,100,99927,100,100098,100,99921,100,100104,100,99911,100,100139,100,99907,100,100141,100,99889,100
2019-06-28 09:39:20.000000000,100036,182,100009,182,100037,482,99976,182,100051,182,99973,182,100075,182,99953,182,100083,182,99938,182,100096,100,99927,100,100098,100,99921,100,100104,100,99911,100,100139,100,99907,100,100141,100,99889,100
2019-06-28 09:39:26.072612634,100036,82,100009,182,100037,482,99976,182,100051,182,99973,182,100075,182,99953,182,100083,182,99938,182,100096,100,99927,100,100098,100,99921,100,100104,100,99911,100,100139,100,99907,100,100141,100,99889,100
2019-06-28 09:39:30.000000000,100037,604,100009,304,100051,304,99976,304,100075,100,99973,100,100083,100,99953,100,100096,100,99938,100,100098,100,99927,100,100104,100,99921,100,100139,100,99911,100,100141,100,99907,100,100386,100,99889,100
2019-06-28 09:39:40.000000000,100037,808,100009,508,100051,100,99976,100,100075,100,99973,100,100083,100,99953,100,100096,100,99938,100,100098,100,99927,100,100104,100,99921,100,100139,100,99911,100,100141,100,99907,100,100386,100,99889,100
2019-06-28 09:39:50.000000000,100037,482,100009,182,100051,182,99976,182,100075,182,99973,182,100083,182,99953,182,100096,182,99938,182,100098,100,99927,100,100104,100,99921,100,100139,100,99911,100,100141,100,99907,100,100386,100,99889,100
2019-06-28 09:40:00.000000000,100037,808,100009,508,100051,100,99976,100,100075,100,99973,100,100083,100,99953,100,100096,100,99938,100,100098,100,99927,100,100104,100,99921,100,100139,100,99911,100,100141,100,99907,100,100386,100,99889,100
2019-06-28 09:40:10.000000000,100037,482,100009,182,100051,182,99976,182,100075,182,99973,182,100083,182,99953,182,100096,182,99938,182,100098,100,99927,100,100104,100,99921,100,100139,100,99911,100,100141,100,99907,100,100386,100,99889,100
2019-06-28 09:40:20.000000000,100037,539,100009,239,100051,235,99976,235,100075,235,99973,235,100083,100,99953,100,100096,100,99938,100,100098,100,99927,100,100104,100,99921,100,100139,100,99911,100,100141,100,99907,100,100386,100,99889,100
2019-06-28 09:40:22.616443910,100037,439,100009,239,100051,235,99976,235,100075,235,99973,235,100083,100,99953,100,100096,100,99938,100,100098,100,99927,100,100104,100,99921,100,100139,100,99911,100,100141,100,99907,100,100386,100,99889,100
2019-06-28 09:40:24.407200272,100037,439,100036,100,100051,235,100009,239,100075,235,99976,235,100083,100,99973,235,100096,100,99953,100,100098,100,99938,100,100104,100,99927,100,100139,100,99921,100,100141,100,99911,100,100386,100,99907,100
2019-06-28 09:40:30.000000000,100037,504,100036,304,100051,304,100009,304,100075,100,99976,100,100083,100,99973,100,100096,100,99953,100,100098,100,99938,100,100104,100,99927,100,100139,100,99921,100,100141,100,99911,100,100386,100,99907,100
2019-06-28 09:40:40.000000000,100037,382,100036,182,100051,182,100009,182,100075,182,99976,182,100083,182,99973,182,100096,182,99953,182,100098,100,99938,100,100104,100,99927,100,100139,100,99921,100,100141,100,99911,100,100386,100,99907,100
2019-06-28 09:40:40.363198997,100037,382,100036,182,100051,182,100009,182,100075,182,99976,182,100083,182,99973,182,100096,182,99953,182,100098,100,99938,100,100104,100,99927,100,100139,100,99921,100,100141,100,99911,100,100386,100,99907,100
2019-06-28 09:40:48.876285035,100037,382,100036,282,100051,182,100009,182,100075,182,99976,182,100083,182,99973,182,100096,182,99953,182,100098,100,99938,100,100104,100,99927,100,100139,100,99921,100,100141,100,99911,100,100386,100,99907,100
2019-06-28 09:40:50.000000000,100037,504,100036,404,100051,304,100009,304,100075,100,99976,100,100083,100,99973,100,100096,100,99953,100,100098,100,99938,100,100104,100,99927,100,100139,100,99921,100,100141,100,99911,100,100386,100,99907,100
2019-06-28 09:41:00.000000000,100037,708,100036,608,100051,100,100009,100,100075,100,99976,100,100083,100,99973,100,100096,100,99953,100,100098,100,99938,100,100104,100,99927,100,100139,100,99921,100,100141,100,99911,100,100386,100,99907,100
2019-06-28 09:41:10.000000000,100037,439,100036,339,100051,235,100009,235,100075,235,99976,235,100083,100,99973,100,100096,100,99953,100,100098,100,99938,100,100104,100,99927,100,100139,100,99921,100,100141,100,99911,100,100386,100,99907,100
2019-06-28 09:41:20.000000000,100037,402,100036,302,100051,202,100009,202,100075,202,99976,202,100083,202,99973,202,100096,100,99953,100,100098,100,99938,100,100104,100,99927,100,100139,100,99921,100,100141,100,99911,100,100386,100,99907,100
2019-06-28 09:41:30.000000000,100037,504,100036,404,100051,304,100009,304,100075,100,99976,100,100083,100,99973,100,100096,100,99953,100,100098,100,99938,100,100104,100,99927,100,100139,100,99921,100,100141,100,99911,100,100386,100,99907,100
2019-06-28 09:41:38.862455773,100037,504,100036,404,100051,304,100009,304,100075,100,100000,100,100083,100,99976,100,100096,100,99973,100,100098,100,99953,100,100104,100,99938,100,100139,100,99927,100,100141,100,99921,100,100386,100,99911,100
2019-06-28 09:41:40.000000000,100037,382,100036,282,100051,182,100009,182,100075,182,100000,182,100083,182,99976,182,100096,182,99973,182,100098,100,99953,100,100104,100,99938,100,100139,100,99927,100,100141,100,99921,100,100386,100,99911,100
2019-06-28 09:41:47.130516698,100037,282,100036,282,100051,182,100009,182,100075,182,100000,182,100083,182,99976,182,100096,182,99973,182,100098,100,99953,100,100104,100,99938,100,100141,100,99927,100,100386,100,99921,100,100694,100,99911,100
2019-06-28 09:41:50.000000000,100037,282,100036,282,100051,182,100009,182,100075,182,100000,182,100083,182,99976,182,100096,182,99973,182,100098,100,99953,100,100104,100,99938,100,100141,100,99927,100,100386,100,99921,100,100694,100,99911,100
2019-06-28 09:41:52.723865396,100037,182,100036,282,100051,182,100009,182,100075,182,100000,182,100083,182,99976,182,100096,182,99973,182,100098,100,99953,100,100104,100,99938,100,100141,100,99927,100,100386,100,99921,100,100694,100,99911,100
2019-06-28 09:42:00.000000000,100037,304,100036,404,100051,304,100009,304,100075,100,100000,100,100083,100,99976,100,100096,100,99973,100,100098,100,99953,100,100104,100,99938,100,100141,100,99927,100,100386,100,99921,100,100694,100,99911,100
2019-06-28 09:42:10.000000000,100037,202,100036,302,100051,202,100009,202,100075,202,100000,202,100083,202,99976,202,100096,100,99973,100,100098,100,99953,100,100104,100,99938,100,100141,100,99927,100,100386,100,99921,100,100694,100,99911,100
2019-06-28 09:42:10.047797829,100037,102,100036,302,100051,202,100009,202,100075,202,100000,202,100083,202,99976,202,100096,100,99973,100,100098,100,99953,100,100104,100,99938,100,100141,100,99927,100,100386,100,99921,100,100694,100,99911,100
2019-06-28 09:42:18.292267237,100037,2,100036,302,100051,202,100009,202,100075,202,100000,202,100083,202,99976,202,100096,100,99973,100,100098,100,99953,100,100104,100,99938,100,100141,100,99927,100,100386,100,99921,100,100694,100,99911,100
2019-06-28 09:42:20.000000000,100051,508,100036,608,100075,100,100009,100,100083,100,100000,100,100096,100,99976,100,100098,100,99973,100,100104,100,99953,100,100141,100,99938,100,100386,100,99927,100,100694,100,99921,100,,,99911,100
2019-06-28 09:42:30.000000000,100051,508,100036,608,100075,100,100009,100,100083,100,100000,100,100096,100,99976,100,100098,100,99973,100,100104,100,99953,100,100141,100,99938,100,100386,100,99927,100,100694,100,99921,100,,,99911,100
2019-06-28 09:42:40.000000000,100051,508,100036,608,100075,100,100009,100,100083,100,100000,100,100096,100,99976,100,100098,100,99973,100,100104,100,99953,100,100141,100,99938,100,100386,100,99927,100,100694,100,99921,100,,,99911,100
2019-06-28 09:42:47.149284006,100051,508,100036,608,100075,100,100009,100,100083,100,100000,100,100096,100,99976,100,100098,100,99973,100,100104,100,99953,100,100141,100,99927,100,100386,100,99921,100,100660,100,99911,100,100694,100,99907,100
2019-06-28 09:42:47.747430507,100051,508,100036,608,100075,100,100000,100,100083,100,99976,100,100096,100,99973,100,100098,100,99953,100,100104,100,99927,100,100141,100,99921,100,100386,100,99911,100,100660,100,99907,100,100694,100,99889,100
2019-06-28 09:42:50.000000000,100051,508,100036,608,100075,100,100000,100,100083,100,99976,100,100096,100,99973,100,100098,100,99953,100,100104,100,99927,100,100141,100,99921,100,100386,100,99911,100,100660,100,99907,100,100694,100,99889,100
2019-06-28 09:43:00.000000000,100051,182,100036,282,100075,182,100000,182,100083,182,99976,182,100096,182,99973,182,100098,182,99953,182,100104,100,99927,100,100141,100,99921,100,100386,100,99911,100,100660,100,99907,100,100694,100,99889,100
2019-06-28 09:43:10.000000000,100051,182,100036,282,100075,182,100000,182,100083,182,99976,182,100096,182,99973,182,100098,182,99953,182,100104,100,99927,100,100141,100,99921,100,100386,100,99911,100,100660,100,99907,100,100694,100,99889,100
2019-06-28 09:43:20.000000000,100051,202,100036,302,100075,202,100000,202,100083,202,99976,202,100096,202,99973,202,100098,100,99953,100,100104,100,99927,100,100141,100,99921,100,100386,100,99911,100,100660,100,99907,100,100694,100,99889,100
2019-06-28 09:43:30.000000000,100051,508,100036,608,100075,100,100000,100,100083,100,99976,100,100096,100,99973,100,100098,100,99953,100,100104,100,99927,100,100141,100,99921,100,100386,100,99911,100,100660,100,99907,100,100694,100,99889,100
2019-06-28 09:43:40.000000000,100051,304,100036,404,100075,304,100000,304,100083,100,99976,100,100096,100,99973,100,100098,100,99953,100,100104,100,99927,100,100141,100,99921,100,100386,100,99911,100,100660,100,99907,100,100694,100,99889,100
2019-06-28 09:43:50.000000000,100051,508,100036,608,100075,100,100000,100,100083,100,99976,100,100096,100,99973,100,100098,100,99953,100,100104,100,99927,100,100141,100,99921,100,100386,100,99911,100,100660,100,99907,100,100694,100,99889,100
2019-06-28 09:44:00.000000000,100051,202,100036,302,100075,202,100000,202,100083,202,99976,202,100096,202,99973,202,100098,100,99953,100,100104,100,99927,100,100141,100,99921,100,100386,100,99911,100,100660,100,99907,100,100694,100,99889,100
2019-06-28 09:44:10.000000000,100051,182,100036,282,100075,182,100000,182,100083,182,99976,182,100096,182,99973,182,100098,182,99953,182,100104,100,99927,100,100141,100,99921,100,100386,100,99911,100,100660,100,99907,100,100694,100,99889,100
2019-06-28 09:44:20.000000000,100051,304,100036,404,100075,304,100000,304,100083,100,99976,100,100096,100,99973,100,100098,100,99953,100,100104,100,99927,100,100141,100,99921,100,100386,100,99911,100,100660,100,99907,100,100694,100,99889,100
2019-06-28 09:44:22.697980183,100051,304,100036,304,100075,204,100000,304,100083,100,99976,100,100096,100,99973,100,100098,100,99953,100,100104,100,99927,100,100141,100,99921,100,100386,100,99911,100,100660,100,99907,100,100694,100,99889,100
2019-06-28 09:44:30.000000000,100051,182,100036,182,100083,182,100000,182,100096,182,99976,182,100098,182,99973,182,100104,182,99953,182,100141,100,99927,100,100386,100,99921,100,100660,100,99911,100,100694,100,99907,100,100703,100,99889,100
2019-06-28 09:44:40.000000000,100051,239,100036,239,100083,235,100000,235,100096,235,99976,235,100098,100,99973,100,100104,100,99953,100,100141,100,99927,100,100386,100,99921,100,100660,100,99911,100,100694,100,99907,100,100703,100,99889,100
2019-06-28 09:44:50.000000000,100051,182,100036,182,100083,182,100000,182,100096,182,99976,182,100098,182,99973,182,100104,182,99953,182,100141,100,99927,100,100386,100,99921,100,100660,100,99911,100,100694,100,99907,100,100703,100,99889,100
2019-06-28 09:45:00.000000000,100051,182,100036,182,100083,182,100000,182,100096,182,99976,182,100098,182,99973,182,100104,182,99953,182,100141,100,99927,100,100386,100,99921,100,100660,100,99911,100,100694,100,99907,100,100703,100,99889,100
2019-06-28 09:45:10.000000000,100051,239,100036,239,100083,235,100000,235,100096,235,99976,235,100098,100,99973,100,100104,100,99953,100,100141,100,99927,100,100386,100,99921,100,100660,100,99911,100,100694,100,99907,100,100703,100,99889,100
2019-06-28 09:45:20.000000000,100051,202,100036,202,100083,202,100000,202,100096,202,99976,202,100098,202,99973,202,100104,100,99953,100,100141,100,99927,100,100386,100,99921,100,100660,100,99911,100,100694,100,99907,100,100703,100,99889,100
2019-06-28 09:45:30.000000000,100051,508,100036,508,100083,100,100000,100,100096,100,99976,100,100098,100,99973,100,100104,100,99953,100,100141,100,99927,100,100386,100,99921,100,100660,100,99911,100,100694,100,99907,100,100703,100,99889,100
2019-06-28 09:45:40.000000000,100051,182,100036,182,100083,182,100000,182,100096,182,99976,182,100098,182,99973,182,100104,182,99953,182,100141,100,99927,100,100386,100,99921,100,100660,100,99911,100,100694,100,99907,100,100703,100,99889,100
2019-06-28 09:45:50.000000000,100051,202,100036,202,100083,202,100000,202,100096,202,99976,202,100098,202,99973,202,100104,100,99953,100,100141,100,99927,100,100386,100,99921,100,100660,100,99911,100,100694,100,99907,100,100703,100,99889,100
2019-06-28 09:45:50.703803271,100051,202,100036,202,100083,202,100000,202,100096,202,99976,202,100098,202,99973,202,100104,100,99953,100,100141,100,99927,100,100386,100,99921,100,100660,100,99911,100,100694,100,99907,100,100703,100,99889,100
2019-06-28 09:45:52.886903997,100051,202,100036,202,100083,202,100000,202,100096,202,99976,202,100098,102,99973,202,100104,100,99953,100,100141,100,99927,100,100386,100,99921,100,100660,100,99911,100,100694,100,99907,100,100703,100,99889,100
2019-06-28 09:46:00.000000000,100051,182,100036,182,100083,182,100000,182,100096,182,99976,182,100104,182,99973,182,100141,182,99953,182,100386,100,99927,100,100660,100,99921,100,100694,100,99911,100,100703,100,99907,100,,,99889,100
2019-06-28 09:46:00.136099617,100051,182,100036,182,100083,182,100000,182,100096,182,99976,182,100104,182,99973,182,100141,182,99953,182,100386,100,99927,100,100660,100,99921,100,100694,100,99911,100,100703,100,99907,100,,,99889,100
2019-06-28 09:46:10.000000000,100051,239,100036,239,100083,235,100000,235,100096,235,99976,235,100104,100,99973,100,100141,100,99953,100,100386,100,99927,100,100660,100,99921,100,100694,100,99911,100,100703,100,99907,100,,,99889,100
2019-06-28 09:46:20.000000000,100051,202,100036,202,100083,202,100000,202,100096,202,99976,202,100104,202,99973,202,100141,100,99953,100,100386,100,99927,100,100660,100,99921,100,100694,100,99911,100,100703,100,99907,100,,,99889,100
2019-06-28 09:46:30.000000000,100051,239,100036,239,100083,235,100000,235,100096,235,99976,235,100104,100,99973,100,100141,100,99953,100,100386,100,99927,100,100660,100,99921,100,100694,100,99911,100,100703,100,99907,100,,,99889,100
2019-06-28 09:46:31.301622550,100051,239,100036,239,100083,235,100000,235,100096,235,99976,235,100104,100,99953,100,100141,100,99927,100,100386,100,99921,100,100660,100,99911,100,100694,100,99907,100,100703,100,99889,100,,,99862,100
2019-06-28 09:46:40.000000000,100051,304,100036,304,100083,304,100000,304,100096,100,99976,100,100104,100,99953,100,100141,100,99927,100,100386,100,99921,100,100660,100,99911,100,100694,100,99907,100,100703,100,99889,100,,,99862,100
2019-06-28 09:46:40.361534775,100051,304,100036,304,100083,304,100000,304,100096,100,99976,100,100104,100,99953,100,100141,100,99927,100,100386,100,99921,100,100660,100,99911,100,100694,100,99907,100,100703,100,99889,100,,,99862,100
2019-06-28 09:46:42.637520085,100037,100,100036,304,100051,304,100000,304,100083,304,99976,100,100096,100,99953,100,100104,100,99927,100,100141,100,99921,100,100386,100,99911,100,100660,100,99907,100,100694,100,99889,100,100703,100,99862,100
2019-06-28 09:46:43.028153352,100037,100,100036,204,100051,304,100000,304,100083,304,99976,100,100096,100,99927,100,100104,100,99921,100,100141,100,99911,100,100386,100,99907,100,100660,100,99889,100,100694,100,99862,100,100703,100,99830,100
2019-06-28 09:46:50.000000000,100037,508,100000,508,100051,100,99976,100,100083,100,99927,100,100096,100,99921,100,100104,100,99911,100,100141,100,99907,100,100386,100,99889,100,100660,100,99862,100,100694,100,99830,100,100703,100,99112,100
2019-06-28 09:47:00.000000000,100037,239,100000,239,100051,235,99976,235,100083,235,99927,235,100096,100,99921,100,100104,100,99911,100,100141,100,99907,100,100386,100,99889,100,100660,100,99862,100,100694,100,99830,100,100703,100,99112,100
2019-06-28 09:47:03.233931916,100037,239,100000,139,100051,235,99976,235,100083,235,99927,235,100096,100,99921,100,100104,100,99911,100,100141,100,99907,100,100386,100,99889,100,100660,100,99862,100,100694,100,99830,100,100703,100,99112,100
2019-06-28 09:47:10.000000000,100037,304,99976,304,100051,304,99927,304,100083,100,99921,100,100096,100,99911,100,100104,100,99907,100,100141,100,99889,100,100386,100,99862,100,100660,100,99830,100,100694,100,99112,100,100703,100,99111,100
2019-06-28 09:47:13.498762718,100036,100,99976,304,100037,304,99927,304,100051,304,99921,100,100083,100,99911,100,100096,100,99907,100,100104,100,99889,100,100141,100,99862,100,100386,100,99830,100,100660,100,99112,100,100694,100,99111,100
2019-06-28 09:47:20.000000000,100036,508,99976,508,100037,100,99927,100,100051,100,99921,100,100083,100,99911,100,100096,100,99907,100,100104,100,99889,100,100141,100,99862,100,100386,100,99830,100,100660,100,99112,100,100694,100,99111,100
2019-06-28 09:47:30.000000000,100036,202,99976,202,100037,202,99927,202,100051,202,99921,202,100083,202,99911,202,100096,100,99907,100,100104,100,99889,100,100141,100,99862,100,100386,100,99830,100,100660,100,99112,100,100694,100,99111,100
2019-06-28 09:47:40.000000000,100036,508,99976,508,100037,100,99927,100,100051,100,99921,100,100083,100,99911,100,100096,100,99907,100,100104,100,99889,100,100141,100,99862,100,100386,100,99830,100,100660,100,99112,100,100694,100,99111,100
2019-06-28 09:47:50.000000000,100036,508,99976,508,100037,100,99927,100,100051,100,99921,100,100083,100,99911,100,100096,100,99907,100,100104,100,99889,100,100141,100,99862,100,100386,100,99830,100,100660,100,99112,100,100694,100,99111,100
2019-06-28 09:47:57.405363512,100036,508,99976,508,100037,100,99927,100,100051,100,99921,100,100083,100,99911,100,100096,100,99907,100,100104,100,99889,100,100141,100,99862,100,100386,100,99830,100,100660,100,99112,100,100694,100,99111,100
2019-06-28 09:47:58.544102916,100036,508,99976,508,100037,100,99927,100,100051,100,99921,100,100083,100,99911,100,100096,100,99907,100,100104,100,99889,100,100141,100,99862,100,100386,100,99830,100,100660,100,99112,100,100694,100,99111,100
2019-06-28 09:48:00.000000000,100036,304,99976,304,100037,304,99927,304,100051,100,99921,100,100083,100,99911,100,100096,100,99907,100,100104,100,99889,100,100141,100,99862,100,100386,100,99830,100,100660,100,99112,100,100694,100,99111,100
2019-06-28 09:48:00.763033736,100036,304,99976,204,100037,304,99927,304,100051,100,99921,100,100083,100,99911,100,100096,100,99907,100,100104,100,99889,100,100141,100,99862,100,100386,100,99830,100,100660,100,99111,100,100694,100,99050,100
2019-06-28 09:48:03.329611002,100000,100,99976,204,100036,304,99927,304,100037,304,99921,100,100051,100,99911,100,100083,100,99907,100,100096,100,99889,100,100104,100,99862,100,100141,100,99830,100,100386,100,99111,100,100660,100,99050,100
2019-06-28 09:48:10.000000000,100000,202,99927,202,100036,202,99921,202,100037,202,99911,202,100051,202,99907,202,100083,100,99889,100,100096,100,99862,100,100104,100,99830,100,100141,100,99111,100,100386,100,99050,100,100660,100,99020,100
2019-06-28 09:48:17.118695640,100000,202,99927,202,100036,202,99921,202,100037,202,99911,202,100051,202,99907,202,100083,100,99889,100,100096,100,99862,100,100104,100,99830,100,100141,100,99111,100,100386,100,99050,100,100660,100,99020,100
2019-06-28 09:48:20.000000000,100000,182,99927,182,100036,182,99921,182,100037,182,99911,182,100051,182,99907,182,100083,182,99889,182,100096,100,99862,100,100104,100,99830,100,100141,100,99111,100,100386,100,99050,100,100660,100,99020,100
2019-06-28 09:48:27.169891134,100000,182,99927,82,100036,182,99921,182,100037,182,99911,182,100051,182,99907,182,100083,182,99889,182,100096,100,99862,100,100104,100,99830,100,100141,100,99111,100,100386,100,99050,100,100660,100,99020,100
2019-06-28 09:48:30.000000000,100000,182,99921,182,100036,182,99911,182,100037,182,99907,182,100051,182,99889,182,100083,182,99862,182,100096,100,99830,100,100104,100,99111,100,100141,100,99050,100,100386,100,99020,100,100660,100,98974,100
2019-06-28 09:48:40.000000000,100000,304,99921,304,100036,304,99911,304,100037,100,99907,100,100051,100,99889,100,100083,100,99862,100,100096,100,99830,100,100104,100,99111,100,100141,100,99050,100,100386,100,99020,100,100660,100,98974,100
2019-06-28 09:48:50.000000000,100000,508,99921,508,100036,100,99911,100,100037,100,99907,100,100051,100,99889,100,100083,100,99862,100,100096,100,99830,100,100104,100,99111,100,100141,100,99050,100,100386,100,99020,100,100660,100,98974,100
2019-06-28 09:48:58.781076979,100000,508,99921,408,100036,100,99911,100,100037,100,99889,100,100051,100,99862,100,100083,100,99830,100,100096,100,99111,100,100104,100,99050,100,100141,100,99020,100,100386,100,98974,100,100660,100,98945,100
2019-06-28 09:49:00.000000000,100000,182,99911,182,100036,182,99889,182,100037,182,99862,182,100051,182,99830,182,100083,182,99111,182,100096,100,99050,100,100104,100,99020,100,100141,100,98974,100,100386,100,98945,100,100660,100,98930,100
2019-06-28 09:49:10.000000000,100000,239,99911,239,100036,235,99889,235,100037,235,99862,235,100051,100,99830,100,100083,100,99111,100,100096,100,99050,100,100104,100,99020,100,100141,100,98974,100,100386,100,98945,100,100660,100,98930,100
2019-06-28 09:49:20.000000000,100000,508,99911,508,100036,100,99889,100,100037,100,99862,100,100051,100,99830,100,100083,100,99111,100,100096,100,99050,100,100104,100,99020,100,100141,100,98974,100,100386,100,98945,100,100660,100,98930,100
2019-06-28 09:49:27.235872409,100000,508,99911,508,100036,100,99889,100,100037,100,99862,100,100051,100,99830,100,100083,100,99371,100,100096,100,99111,100,100104,100,99050,100,100141,100,99020,100,100386,100,98974,100,100660,100,98945,100
2019-06-28 09:49:30.000000000,100000,202,99911,202,100036,202,99889,202,100037,202,99862,202,100051,202,99830,202,100083,100,99371,100,100096,100,99111,100,100104,100,99050,100,100141,100,99020,100,100386,100,98974,100,100660,100,98945,100
2019-06-28 09:49:40.000000000,100000,182,99911,182,100036,182,99889,182,100037,182,99862,182,100051,182,99830,182,100083,182,99371,182,100096,100,99111,100,100104,100,99050,100,100141,100,99020,100,100386,100,98974,100,100660,100,98945,100
2019-06-28 09:49:50.000000000,100000,304,99911,304,100036,304,99889,304,100037,100,99862,100,100051,100,99830,100,100083,100,99371,100,100096,100,99111,100,100104,100,99050,100,100141,100,99020,100,100386,100,98974,100,100660,100,98945,100
2019-06-28 09:50:00.000000000,100000,182,99911,182,100036,182,99889,182,100037,182,99862,182,100051,182,99830,182,100083,182,99371,182,100096,100,99111,100,100104,100,99050,100,100141,100,99020,100,100386,100,98974,100,100660,100,98945,100
2019-06-28 09:50:08.458464301,100000,182,99911,82,100036,182,99889,182,100037,182,99862,182,100051,182,99830,182,100083,182,99371,182,100096,100,99111,100,100104,100,99050,100,100141,100,99020,100,100386,100,98974,100,100660,100,98945,100
2019-06-28 09:50:09.010276147,100000,182,99912,100,100036,182,99911,82,100037,182,99889,182,100051,182,99862,182,100083,182,99830,182,100096,100,99371,182,100104,100,99111,100,100141,100,99050,100,100386,100,99020,100,100660,100,98974,100
2019-06-28 09:50:10.000000000,100000,182,99912,182,100036,182,99889,182,100037,182,99862,182,100051,182,99830,182,100083,182,99371,182,100096,100,99111,100,100104,100,99050,100,100141,100,99020,100,100386,100,98974,100,100660,100,98945,100
2019-06-28 09:50:20.000000000,100000,182,99912,182,100036,182,99889,182,100037,182,99862,182,100051,182,99830,182,100083,182,99371,182,100096,100,99111,100,100104,100,99050,100,100141,100,99020,100,100386,100,98974,100,100660,100,98945,100
2019-06-28 09:50:24.907034286,100000,182,99912,182,100036,182,99889,182,100037,182,99862,182,100051,182,99830,182,100083,182,99371,182,100096,100,99111,100,100104,100,99050,100,100128,100,99020,100,100141,100,98974,100,100386,100,98945,100
2019-06-28 09:50:30.000000000,100000,202,99912,202,100036,202,99889,202,100037,202,99862,202,100051,202,99830,202,100083,100,99371,100,100096,100,99111,100,100104,100,99050,100,100128,100,99020,100,100141,100,98974,100,100386,100,98945,100
2019-06-28 09:50:35.192878809,100000,202,99912,102,100036,202,99889,202,100037,202,99862,202,100051,202,99830,202,100083,100,99371,100,100096,100,99111,100,100104,100,99050,100,100128,100,99020,100,100141,100,98974,100,100386,100,98945,100
2019-06-28 09:50:40.000000000,100000,182,99889,182,100036,182,99862,182,100037,182,99830,182,100051,182,99371,182,100083,182,99111,182,100096,100,99050,100,100104,100,99020,100,100128,100,98974,100,100141,100,98945,100,100386,100,98930,100
2019-06-28 09:50:50.000000000,100000,239,99889,239,100036,235,99862,235,100037,235,99830,235,100051,100,99371,100,100083,100,99111,100,100096,100,99050,100,100104,100,99020,100,100128,100,98974,100,100141,100,98945,100,100386,100,98930,100
2019-06-28 09:50:51.807926595,99912,100,99889,239,100000,239,99862,235,100036,235,99830,235,100037,235,99371,100,100051,100,99111,100,100083,100,99050,100,100096,100,99020,100,100104,100,98974,100,100128,100,98945,100,100141,100,98930,100
2019-06-28 09:50:52.412703020,99912,100,99889,139,100000,239,99862,235,100036,235,99830,235,100037,235,99371,100,100051,100,99111,100,100083,100,99050,100,100096,100,99020,100,100104,100,98974,100,100128,100,98945,100,100141,100,98930,100
2019-06-28 09:51:00.000000000,99912,304,99862,304,100000,304,99830,304,100036,100,99371,100,100037,100,99111,100,100051,100,99050,100,100083,100,99020,100,100096,100,98974,100,100104,100,98945,100,100128,100,98930,100,100141,100,,
2019-06-28 09:51:03.787350187,99911,100,99862,304,99912,304,99830,304,100000,304,99371,100,100036,100,99111,100,100037,100,99050,100,100051,100,99020,100,100083,100,98974,100,100096,100,98945,100,100104,100,98930,100,100128,100,,
2019-06-28 09:51:10.000000000,99911,239,99862,239,99912,235,99830,235,100000,235,99371,235,100036,100,99111,100,100037,100,99050,100,100051,100,99020,100,100083,100,98974,100,100096,100,98945,100,100104,100,98930,100,100128,100,,
2019-06-28 09:51:14.777558899,99911,239,99862,139,99912,235,99830,235,100000,235,99371,235,100036,100,99111,100,100037,100,99050,100,100051,100,99020,100,100083,100,98974,100,100096,100,98945,100,100104,100,98930,100,100128,100,,
2019-06-28 09:51:20.000000000,99911,182,99830,182,99912,182,99371,182,100000,182,99111,182,100036,182,99050,182,100037,182,99020,182,100051,100,98974,100,100083,100,98945,100,100096,100,98930,100,100104,100,,,100128,100,,
2019-06-28 09:51:30.000000000,99911,508,99830,508,99912,100,99371,100,100000,100,99111,100,100036,100,99050,100,100037,100,99020,100,100051,100,98974,100,100083,100,98945,100,100096,100,98930,100,100104,100,,,100128,100,,
2019-06-28 09:51:40.000000000,99911,182,99830,182,99912,182,99371,182,100000,182,99111,182,100036,182,99050,182,100037,182,99020,182,100051,100,98974,100,100083,100,98945,100,100096,100,98930,100,100104,100,,,100128,100,,
2019-06-28 09:51:42.796599915,99911,182,99830,182,99912,182,99371,182,100000,182,99111,182,100036,182,99050,182,100037,182,99020,182,100051,100,98974,100,100096,100,98945,100,100104,100,98930,100,100128,100,,,100141,100,,
2019-06-28 09:51:44.296989121,99911,82,99830,182,99912,182,99371,182,100000,182,99111,182,100036,182,99050,182,100037,182,99020,182,100051,100,98974,100,100096,100,98945,100,100104,100,98930,100,100128,100,,,100141,100,,
2019-06-28 09:51:50.000000000,99912,182,99830,182,100000,182,99371,182,100036,182,99111,182,100037,182,99050,182,100051,182,99020,182,100096,100,98974,100,100104,100,98945,100,100128,100,98930,100,100141,100,,,100353,100,,
2019-06-28 09:51:52.832746019,99912,182,99863,100,100000,182,99830,182,100036,182,99371,182,100037,182,99111,182,100051,182,99050,182,100096,100,99020,182,100104,100,98974,100,100128,100,98945,100,100141,100,98930,100,100353,100,,
2019-06-28 09:52:00.000000000,99912,304,99863,304,100000,304,99830,304,100036,100,99371,100,100037,100,99111,100,100051,100,99050,100,100096,100,99020,100,100104,100,98974,100,100128,100,98945,100,100141,100,98930,100,100353,100,,
2019-06-28 09:52:10.000000000,99912,182,99863,182,100000,182,99830,182,100036,182,99371,182,100037,182,99111,182,100051,182,99050,182,100096,100,99020,100,100104,100,98974,100,100128,100,98945,100,100141,100,98930,100,100353,100,,
2019-06-28 09:52:20.000000000,99912,239,99863,239,100000,235,99830,235,100036,235,99371,235,100037,100,99111,100,100051,100,99050,100,100096,100,99020,100,100104,100,98974,100,100128,100,98945,100,100141,100,98930,100,100353,100,,
2019-06-28 09:52:21.593565473,99912,239,99863,339,100000,235,99830,235,100036,235,99371,235,100037,100,99111,100,100051,100,99050,100,100096,100,99020,100,100104,100,98974,100,100128,100,98945,100,100141,100,98930,100,100353,100,,
2019-06-28 09:52:24.949858841,99912,139,99863,339,100000,235,99830,235,100036,235,99371,235,100037,100,99111,100,100051,100,99050,100,100096,100,98974,100,100104,100,98945,100,100128,100,98930,100,100141,100,,,100353,100,,
2019-06-28 09:52:30.000000000,100000,202,99863,302,100036,202,99830,202,100037,202,99371,202,100051,202,99111,202,100096,100,99050,100,100104,100,98974,100,100128,100,98945,100,100141,100,98930,100,100353,100,,,100386,100,,
2019-06-28 09:52:31.388657965,100000,202,99863,302,100036,202,99830,202,100037,202,99371,202,100051,202,99111,202,100096,100,99050,100,100104,100,98974,100,100128,100,98945,100,100141,100,98930,100,100353,100,,,100376,100,,
2019-06-28 09:52:40.000000000,100000,239,99863,339,100036,235,99830,235,100037,235,99371,235,100051,100,99111,100,100096,100,99050,100,100104,100,98974,100,100128,100,98945,100,100141,100,98930,100,100353,100,,,100376,100,,
2019-06-28 09:52:50.000000000,100000,508,99863,608,100036,100,99830,100,100037,100,99371,100,100051,100,99111,100,100096,100,99050,100,100104,100,98974,100,100128,100,98945,100,100141,100,98930,100,100353,100,,,100376,100,,
2019-06-28 09:52:59.288190860,100000,508,99911,100,100036,100,99863,508,100037,100,99830,100,100051,100,99371,100,100096,100,99111,100,100104,100,99050,100,100128,100,98974,100,100141,100,98945,100,100353,100,98930,100,100376,100,,
2019-06-28 09:53:00.000000000,100000,304,99911,304,100036,304,99863,304,100037,100,99830,100,100051,100,99371,100,100096,100,99111,100,100104,100,99050,100,100128,100,98974,100,100141,100,98945,100,100353,100,98930,100,100376,100,,
2019-06-28 09:53:05.023607862,100000,304,99911,404,100036,304,99863,304,100037,100,99830,100,100051,100,99371,100,100096,100,99111,100,100104,100,99050,100,100128,100,98974,100,100141,100,98945,100,100353,100,98930,100,100376,100,,
2019-06-28 09:53:10.000000000,100000,239,99911,339,100036,235,99863,235,100037,235,99830,235,100051,100,99371,100,100096,100,99111,100,100104,100,99050,100,100128,100,98974,100,100141,100,98945,100,100353,100,98930,100,100376,100,,
2019-06-28 09:53:20.000000000,100000,182,99911,282,100036,182,99863,182,100037,182,99830,182,100051,182,99371,182,100096,182,99111,182,100104,100,99050,100,100128,100,98974,100,100141,100,98945,100,100353,100,98930,100,100376,100,,
2019-06-28 09:53:30.000000000,100000,239,99911,339,100036,235,99863,235,100037,235,99830,235,100051,100,99371,100,100096,100,99111,100,100104,100,99050,100,100128,100,98974,100,100141,100,98945,100,100353,100,98930,100,100376,100,,
2019-06-28 09:53:40.000000000,100000,304,99911,404,100036,304,99863,304,100037,100,99830,100,100051,100,99371,100,100096,100,99111,100,100104,100,99050,100,100128,100,98974,100,100141,100,98945,100,100353,100,98930,100,100376,100,,
2019-06-28 09:53:50.000000000,100000,202,99911,302,100036,202,99863,202,100037,202,99830,202,100051,202,99371,202,100096,100,99111,100,100104,100,99050,100,100128,100,98974,100,100141,100,98945,100,100353,100,98930,100,100376,100,,
2019-06-28 09:54:00.000000000,100000,182,99911,282,100036,182,99863,182,100037,182,99830,182,100051,182,99371,182,100096,182,99111,182,100104,100,99050,100,100128,100,98974,100,100141,100,98945,100,100353,100,98930,100,100376,100,,
2019-06-28 09:54:10.000000000,100000,239,99911,339,100036,235,99863,235,100037,235,99830,235,100051,100,99371,100,100096,100,99111,100,100104,100,99050,100,100128,100,98974,100,100141,100,98945,100,100353,100,98930,100,100376,100,,
2019-06-28 09:54:13.619376794,100000,139,99911,339,100036,235,99863,235,100037,235,99830,235,100051,100,99371,100,100096,100,99111,100,100104,100,99050,100,100141,100,98974,100,100353,100,98945,100,100376,100,98930,100,100386,100,,
2019-06-28 09:54:20.000000000,100036,239,99911,339,100037,235,99863,235,100051,235,99830,235,100096,100,99371,100,100104,100,99111,100,100141,100,99050,100,100353,100,98974,100,100376,100,98945,100,100386,100,98930,100,100660,100,,
2019-06-28 09:54:25.118894760,100036,239,99912,100,100037,235,99911,339,100051,235,99863,235,100096,100,99830,235,100104,100,99371,100,100141,100,99111,100,100353,100,99050,100,100376,100,98974,100,100386,100,98945,100,100660,100,98930,100
2019-06-28 09:54:30.000000000,100036,304,99912,304,100037,304,99911,404,100051,100,99863,100,100096,100,99830,100,100104,100,99371,100,100141,100,99111,100,100353,100,99050,100,100376,100,98974,100,100386,100,98945,100,100660,100,98930,100
2019-06-28 09:54:40.000000000,100036,239,99912,239,100037,235,99911,335,100051,235,99863,235,100096,100,99830,100,100104,100,99371,100,100141,100,99111,100,100353,100,99050,100,100376,100,98974,100,100386,100,98945,100,100660,100,98930,100
2019-06-28 09:54:48.090223534,100036,139,99912,239,100037,235,99911,335,100051,235,99863,235,100096,100,99830,100,100104,100,99371,100,100141,100,99111,100,100353,100,99050,100,100376,100,98974,100,100386,100,98945,100,100660,100,98930,100
2019-06-28 09:54:50.000000000,100037,182,99912,182,100051,182,99911,282,100096,182,99863,182,100104,182,99830,182,100141,182,99371,182,100353,100,99111,100,100376,100,99050,100,100386,100,98974,100,100660,100,98945,100,100694,100,98930,100
2019-06-28 09:55:00.000000000,100037,508,99912,508,100051,100,99911,200,100096,100,99863,100,100104,100,99830,100,100141,100,99371,100,100353,100,99111,100,100376,100,99050,100,100386,100,98974,100,100660,100,98945,100,100694,100,98930,100
2019-06-28 09:55:10.000000000,100037,239,99912,239,100051,235,99911,335,100096,235,99863,235,100104,100,99830,100,100141,100,99371,100,100353,100,99111,100,100376,100,99050,100,100386,100,98974,100,100660,100,98945,100,100694,100,98930,100
2019-06-28 09:55:15.156464374,100037,139,99912,239,100051,235,99911,335,100096,235,99863,235,100104,100,99830,100,100141,100,99371,100,100353,100,99111,100,100376,100,99050,100,100386,100,98974,100,100660,100,98945,100,100694,100,98930,100
2019-06-28 09:55:17.636783749,100037,39,99912,239,100051,235,99911,335,100096,235,99863,235,100104,100,99830,100,100141,100,99371,100,100353,100,99111,100,100376,100,99050,100,100386,100,98974,100,100660,100,98945,100,100694,100,98930,100
2019-06-28 09:55:20.000000000,100051,182,99912,182,100096,182,99911,282,100104,182,99863,182,100141,182,99830,182,100353,182,99371,182,100376,100,99111,100,100386,100,99050,100,100660,100,98974,100,100694,100,98945,100,100703,100,98930,100
2019-06-28 09:55:30.000000000,100051,304,99912,304,100096,304,99911,404,100104,100,99863,100,100141,100,99830,100,100353,100,99371,100,100376,100,99111,100,100386,100,99050,100,100660,100,98974,100,100694,100,98945,100,100703,100,98930,100
2019-06-28 09:55:34.250806277,100051,204,99912,304,100096,304,99911,404,100104,100,99863,100,100141,100,99830,100,100353,100,99371,100,100376,100,99111,100,100386,100,99050,100,100660,100,98974,100,100694,100,98945,100,100703,100,98930,100
2019-06-28 09:55:39.840486708,100051,204,99912,304,100096,304,99911,404,100104,100,99863,100,100141,100,99830,100,100353,100,99371,100,100376,100,99111,100,100386,100,99050,100,100660,100,98974,100,100694,100,98945,100,100703,100,98930,100
2019-06-28 09:55:40.000000000,100096,508,99912,508,100104,100,99911,200,100141,100,99863,100,100353,100,99830,100,100376,100,99371,100,100386,100,99111,100,100660,100,99050,100,100694,100,98974,100,100703,100,98945,100,101249,100,98930,100
2019-06-28 09:55:43.791827562,100096,508,99912,508,100104,100,99911,200,100141,100,99863,100,100376,100,99830,100,100386,100,99371,100,100660,100,99111,100,100694,100,99050,100,100703,100,98974,100,101180,100,98945,100,101249,100,98930,100
2019-06-28 09:55:50.000000000,100096,304,99912,304,100104,304,99911,404,100141,100,99863,100,100376,100,99830,100,100386,100,99371,100,100660,100,99111,100,100694,100,99050,100,100703,100,98974,100,101180,100,98945,100,101249,100,98930,100
2019-06-28 09:56:00.000000000,100096,304,99912,304,100104,304,99911,404,100141,100,99863,100,100376,100,99830,100,100386,100,99371,100,100660,100,99111,100,100694,100,99050,100,100703,100,98974,100,101180,100,98945,100,101249,100,98930,100
2019-06-28 09:56:10.000000000,100096,239,99912,239,100104,235,99911,335,100141,235,99863,235,100376,100,99830,100,100386,100,99371,100,100660,100,99111,100,100694,100,99050,100,100703,100,98974,100,101180,100,98945,100,101249,100,98930,100
2019-06-28 09:56:20.000000000,100096,182,99912,182,100104,182,99911,282,100141,182,99863,182,100376,182,99830,182,100386,182,99371,182,100660,100,99111,100,100694,100,99050,100,100703,100,98974,100,101180,100,98945,100,101249,100,98930,100
2019-06-28 09:56:23.517656696,100096,182,99912,182,100104,182,99911,182,100141,182,99863,182,100376,182,99830,182,100386,182,99371,182,100660,100,99111,100,100694,100,99050,100,100703,100,98974,100,101180,100,98945,100,101249,100,98930,100
2019-06-28 09:56:28.234380736,100096,82,99912,182,100104,182,99911,182,100141,182,99863,182,100376,182,99830,182,100386,182,99371,182,100660,100,99111,100,100694,100,99050,100,100703,100,98974,100,101180,100,98945,100,101249,100,98930,100
2019-06-28 09:56:30.000000000,100104,182,99912,182,100141,182,99911,182,100376,182,99863,182,100386,182,99830,182,100660,182,99371,182,100694,100,99111,100,100703,100,99050,100,101180,100,98974,100,101249,100,98945,100,101338,100,98930,100
2019-06-28 09:56:32.056120682,100104,182,100037,100,100141,182,99912,82,100376,182,99911,182,100386,182,99863,182,100660,182,99830,182,100694,100,99371,182,100703,100,99111,100,101180,100,99050,100,101249,100,98974,100,101338,100,98945,100
2019-06-28 09:56:35.738911843,100104,82,100037,100,100141,182,99912,82,100376,182,99911,182,100386,182,99863,182,100660,182,99830,182,100694,100,99371,182,100703,100,99111,100,101180,100,99050,100,101249,100,98974,100,101338,100,98945,100
2019-06-28 09:56:40.000000000,100141,304,100037,304,100376,304,99911,304,100386,100,99863,100,100660,100,99830,100,100694,100,99371,100,100703,100,99111,100,101180,100,99050,100,101249,100,98974,100,101338,100,98945,100,,,98930,100
2019-06-28 09:56:50.000000000,100141,202,100037,202,100376,202,99911,202,100386,202,99863,202,100660,202,99830,202,100694,100,99371,100,100703,100,99111,100,101180,100,99050,100,101249,100,98974,100,101338,100,98945,100,,,98930,100
2019-06-28 09:56:58.939021885,100141,202,100037,202,100376,202,99911,202,100386,202,99863,202,100660,202,99830,202,100694,100,99371,100,100703,100,99111,100,101180,100,99050,100,101249,100,98974,100,101338,100,98945,100,101488,100,98930,100
2019-06-28 09:57:00.000000000,100141,202,100037,202,100376,202,99911,202,100386,202,99863,202,100660,202,99830,202,100694,100,99371,100,100703,100,99111,100,101180,100,99050,100,101249,100,98974,100,101338,100,98945,100,101488,100,98930,100
2019-06-28 09:57:00.888573009,100141,202,100051,100,100376,202,100037,202,100386,202,99911,202,100660,202,99863,202,100694,100,99830,202,100703,100,99371,100,101180,100,99111,100,101249,100,99050,100,101338,100,98974,100,101488,100,98945,100
2019-06-28 09:57:10.000000000,100141,304,100051,304,100376,304,100037,304,100386,100,99911,100,100660,100,99863,100,100694,100,99830,100,100703,100,99371,100,101180,100,99111,100,101249,100,99050,100,101338,100,98974,100,101488,100,98945,100
2019-06-28 09:57:15.599877889,100141,204,100051,304,100376,304,100037,304,100386,100,99911,100,100660,100,99863,100,100694,100,99830,100,100703,100,99371,100,101180,100,99111,100,101249,100,99050,100,101338,100,98974,100,101488,100,98945,100
2019-06-28 09:57:20.000000000,100376,239,100051,239,100386,235,100037,235,100660,235,99911,235,100694,100,99863,100,100703,100,99830,100,101180,100,99371,100,101249,100,99111,100,101338,100,99050,100,101488,100,98974,100,,,98945,100
2019-06-28 09:57:30.000000000,100376,239,100051,239,100386,235,100037,235,100660,235,99911,235,100694,100,99863,100,100703,100,99830,100,101180,100,99371,100,101249,100,99111,100,101338,100,99050,100,101488,100,98974,100,,,98945,100
2019-06-28 09:57:40.000000000,100376,239,100051,239,100386,235,100037,235,100660,235,99911,235,100694,100,99863,100,100703,100,99830,100,101180,100,99371,100,101249,100,99111,100,101338,100,99050,100,101488,100,98974,100,,,98945,100
2019-06-28 09:57:42.289465664,100376,239,100051,239,100386,235,100037,235,100660,235,99911,235,100694,100,99863,100,100703,100,99830,100,101180,100,99371,100,101249,100,99111,100,101338,100,99050,100,101401,100,98945,100,101488,100,98930,100
2019-06-28 09:57:49.368158313,100376,139,100051,239,100386,235,100037,235,100660,235,99911,235,100694,100,99863,100,100703,100,99830,100,101180,100,99371,100,101249,100,99111,100,101338,100,99050,100,101401,100,98945,100,101488,100,98930,100
2019-06-28 09:57:50.000000000,100386,239,100051,239,100660,235,100037,235,100694,235,99911,235,100703,100,99863,100,101180,100,99830,100,101249,100,99371,100,101338,100,99111,100,101401,100,99050,100,101488,100,98945,100,,,98930,100
2019-06-28 09:58:00.000000000,100386,182,100051,182,100660,182,100037,182,100694,182,99911,182,100703,182,99863,182,101180,182,99830,182,101249,100,99371,100,101338,100,99111,100,101401,100,99050,100,101488,100,98945,100,,,98930,100
2019-06-28 09:58:00.410091171,100386,82,100051,182,100660,182,100037,182,100694,182,99911,182,100703,182,99863,182,101180,182,99830,182,101249,100,99371,100,101338,100,99111,100,101488,100,99050,100,,,98945,100,,,98930,100
2019-06-28 09:58:10.000000000,100660,202,100051,202,100694,202,100037,202,100703,202,99911,202,101180,202,99863,202,101249,100,99830,100,101338,100,99371,100,101488,100,99111,100,,,99050,100,,,98945,100,,,98930,100
2019-06-28 09:58:10.147674123,100660,202,100051,202,100694,202,100037,202,100703,202,99911,202,101180,202,99863,202,101249,100,99830,100,101338,100,99371,100,101366,100,99111,100,101488,100,99050,100,,,98945,100,,,98930,100
2019-06-28 09:58:20.000000000,100660,304,100051,304,100694,304,100037,304,100703,100,99911,100,101180,100,99863,100,101249,100,99830,100,101338,100,99371,100,101366,100,99111,100,101488,100,99050,100,,,98945,100,,,98930,100
2019-06-28 09:58:30.000000000,100660,239,100051,239,100694,235,100037,235,100703,235,99911,235,101180,100,99863,100,101249,100,99830,100,101338,100,99371,100,101366,100,99111,100,101488,100,99050,100,,,98945,100,,,98930,100
2019-06-28 09:58:34.417977291,100660,139,100051,239,100694,235,100037,235,100703,235,99911,235,101180,100,99863,100,101249,100,99830,100,101338,100,99371,100,101366,100,99111,100,101488,100,99050,100,,,98945,100,,,98930,100
2019-06-28 09:58:36.184462006,100660,139,100386,100,100694,235,100051,239,100703,235,100037,235,101180,100,99911,235,101249,100,99863,100,101338,100,99830,100,101366,100,99371,100,101488,100,99111,100,,,99050,100,,,98945,100
2019-06-28 09:58:39.924687445,100660,139,100386,100,100694,235,100051,239,100703,235,100037,235,101180,100,99911,235,101249,100,99863,100,101338,100,99830,100,101366,100,99371,100,101398,100,99111,100,101488,100,99050,100,,,98945,100
2019-06-28 09:58:40.000000000,100694,182,100386,182,100703,182,100051,182,101180,182,100037,182,101249,182,99911,182,101338,182,99863,182,101366,100,99830,100,101398,100,99371,100,101488,100,99111,100,,,99050,100,,,98945,100
2019-06-28 09:58:50.000000000,100694,239,100386,239,100703,235,100051,235,101180,235,100037,235,101249,100,99911,100,101338,100,99863,100,101366,100,99830,100,101398,100,99371,100,101488,100,99111,100,,,99050,100,,,98945,100
2019-06-28 09:59:00.000000000,100694,508,100386,508,100703,100,100051,100,101180,100,100037,100,101249,100,99911,100,101338,100,99863,100,101366,100,99830,100,101398,100,99371,100,101488,100,99111,100,,,99050,100,,,98945,100
2019-06-28 09:59:00.281611014,100694,508,100386,508,100703,100,100051,100,101180,100,100037,100,101237,100,99911,100,101249,100,99863,100,101338,100,99830,100,101366,100,99371,100,101398,100,99111,100,101488,100,99050,100,,,98945,100
2019-06-28 09:59:00.362241152,100694,408,100386,508,100703,100,100051,100,101180,100,100037,100,101237,100,99911,100,101249,100,99863,100,101338,100,99830,100,101366,100,99371,100,101398,100,99111,100,101488,100,99050,100,,,98945,100
2019-06-28 09:59:10.000000000,100703,508,100386,508,101180,100,100051,100,101237,100,100037,100,101249,100,99911,100,101338,100,99863,100,101366,100,99830,100,101398,100,99371,100,101488,100,99111,100,,,99050,100,,,98945,100
2019-06-28 09:59:20.000000000,100703,182,100386,182,101180,182,100051,182,101237,182,100037,182,101249,182,99911,182,101338,182,99863,182,101366,100,99830,100,101398,100,99371,100,101488,100,99111,100,,,99050,100,,,98945,100
2019-06-28 09:59:28.780242798,100703,182,100660,100,101180,182,100386,182,101237,182,100051,182,101249,182,100037,182,101338,182,99911,182,101366,100,99863,182,101398,100,99830,100,101488,100,99371,100,,,99111,100,,,99050,100
2019-06-28 09:59:30.000000000,100703,239,100660,239,101180,235,100386,235,101237,235,100051,235,101249,100,100037,100,101338,100,99911,100,101366,100,99863,100,101398,100,99830,100,101488,100,99371,100,,,99111,100,,,99050,100
2019-06-28 09:59:32.788507184,100703,239,100660,239,101069,100,100386,235,101180,235,100051,235,101237,235,100037,100,101249,100,99911,100,101338,100,99863,100,101366,100,99830,100,101398,100,99371,100,101488,100,99111,100,,,98945,100
2019-06-28 09:59:40.000000000,100703,202,100660,202,101069,202,100386,202,101180,202,100051,202,101237,202,100037,202,101249,100,99911,100,101338,100,99863,100,101366,100,99830,100,101398,100,99371,100,101488,100,99111,100,,,98945,100
2019-06-28 09:59:44.338277024,100703,202,100660,202,101069,202,100386,202,101180,202,100051,202,101237,202,100037,202,101249,100,99911,100,101338,100,99830,100,101366,100,99371,100,101398,100,99111,100,101488,100,98945,100,,,98930,100
2019-06-28 09:59:50.000000000,100703,508,100660,508,101069,100,100386,100,101180,100,100051,100,101237,100,100037,100,101249,100,99911,100,101338,100,99830,100,101366,100,99371,100,101398,100,99111,100,101488,100,98945,100,,,98930,100
2019-06-28 10:00:00.000000000,100703,239,100660,239,101069,235,100386,235,101180,235,100051,235,101237,100,100037,100,101249,100,99911,100,101338,100,99830,100,101366,100,99371,100,101398,100,99111,100,101488,100,98945,100,,,98930,100
2019-06-28 10:00:09.975917071,100703,239,100660,339,101069,235,100386,235,101180,235,100051,235,101237,100,100037,100,101249,100,99911,100,101338,100,99830,100,101366,100,99371,100,101398,100,99111,100,101488,100,98945,100,,,98930,100
2019-06-28 10:00:10.000000000,100703,202,100660,302,101069,202,100386,202,101180,202,100051,202,101237,202,100037,202,101249,100,99911,100,101338,100,99830,100,101366,100,99371,100,101398,100,99111,100,101488,100,98945,100,,,98930,100
2019-06-28 10:00:16.881506361,100703,102,100660,302,101069,202,100386,202,101180,202,100051,202,101237,202,100037,202,101249,100,99911,100,101338,100,99830,100,101366,100,99371,100,101398,100,99111,100,101488,100,98945,100,,,98930,100
2019-06-28 10:00:17.622393213,100703,102,100660,302,101069,202,100386,202,101164,100,100051,202,101180,202,100037,202,101237,202,99911,100,101249,100,99830,100,101338,100,99371,100,101366,100,99111,100,101398,100,98945,100,101488,100,98930,100
2019-06-28 10:00:18.108873684,100703,102,100660,302,101069,202,100386,202,101097,100,100051,202,101164,100,100037,202,101180,202,99911,100,101237,202,99830,100,101249,100,99371,100,101338,100,99111,100,101366,100,98945,100,101398,100,98930,100
2019-06-28 10:00:20.000000000,101069,202,100660,302,101097,202,100386,202,101164,202,100051,202,101180,202,100037,202,101237,100,99911,100,101249,100,99830,100,101338,100,99371,100,101366,100,99111,100,101398,100,98945,100,101488,100,98930,100
2019-06-28 10:00:30.000000000,101069,508,100660,608,101097,100,100386,100,101164,100,100051,100,101180,100,100037,100,101237,100,99911,100,101249,100,99830,100,101338,100,99371,100,101366,100,99111,100,101398,100,98945,100,101488,100,98930,100
2019-06-28 10:00:32.869114226,101069,508,101008,100,101097,100,100660,608,101164,100,100386,100,101180,100,100051,100,101237,100,100037,100,101249,100,99911,100,101338,100,99830,100,101366,100,99371,100,101398,100,99111,100,101488,100,98945,100
2019-06-28 10:00:39.402766896,101069,508,100660,608,101097,100,100386,100,101164,100,100051,100,101180,100,100037,100,101237,100,99911,100,101249,100,99830,100,101338,100,99371,100,101366,100,99111,100,101398,100,98945,100,101488,100,,
2019-06-28 10:00:40.000000000,101069,202,100660,302,101097,202,100386,202,101164,202,100051,202,101180,202,100037,202,101237,100,99911,100,101249,100,99830,100,101338,100,99371,100,101366,100,99111,100,101398,100,98945,100,101488,100,,
2019-06-28 10:00:41.409729156,101069,202,100822,100,101097,202,100660,302,101164,202,100386,202,101180,202,100051,202,101237,100,100037,202,101249,100,99911,100,101338,100,99830,100,101366,100,99371,100,101398,100,99111,100,101488,100,98945,100
2019-06-28 10:00:50.000000000,101069,182,100822,182,101097,182,100660,282,101164,182,100386,182,101180,182,100051,182,101237,182,100037,182,101249,100,99911,100,101338,100,99830,100,101366,100,99371,100,101398,100,99111,100,101488,100,98945,100
2019-06-28 10:01:00.000000000,101069,182,100822,182,101097,182,100660,282,101164,182,100386,182,101180,182,100051,182,101237,182,100037,182,101249,100,99911,100,101338,100,99830,100,101366,100,99371,100,101398,100,99111,100,101488,100,98945,100
2019-06-28 10:01:00.526486405,100914,100,100822,182,101069,182,100660,282,101097,182,100386,182,101164,182,100051,182,101180,182,100037,182,101237,182,99911,100,101249,100,99830,100,101338,100,99371,100,101366,100,98945,100,101398,100,,
2019-06-28 10:01:10.000000000,100914,202,100822,202,101069,202,100660,302,101097,202,100386,202,101164,202,100051,202,101180,100,100037,100,101237,100,99911,100,101249,100,99830,100,101338,100,99371,100,101366,100,98945,100,101398,100,,
2019-06-28 10:01:11.659492751,100914,202,100840,100,101069,202,100822,202,101097,202,100660,302,101164,202,100386,202,101180,100,100051,202,101237,100,100037,100,101249,100,99911,100,101338,100,99830,100,101366,100,99371,100,101398,100,98945,100
2019-06-28 10:01:17.971811153,100914,202,100822,202,101069,202,100660,302,101097,102,100386,202,101164,202,100051,202,101180,100,100037,100,101237,100,99911,100,101249,100,99830,100,101338,100,99371,100,101366,100,98945,100,101398,100,,
2019-06-28 10:01:20.000000000,100914,202,100822,202,101069,202,100660,302,101164,202,100386,202,101180,202,100051,202,101237,100,100037,100,101249,100,99911,100,101338,100,99830,100,101366,100,99371,100,101398,100,98945,100,101488,100,,
2019-06-28 10:01:30.000000000,100914,508,100822,508,101069,100,100660,200,101164,100,100386,100,101180,100,100051,100,101237,100,100037,100,101249,100,99911,100,101338,100,99830,100,101366,100,99371,100,101398,100,98945,100,101488,100,,
2019-06-28 10:01:40.000000000,100914,202,100822,202,101069,202,100660,302,101164,202,100386,202,101180,202,100051,202,101237,100,100037,100,101249,100,99911,100,101338,100,99830,100,101366,100,99371,100,101398,100,98945,100,101488,100,,
2019-06-28 10:01:47.480265264,100914,202,100822,202,101069,202,100660,302,101148,100,100386,202,101164,202,100051,202,101180,202,100037,100,101237,100,99911,100,101249,100,99830,100,101338,100,99371,100,101366,100,98945,100,101398,100,,
2019-06-28 10:01:50.000000000,100914,304,100822,304,101069,304,100660,404,101148,100,100386,100,101164,100,100051,100,101180,100,100037,100,101237,100,99911,100,101249,100,99830,100,101338,100,99371,100,101366,100,98945,100,101398,100,,
2019-06-28 10:01:58.508937144,100914,304,100822,304,100961,100,100660,404,101069,304,100386,100,101148,100,100051,100,101164,100,100037,100,101180,100,99911,100,101237,100,99830,100,101249,100,99371,100,101338,100,98945,100,101398,100,,
2019-06-28 10:02:00.000000000,100914,239,100822,239,100961,235,100660,335,101069,235,100386,235,101148,100,100051,100,101164,100,100037,100,101180,100,99911,100,101237,100,99830,100,101249,100,99371,100,101338,100,98945,100,101398,100,,
2019-06-28 10:02:00.695417652,100914,139,100822,239,100961,235,100660,335,101069,235,100386,235,101148,100,100051,100,101164,100,100037,100,101180,100,99911,100,101237,100,99830,100,101249,100,99371,100,101338,100,98945,100,101398,100,,
2019-06-28 10:02:10.000000000,100961,239,100822,239,101069,235,100660,335,101148,235,100386,235,101164,100,100051,100,101180,100,100037,100,101237,100,99911,100,101249,100,99830,100,101338,100,99371,100,101398,100,98945,100,101488,100,,
2019-06-28 10:02:20.000000000,100961,239,100822,239,101069,235,100660,335,101148,235,100386,235,101164,100,100051,100,101180,100,100037,100,101237,100,99911,100,101249,100,99830,100,101338,100,99371,100,101398,100,98945,100,101488,100,,
2019-06-28 10:02:27.880650169,100961,239,100822,139,101069,235,100660,335,101148,235,100386,235,101164,100,100051,100,101180,100,100037,100,101237,100,99911,100,101249,100,99830,100,101338,100,99371,100,101398,100,98945,100,101488,100,,
2019-06-28 10:02:30.000000000,100961,508,100660,608,101069,100,100386,100,101148,100,100051,100,101164,100,100037,100,101180,100,99911,100,101237,100,99830,100,101249,100,99371,100,101338,100,98945,100,101398,100,,,101488,100,,
2019-06-28 10:02:35.777074631,100961,508,100660,608,101069,100,100503,100,101148,100,100386,100,101164,100,100051,100,101180,100,100037,100,101237,100,99911,100,101249,100,99830,100,101338,100,99371,100,101398,100,98945,100,101488,100,,
2019-06-28 10:02:40.000000000,100961,182,100660,282,101069,182,100503,182,101148,182,100386,182,101164,182,100051,182,101180,182,100037,182,101237,100,99911,100,101249,100,99830,100,101338,100,99371,100,101398,100,98945,100,101488,100,,
2019-06-28 10:02:42.745791189,100764,100,100660,282,100961,182,100503,182,101069,182,100386,182,101148,182,100051,182,101164,182,100037,182,101180,182,99911,100,101237,100,99830,100,101249,100,99371,100,101338,100,98945,100,101398,100,,
2019-06-28 10:02:50.000000000,100764,202,100660,302,100961,202,100503,202,101069,202,100386,202,101148,202,100051,202,101164,100,100037,100,101180,100,99911,100,101237,100,99830,100,101249,100,99371,100,101338,100,98945,100,101398,100,,
2019-06-28 10:02:55.079816937,100764,202,100660,302,100961,202,100503,202,101069,202,100386,202,101148,202,100051,202,101164,100,100037,100,101180,100,99830,100,101237,100,99371,100,101249,100,98945,100,101338,100,,,101398,100,,
2019-06-28 10:02:56.686339833,100764,202,100660,302,100775,100,100503,202,100961,202,100386,202,101069,202,100051,202,101148,202,100037,100,101164,100,99830,100,101180,100,99371,100,101237,100,98945,100,101249,100,,,101338,100,,
2019-06-28 10:03:00.000000000,100764,202,100660,302,100775,202,100503,202,100961,202,100386,202,101069,202,100051,202,101148,100,100037,100,101164,100,99830,100,101180,100,99371,100,101237,100,98945,100,101249,100,,,101338,100,,
2019-06-28 10:03:10.000000000,100764,304,100660,404,100775,304,100503,304,100961,100,100386,100,101069,100,100051,100,101148,100,100037,100,101164,100,99830,100,101180,100,99371,100,101237,100,98945,100,101249,100,,,101338,100,,
2019-06-28 10:03:16.426953021,100764,304,100660,404,100775,304,100503,304,100961,100,100386,100,101069,100,100051,100,101148,100,99830,100,101164,100,99371,100,101180,100,98945,100,101237,100,,,101249,100,,,101338,100,,
2019-06-28 10:03:20.000000000,100764,182,100660,282,100775,182,100503,182,100961,182,100386,182,101069,182,100051,182,101148,182,99830,182,101164,100,99371,100,101180,100,98945,100,101237,100,,,101249,100,,,101338,100,,
2019-06-28 10:03:24.533884194,100764,182,100660,182,100775,182,100503,182,100913,100,100386,182,100961,182,100051,182,101069,182,99830,182,101148,182,99371,100,101164,100,98945,100,101180,100,,,101237,100,,,101249,100,,
2019-06-28 10:03:27.672858503,100764,82,100660,182,100775,182,100503,182,100913,100,100386,182,100961,182,100054,100,101069,182,100051,182,101148,182,99830,182,101164,100,99371,100,101180,100,98945,100,101237,100,,,101249,100,,
2019-06-28 10:03:30.000000000,100775,304,100660,304,100913,304,100503,304,100961,100,100386,100,101069,100,100054,100,101148,100,100051,100,101164,100,99830,100,101180,100,99371,100,101237,100,98945,100,101249,100,,,101338,100,,
2019-06-28 10:03:40.000000000,100775,508,100660,508,100913,100,100503,100,100961,100,100386,100,101069,100,100054,100,101148,100,100051,100,101164,100,99830,100,101180,100,99371,100,101237,100,98945,100,101249,100,,,101338,100,,
2019-06-28 10:03:43.090659222,100775,508,100660,508,100913,200,100503,100,100961,100,100386,100,101069,100,100054,100,101148,100,100051,100,101164,100,99830,100,101180,100,99371,100,101237,100,98945,100,101249,100,,,101338,100,,
2019-06-28 10:03:43.559549720,100775,508,100660,408,100913,200,100503,100,100961,100,100386,100,101069,100,100054,100,101148,100,100051,100,101164,100,99830,100,101180,100,99371,100,101237,100,98945,100,101249,100,,,101338,100,,
2019-06-28 10:03:50.000000000,100775,239,100503,239,100913,335,100386,235,100961,235,100054,235,101069,100,100051,100,101148,100,99830,100,101164,100,99371,100,101180,100,98945,100,101237,100,,,101249,100,,,101338,100,,
2019-06-28 10:04:00.000000000,100775,508,100503,508,100913,200,100386,100,100961,100,100054,100,101069,100,100051,100,101148,100,99830,100,101164,100,99371,100,101180,100,98945,100,101237,100,,,101249,100,,,101338,100,,
2019-06-28 10:04:03.940653291,100775,508,100503,508,100913,200,100386,100,100961,100,100054,100,101069,100,100051,100,101148,100,100039,100,101164,100,99830,100,101180,100,99371,100,101237,100,98945,100,101249,100,,,101338,100,,
2019-06-28 10:04:07.560213658,100775,508,100503,508,100913,200,100386,100,100961,100,100230,100,101069,100,100054,100,101148,100,100051,100,101164,100,100039,100,101237,100,99830,100,101249,100,99371,100,101338,100,98945,100,101398,100,,
2019-06-28 10:04:07.948754062,100775,508,100503,408,100913,200,100386,100,100961,100,100230,100,101148,100,100054,100,101164,100,100051,100,101237,100,100039,100,101249,100,99830,100,101338,100,99371,100,101398,100,98945,100,101488,100,,
2019-06-28 10:04:10.000000000,100775,304,100386,304,100913,404,100230,304,100961,100,100054,100,101148,100,100051,100,101164,100,100039,100,101237,100,99830,100,101249,100,99371,100,101338,100,98945,100,101398,100,,,101488,100,,
2019-06-28 10:04:17.708717013,100450,100,100386,304,100775,304,100230,304,100913,404,100054,100,100961,100,100051,100,101148,100,100039,100,101164,100,99830,100,101237,100,99371,100,101249,100,98945,100,101338,100,,,101398,100,,
2019-06-28 10:04:19.228540785,100450,100,100386,304,100482,100,100230,304,100775,304,100054,100,100913,404,100051,100,100961,100,100039,100,101148,100,99830,100,101164,100,99371,100,101237,100,98945,100,101338,100,,,101398,100,,
2019-06-28 10:04:20.000000000,100450,239,100386,239,100482,235,100230,235,100775,235,100054,235,100913,200,100051,100,100961,100,100039,100,101148,100,99830,100,101164,100,99371,100,101237,100,98945,100,101338,100,,,101398,100,,
2019-06-28 10:04:30.000000000,100450,304,100386,304,100482,304,100230,304,100775,100,100054,100,100913,200,100051,100,100961,100,100039,100,101148,100,99830,100,101164,100,99371,100,101237,100,98945,100,101338,100,,,101398,100,,
2019-06-28 10:04:32.895540673,100450,304,100386,304,100482,304,100230,304,100775,100,100054,100,100913,200,100051,100,100961,100,100039,100,101148,100,99957,100,101164,100,99830,100,101237,100,99371,100,101338,100,98945,100,101398,100,,
2019-06-28 10:04:40.000000000,100450,508,100386,508,100482,100,100230,100,100775,100,100054,100,100913,200,100051,100,100961,100,100039,100,101148,100,99957,100,101164,100,99830,100,101237,100,99371,100,101338,100,98945,100,101398,100,,
2019-06-28 10:04:41.389144113,100450,508,100386,508,100482,100,100230,100,100775,100,100054,100,100913,200,100051,100,100961,100,100039,100,101148,100,99957,100,101164,100,99830,100,101237,100,99718,100,101338,100,99371,100,101398,100,98945,100
2019-06-28 10:04:46.619346861,100450,508,100386,408,100482,100,100230,100,100775,100,100054,100,100913,200,100051,100,100961,100,100039,100,101148,100,99957,100,101164,100,99830,100,101237,100,99718,100,101338,100,99371,100,101398,100,98945,100
2019-06-28 10:04:50.000000000,100450,239,100230,239,100482,235,100054,235,100775,235,100051,235,100913,200,100039,100,100961,100,99957,100,101148,100,99830,100,101164,100,99718,100,101237,100,99371,100,101338,100,98945,100,101398,100,,
2019-06-28 10:05:00.000000000,100450,508,100230,508,100482,100,100054,100,100775,100,100051,100,100913,200,100039,100,100961,100,99957,100,101148,100,99830,100,101164,100,99718,100,101237,100,99371,100,101338,100,98945,100,101398,100,,
2019-06-28 10:05:00.804107020,100450,508,100230,508,100482,100,100054,100,100775,100,100051,100,100913,200,100039,100,100961,100,100030,100,101148,100,99957,100,101164,100,99830,100,101237,100,99718,100,101338,100,99371,100,101398,100,98945,100
2019-06-28 10:05:10.000000000,100450,202,100230,202,100482,202,100054,202,100775,202,100051,202,100913,302,100039,202,100961,100,100030,100,101148,100,99957,100,101164,100,99830,100,101237,100,99718,100,101338,100,99371,100,101398,100,98945,100
2019-06-28 10:05:18.988738705,100450,202,100230,202,100482,202,100054,202,100775,202,100051,202,100913,302,100039,202,100961,100,100030,100,101148,100,99957,100,101164,100,99921,100,101237,100,99830,100,101338,100,99718,100,101398,100,99371,100
2019-06-28 10:05:20.000000000,100450,202,100230,202,100482,202,100054,202,100775,202,100051,202,100913,302,100039,202,100961,100,100030,100,101148,100,99957,100,101164,100,99921,100,101237,100,99830,100,101338,100,99718,100,101398,100,99371,100
2019-06-28 10:05:23.267554728,100450,202,100230,202,100482,202,100054,202,100775,202,100051,202,100913,302,100039,202,100961,100,100030,100,101148,100,99957,100,101164,100,99921,100,101237,100,99830,100,101338,100,99718,100,101488,100,99674,100
2019-06-28 10:05:30.000000000,100450,239,100230,239,100482,235,100054,235,100775,235,100051,235,100913,200,100039,100,100961,100,100030,100,101148,100,99957,100,101164,100,99921,100,101237,100,99830,100,101338,100,99718,100,101488,100,99674,100
2019-06-28 10:05:30.503261935,100450,239,100230,239,100482,235,100054,235,100775,235,100051,235,100913,200,100039,100,100961,100,100030,100,101148,100,99957,100,101164,100,99921,100,101237,100,99830,100,101338,100,99718,100,101488,100,99651,100
2019-06-28 10:05:35.380944156,100450,239,100230,239,100482,235,100054,235,100775,235,100051,235,100913,200,100039,100,100961,100,100030,100,101148,100,99957,100,101164,100,99921,100,101237,100,99830,100,101338,100,99718,100,101488,100,99670,100
2019-06-28 10:05:40.000000000,100450,202,100230,202,100482,202,100054,202,100775,202,100051,202,100913,302,100039,202,100961,100,100030,100,101148,100,99957,100,101164,100,99921,100,101237,100,99830,100,101338,100,99718,100,101488,100,99670,100
2019-06-28 10:05:45.126754530,100450,202,100230,102,100482,202,100054,202,100775,202,100051,202,100913,302,100039,202,100961,100,100030,100,101148,100,99957,100,101164,100,99921,100,101237,100,99830,100,101338,100,99718,100,101488,100,99670,100
2019-06-28 10:05:50.000000000,100450,202,100054,202,100482,202,100051,202,100775,202,100039,202,100913,302,100030,202,100961,100,99957,100,101148,100,99921,100,101164,100,99830,100,101237,100,99718,100,101338,100,99670,100,101488,100,99651,100
2019-06-28 10:05:51.395766121,100450,202,100054,202,100482,202,100051,202,100775,202,100039,202,100913,302,100030,202,100961,100,99957,100,101148,100,99921,100,101164,100,99869,100,101237,100,99830,100,101338,100,99718,100,101488,100,99670,100
2019-06-28 10:06:00.000000000,100450,182,100054,182,100482,182,100051,182,100775,182,100039,182,100913,282,100030,182,100961,182,99957,182,101148,100,99921,100,101164,100,99869,100,101237,100,99830,100,101338,100,99718,100,101488,100,99670,100
2019-06-28 10:06:10.000000000,100450,202,100054,202,100482,202,100051,202,100775,202,100039,202,100913,302,100030,202,100961,100,99957,100,101148,100,99921,100,101164,100,99869,100,101237,100,99830,100,101338,100,99718,100,101488,100,99670,100
2019-06-28 10:06:16.428608770,100450,202,100054,102,100482,202,100051,202,100775,202,100039,202,100913,302,100030,202,100961,100,99957,100,101148,100,99921,100,101164,100,99869,100,101237,100,99830,100,101338,100,99718,100,101488,100,99651,100
2019-06-28 10:06:19.668256290,100450,202,100054,102,100482,202,100051,202,100775,202,100039,202,100913,302,100030,202,100961,100,99957,100,101164,100,99921,100,101237,100,99869,100,101338,100,99848,100,101488,100,99830,100,,,99718,100
2019-06-28 10:06:20.000000000,100450,304,100051,304,100482,304,100039,304,100775,100,100030,100,100913,200,99957,100,100961,100,99921,100,101164,100,99869,100,101237,100,99848,100,101338,100,99830,100,101488,100,99718,100,,,99651,100
2019-06-28 10:06:22.342207538,100450,304,100051,204,100482,304,100039,304,100775,100,100030,100,100913,200,99957,100,100961,100,99921,100,101164,100,99869,100,101237,100,99848,100,101338,100,99830,100,101488,100,99718,100,,,99651,100
2019-06-28 10:06:30.000000000,100450,304,100039,304,100482,304,100030,304,100775,100,99957,100,100913,200,99921,100,100961,100,99869,100,101164,100,99848,100,101237,100,99830,100,101338,100,99718,100,101488,100,99651,100,,,98945,100
2019-06-28 10:06:40.000000000,100450,182,100039,182,100482,182,100030,182,100775,182,99957,182,100913,282,99921,182,100961,182,99869,182,101164,100,99848,100,101237,100,99830,100,101338,100,99718,100,101488,100,99651,100,,,98945,100
2019-06-28 10:06:46.175088970,100054,100,100039,182,100450,182,100030,182,100482,182,99957,182,100775,182,99921,182,100913,282,99869,182,100961,182,99848,100,101164,100,99830,100,101237,100,99718,100,101338,100,99651,100,101488,100,98945,100
2019-06-28 10:06:50.000000000,100054,239,100039,239,100450,235,100030,235,100482,235,99957,235,100775,100,99921,100,100913,200,99869,100,100961,100,99848,100,101164,100,99830,100,101237,100,99718,100,101338,100,99651,100,101488,100,98945,100
2019-06-28 10:07:00.000000000,100054,239,100039,239,100450,235,100030,235,100482,235,99957,235,100775,100,99921,100,100913,200,99869,100,100961,100,99848,100,101164,100,99830,100,101237,100,99718,100,101338,100,99651,100,101488,100,98945,100
2019-06-28 10:07:07.188732194,100054,239,100039,239,100450,235,100030,235,100482,235,99957,235,100775,100,99921,100,100913,200,99869,100,100961,100,99848,100,101164,100,99830,100,101237,100,99718,100,101338,100,99651,100,101488,100,99639,100
2019-06-28 10:07:10.000000000,100054,182,100039,182,100450,182,100030,182,100482,182,99957,182,100775,182,99921,182,100913,282,99869,182,100961,100,99848,100,101164,100,99830,100,101237,100,99718,100,101338,100,99651,100,101488,100,99639,100
2019-06-28 10:07:20.000000000,100054,508,100039,508,100450,100,100030,100,100482,100,99957,100,100775,100,99921,100,100913,200,99869,100,100961,100,99848,100,101164,100,99830,100,101237,100,99718,100,101338,100,99651,100,101488,100,99639,100
2019-06-28 10:07:30.000000000,100054,304,100039,304,100450,304,100030,304,100482,100,99957,100,100775,100,99921,100,100913,200,99869,100,100961,100,99848,100,101164,100,99830,100,101237,100,99718,100,101338,100,99651,100,101488,100,99639,100
2019-06-28 10:07:35.391269594,100054,304,100039,304,100450,304,100030,304,100482,100,99957,100,100775,100,99921,100,100913,200,99869,100,100961,100,99848,100,101164,100,99830,100,101237,100,99718,100,101338,100,99651,100,101488,100,99639,100
2019-06-28 10:07:40.000000000,100054,202,100039,202,100450,202,100030,202,100482,202,99957,202,100775,202,99921,202,100913,200,99869,100,100961,100,99848,100,101164,100,99830,100,101237,100,99718,100,101338,100,99651,100,101488,100,99639,100
2019-06-28 10:07:50.000000000,100054,508,100039,508,100450,100,100030,100,100482,100,99957,100,100775,100,99921,100,100913,200,99869,100,100961,100,99848,100,101164,100,99830,100,101237,100,99718,100,101338,100,99651,100,101488,100,99639,100
2019-06-28 10:07:54.540115209,100054,508,100039,508,100450,100,100030,100,100482,100,99957,100,100775,100,99921,100,100913,200,99869,100,100961,100,99848,100,101164,100,99830,100,101237,100,99718,100,101338,100,99651,100,101488,100,99639,100
