,ask_price_1,ask_size_1,bid_price_1,bid_size_1,ask_price_2,ask_size_2,bid_price_2,bid_size_2,ask_price_3,ask_size_3,bid_price_3,bid_size_3,ask_price_4,ask_size_4,bid_price_4,bid_size_4,ask_price_5,ask_size_5,bid_price_5,bid_size_5,ask_price_6,ask_size_6,bid_price_6,bid_size_6,ask_price_7,ask_size_7,bid_price_7,bid_size_7,ask_price_8,ask_size_8,bid_price_8,bid_size_8,ask_price_9,ask_size_9,bid_price_9,bid_size_9,ask_price_10,ask_size_10,bid_price_10,bid_size_10
2019-06-28 09:30:00.000000000,100113,100,99986,100,,,,,,,,,,,,,,,,,,,,,,,,,,,,,,,,,,,,
2019-06-28 09:30:00.000000001,100113,100,,,,,,,,,,,,,,,,,,,,,,,,,,,,,,,,,,,,,,
2019-06-28 09:30:00.000000003,100113,100,99975,100,,,,,,,,,,,,,,,,,,,,,,,,,,,,,,,,,,,,
2019-06-28 09:30:00.000000005,100018,100,99975,100,100113,100,,,,,,,,,,,,,,,,,,,,,,,,,,,,,,,,,,
2019-06-28 09:30:00.000000006,99993,100,99975,100,100018,100,,,100113,100,,,,,,,,,,,,,,,,,,,,,,,,,,,,,,
2019-06-28 09:30:00.000000012,99993,100,99975,100,100018,100,,,100079,100,,,100113,100,,,100171,100,,,,,,,,,,,,,,,,,,,,,,
2019-06-28 09:30:00.000000013,100018,100,99975,100,100079,100,,,100113,100,,,100171,100,,,,,,,,,,,,,,,,,,,,,,,,,,
2019-06-28 09:30:00.000000015,99993,100,99975,100,100018,100,,,100079,100,,,100113,100,,,100171,100,,,,,,,,,,,,,,,,,,,,,,
2019-06-28 09:30:00.000000017,99993,200,99986,100,100018,100,99975,100,100079,100,99886,100,100113,100,,,100171,100,,,,,,,,,,,,,,,,,,,,,,
2019-06-28 09:30:00.000000020,99993,200,99986,200,100018,100,99975,100,100079,100,99886,100,100113,100,,,100171,100,,,,,,,,,,,,,,,,,,,,,,
2019-06-28 09:30:00.000000023,99993,200,99986,200,100018,100,99975,100,100079,100,99908,100,100113,100,99886,100,100171,100,,,100176,100,,,,,,,,,,,,,,,,,,
2019-06-28 09:30:00.000000024,99993,200,99986,200,100018,100,99975,100,100077,100,99960,100,100079,100,99908,100,100113,100,99886,100,100171,100,,,100176,100,,,,,,,,,,,,,,
2019-06-28 09:30:00.000000026,99993,200,99986,300,100018,100,99975,100,100077,100,99960,100,100079,100,99908,100,100113,100,99886,100,100171,100,,,100176,100,,,,,,,,,,,,,,
2019-06-28 09:30:00.000000027,99993,200,99986,300,100018,100,99975,100,100077,100,99960,100,100079,100,99908,100,100113,100,99886,100,100171,100,99873,100,100176,100,,,,,,,,,,,,,,
2019-06-28 09:30:00.000000028,99993,200,99986,300,100008,100,99975,100,100018,100,99960,100,100077,100,99908,100,100079,100,99886,100,100113,200,99873,100,100171,100,,,100176,100,,,,,,,,,,
2019-06-28 09:30:00.000000029,99993,200,99986,300,100008,100,99985,100,100018,100,99975,100,100077,100,99960,100,100079,100,99908,100,100113,200,99907,100,100171,100,99886,100,100176,100,99873,100,,,,,,,,
2019-06-28 09:30:00.000000031,99993,300,99986,300,100008,100,99985,100,100018,100,99975,100,100077,100,99960,100,100079,100,99908,100,100113,200,99907,100,100171,100,99886,100,100176,100,99873,100,,,,,,,,
2019-06-28 09:30:00.000000033,99993,400,99986,300,100008,100,99985,100,100018,100,99975,100,100077,100,99960,100,100079,100,99908,100,100113,200,99907,100,100171,100,99886,100,100176,100,99873,100,,,,,,,,
2019-06-28 09:30:00.000000034,99993,400,99986,300,100008,100,99985,100,100018,100,99975,100,100077,100,99960,100,100079,100,99908,100,100113,200,99907,100,100171,100,99902,100,100176,100,99886,100,,,99873,100,,,,
2019-06-28 09:30:00.000000036,99993,400,99986,300,100008,100,99985,100,100017,100,99975,100,100018,100,99960,100,100077,100,99908,100,100079,100,99907,100,100113,200,99902,100,100171,100,99886,100,100176,100,99873,100,,,,
2019-06-28 09:30:00.000000037,99993,300,99986,300,100008,100,99985,100,100017,100,99975,100,100018,100,99960,100,100077,100,99908,100,100079,100,99907,100,100113,200,99902,100,100171,100,99886,100,100176,100,99873,100,,,,
2019-06-28 09:30:00.000000038,99992,100,99986,300,99993,300,99985,100,100008,100,99975,100,100017,100,99960,100,100018,100,99908,100,100077,100,99907,100,100079,100,99902,100,100113,200,99886,100,100171,100,99873,100,100176,100,,
2019-06-28 09:30:00.000000040,99993,300,99986,300,100008,100,99985,100,100017,100,99975,100,100018,100,99960,100,100077,100,99908,100,100079,100,99907,100,100113,200,99902,100,100171,100,99886,100,100176,100,99873,100,,,,
2019-06-28 09:30:00.000000043,99993,200,99990,100,100008,100,99986,300,100017,100,99985,100,100018,100,99975,100,100077,100,99960,100,100079,100,99908,100,100113,200,99907,100,100171,100,99902,100,100176,100,99886,100,,,99873,100
2019-06-28 09:30:00.000000046,99993,200,99990,100,100008,100,99986,300,100017,100,99985,100,100018,100,99975,100,100077,100,99960,100,100079,100,99908,100,100113,200,99907,100,100127,100,99902,100,100171,100,99886,100,100176,100,99873,100
2019-06-28 09:30:00.000000049,99993,200,99990,100,100008,100,99986,300,100017,100,99985,100,100018,100,99975,100,100077,100,99960,100,100079,100,99908,100,100113,200,99907,100,100127,100,99902,100,100171,100,99886,100,100173,100,99873,100
2019-06-28 09:30:00.000000051,99993,200,99990,100,100008,100,99986,300,100017,100,99985,100,100018,100,99975,100,100038,100,99960,100,100072,100,99908,100,100077,100,99907,100,100079,100,99902,100,100113,200,99886,100,100127,100,99873,100
2019-06-28 09:30:00.000000052,99993,200,99990,100,100008,100,99986,300,100017,100,99985,100,100018,100,99975,100,100038,100,99960,100,100072,100,99939,100,100077,100,99908,100,100079,100,99907,100,100113,200,99902,100,100127,100,99886,100
2019-06-28 09:30:00.000000053,99993,200,99990,100,100008,100,99986,300,100017,100,99985,100,100018,100,99975,100,100038,100,99960,100,100072,100,99939,100,100077,100,99908,100,100079,100,99907,100,100113,200,99902,100,100127,100,99897,100
2019-06-28 09:30:00.000000054,99993,200,99990,100,100008,100,99986,300,100017,100,99985,100,100018,100,99975,100,100024,100,99960,100,100038,100,99940,100,100072,100,99939,100,100077,100,99908,100,100079,100,99907,100,100113,200,99902,100
2019-06-28 09:30:00.000000055,99993,200,99990,100,100008,100,99986,300,100017,100,99985,100,100018,100,99975,100,100024,100,99960,100,100038,100,99940,100,100067,100,99939,100,100072,100,99908,100,100077,100,99907,100,100079,100,99902,100
2019-06-28 09:30:00.000000056,99993,200,99990,100,100008,100,99986,300,100017,100,99985,100,100018,100,99975,100,100024,100,99960,100,100038,100,99940,100,100067,100,99939,100,100072,100,99908,100,100077,100,99907,100,100079,100,99902,100
2019-06-28 09:30:00.000000058,99993,200,99990,100,100008,100,99986,300,100017,100,99985,100,100018,100,99975,100,100021,100,99960,100,100024,100,99940,100,100038,100,99939,100,100067,100,99908,100,100072,100,99907,100,100077,100,99902,100
2019-06-28 09:30:00.000000059,99993,200,99990,200,100008,100,99986,300,100017,100,99985,100,100018,100,99975,100,100021,100,99960,100,100024,100,99940,100,100038,100,99939,100,100067,100,99908,100,100072,100,99907,100,100077,100,99902,100
2019-06-28 09:30:00.000000061,99993,200,99990,300,100008,100,99986,300,100017,100,99985,100,100018,100,99975,100,100021,100,99960,100,100024,100,99940,100,100038,100,99939,100,100067,100,99908,100,100072,100,99907,100,100077,100,99902,100
2019-06-28 09:30:00.000000062,99993,200,99990,300,100008,100,99986,300,100017,100,99985,100,100018,100,99975,100,100021,100,99960,100,100024,100,99940,100,100038,100,99939,100,100067,100,99908,100,100072,100,99907,100,100077,100,99902,100
2019-06-28 09:30:00.000000065,99993,200,99990,300,100008,100,99986,300,100009,100,99985,100,100017,100,99977,100,100018,100,99975,100,100021,100,99960,100,100024,100,99940,100,100038,100,99939,100,100067,100,99908,100,100072,100,99907,100
2019-06-28 09:30:00.000000067,99993,200,99990,300,100008,100,99986,300,100009,100,99985,100,100017,100,99977,100,100018,100,99975,100,100021,100,99960,100,100024,100,99940,100,100038,100,99939,100,100067,100,99908,100,100072,100,99907,100
2019-06-28 09:30:00.000000072,99993,200,99990,300,100008,100,99986,300,100009,100,99985,100,100017,100,99977,100,100018,100,99975,100,100021,100,99963,100,100024,100,99960,100,100038,100,99940,100,100067,100,99939,100,100072,100,99908,100
2019-06-28 09:30:00.000000073,99993,200,99990,300,100008,100,99986,300,100009,100,99985,100,100017,100,99977,100,100018,100,99975,100,100021,100,99963,100,100024,100,99960,100,100038,100,99940,100,100067,100,99939,100,100072,100,99908,100
2019-06-28 09:30:00.000000074,99993,200,99990,300,100008,100,99986,300,100009,100,99985,100,100017,100,99977,100,100018,100,99975,100,100021,100,99963,100,100024,100,99960,100,100038,100,99940,100,100067,100,99939,100,100072,100,99908,100
2019-06-28 09:30:00.000000076,99993,100,99990,300,100008,100,99986,300,100009,100,99985,100,100017,100,99977,100,100018,100,99975,100,100021,100,99963,100,100024,100,99960,100,100038,100,99940,100,100067,100,99939,200,100072,100,99908,100
2019-06-28 09:30:00.000000078,99993,100,99990,300,100008,100,99986,300,100009,100,99985,100,100017,100,99977,100,100018,100,99975,100,100021,100,99963,100,100024,100,99960,100,100038,100,99940,100,100067,100,99939,200,100072,100,99908,100
2019-06-28 09:30:00.000000079,99993,100,99990,300,100008,100,99986,300,100009,100,99985,100,100017,100,99977,100,100018,100,99975,100,100021,100,99963,100,100024,100,99960,100,100038,100,99940,100,100067,100,99939,200,100072,100,99908,100
2019-06-28 09:30:00.000000082,99993,200,99990,300,100008,100,99986,300,100009,100,99985,100,100017,100,99977,100,100018,100,99975,100,100021,100,99963,100,100024,100,99960,100,100038,100,99940,100,100067,100,99939,200,100072,100,99908,100
2019-06-28 09:30:00.000000083,99993,200,99990,300,100008,100,99986,300,100009,100,99985,100,100017,100,99977,100,100018,100,99975,100,100021,100,99963,100,100024,100,99960,100,100038,100,99943,100,100067,100,99940,100,100072,100,99939,200
2019-06-28 09:30:00.000000087,99993,200,99990,300,100008,100,99986,300,100009,100,99985,100,100017,100,99977,100,100018,100,99975,100,100021,100,99963,100,100024,100,99960,100,100038,100,99943,100,100040,100,99940,100,100067,100,99939,200
2019-06-28 09:30:00.000000088,99993,300,99990,300,100008,100,99986,300,100009,100,99985,100,100017,100,99977,100,100018,100,99975,100,100021,100,99963,100,100024,100,99960,100,100038,100,99943,100,100040,100,99940,100,100067,100,99939,200
2019-06-28 09:30:00.000000089,99993,300,99990,300,100000,100,99986,300,100008,100,99985,100,100009,100,99977,100,100015,100,99975,100,100017,100,99963,100,100018,100,99960,100,100021,100,99943,100,100024,100,99940,100,100038,100,99939,200
2019-06-28 09:30:00.000000093,99993,200,99990,300,100000,100,99986,300,100008,100,99985,100,100009,100,99977,100,100015,100,99975,100,100017,100,99963,100,100018,100,99960,100,100021,100,99943,100,100024,100,99940,100,100038,100,99939,200
2019-06-28 09:30:05.836792602,99993,100,99990,300,100000,100,99986,300,100008,100,99985,100,100009,100,99977,100,100015,100,99975,100,100017,100,99963,100,100018,100,99960,100,100021,100,99943,100,100024,100,99940,100,100038,100,99939,200
2019-06-28 09:30:07.349716577,99993,100,99990,300,100000,100,99986,300,100008,100,99985,100,100009,100,99977,100,100015,100,99975,100,100017,100,99963,100,100018,100,99960,100,100021,100,99943,100,100024,100,99940,100,100038,100,99939,200
2019-06-28 09:30:09.425437431,99993,100,99990,200,100000,100,99986,300,100008,100,99985,100,100009,100,99977,100,100015,100,99975,100,100017,100,99963,100,100018,100,99960,100,100021,100,99943,100,100024,100,99940,100,100038,100,99939,200
2019-06-28 09:30:10.000000000,99993,152,99990,252,100000,152,99986,352,100008,152,99985,152,100009,152,99977,152,100015,152,99975,152,100017,100,99963,100,100018,100,99960,100,100021,100,99943,100,100024,100,99940,100,100038,100,99939,200
2019-06-28 09:30:20.000000000,99993,164,99990,264,100000,164,99986,364,100008,164,99985,164,100009,164,99977,164,100015,100,99975,100,100017,100,99963,100,100018,100,99960,100,100021,100,99943,100,100024,100,99940,100,100038,100,99939,200
2019-06-28 09:30:30.000000000,99993,358,99990,458,100000,100,99986,300,100008,100,99985,100,100009,100,99977,100,100015,100,99975,100,100017,100,99963,100,100018,100,99960,100,100021,100,99943,100,100024,100,99940,100,100038,100,99939,200
2019-06-28 09:30:40.000000000,99993,358,99990,458,100000,100,99986,300,100008,100,99985,100,100009,100,99977,100,100015,100,99975,100,100017,100,99963,100,100018,100,99960,100,100021,100,99943,100,100024,100,99940,100,100038,100,99939,200
2019-06-28 09:30:50.000000000,99993,358,99990,458,100000,100,99986,300,100008,100,99985,100,100009,100,99977,100,100015,100,99975,100,100017,100,99963,100,100018,100,99960,100,100021,100,99943,100,100024,100,99940,100,100038,100,99939,200
2019-06-28 09:31:00.000000000,99993,152,99990,252,100000,152,99986,352,100008,152,99985,152,100009,152,99977,152,100015,152,99975,152,100017,100,99963,100,100018,100,99960,100,100021,100,99943,100,100024,100,99940,100,100038,100,99939,200
2019-06-28 09:31:10.000000000,99993,229,99990,329,100000,229,99986,429,100008,100,99985,100,100009,100,99977,100,100015,100,99975,100,100017,100,99963,100,100018,100,99960,100,100021,100,99943,100,100024,100,99940,100,100038,100,99939,200
2019-06-28 09:31:14.038011352,99993,229,99990,329,100000,229,99986,429,100008,100,99985,100,100009,100,99977,100,100015,100,99975,100,100017,100,99963,100,100018,100,99943,100,100021,100,99940,100,100024,100,99939,200,100038,100,99908,100
2019-06-28 09:31:20.000000000,99993,164,99990,264,100000,164,99986,364,100008,164,99985,164,100009,164,99977,164,100015,100,99975,100,100017,100,99963,100,100018,100,99943,100,100021,100,99940,100,100024,100,99939,200,100038,100,99908,100
2019-06-28 09:31:27.804244213,99993,64,99990,264,100000,164,99986,364,100008,164,99985,164,100009,164,99977,164,100015,100,99975,100,100017,100,99963,100,100018,100,99943,100,100021,100,99940,100,100024,100,99939,200,100038,100,99908,100
2019-06-28 09:31:30.000000000,100000,229,99990,329,100008,229,99986,429,100009,100,99985,100,100015,100,99977,100,100017,100,99975,100,100018,100,99963,100,100021,100,99943,100,100024,100,99940,100,100038,100,99939,200,100040,100,99908,100
2019-06-28 09:31:40.000000000,100000,152,99990,252,100008,152,99986,352,100009,152,99985,152,100015,152,99977,152,100017,152,99975,152,100018,100,99963,100,100021,100,99943,100,100024,100,99940,100,100038,100,99939,200,100040,100,99908,100
2019-06-28 09:31:50.000000000,100000,164,99990,264,100008,164,99986,364,100009,164,99985,164,100015,164,99977,164,100017,100,99975,100,100018,100,99963,100,100021,100,99943,100,100024,100,99940,100,100038,100,99939,200,100040,100,99908,100
2019-06-28 09:31:50.756156278,100000,64,99990,264,100008,164,99986,364,100009,164,99985,164,100015,164,99977,164,100017,100,99975,100,100018,100,99963,100,100021,100,99943,100,100024,100,99940,100,100038,100,99939,200,100040,100,99908,100
2019-06-28 09:32:00.000000000,100008,188,99990,288,100009,185,99986,385,100015,185,99985,185,100017,100,99977,100,100018,100,99975,100,100021,100,99963,100,100024,100,99943,100,100038,100,99940,100,100040,100,99939,200,100067,100,99908,100
2019-06-28 09:32:01.136407300,100008,88,99990,288,100009,185,99986,385,100015,185,99985,185,100017,100,99977,100,100018,100,99975,100,100021,100,99963,100,100024,100,99943,100,100038,100,99940,100,100040,100,99939,200,100067,100,99908,100
2019-06-28 09:32:10.000000000,100009,358,99990,458,100015,100,99986,300,100017,100,99985,100,100018,100,99977,100,100021,100,99975,100,100024,100,99963,100,100038,100,99943,100,100040,100,99940,100,100067,100,99939,200,100072,100,99908,100
2019-06-28 09:32:20.000000000,100009,229,99990,329,100015,229,99986,429,100017,100,99985,100,100018,100,99977,100,100021,100,99975,100,100024,100,99963,100,100038,100,99943,100,100040,100,99940,100,100067,100,99939,200,100072,100,99908,100
2019-06-28 09:32:30.000000000,100009,152,99990,252,100015,152,99986,352,100017,152,99985,152,100018,152,99977,152,100021,152,99975,152,100024,100,99963,100,100038,100,99943,100,100040,100,99940,100,100067,100,99939,200,100072,100,99908,100
2019-06-28 09:32:40.000000000,100009,229,99990,329,100015,229,99986,429,100017,100,99985,100,100018,100,99977,100,100021,100,99975,100,100024,100,99963,100,100038,100,99943,100,100040,100,99940,100,100067,100,99939,200,100072,100,99908,100
2019-06-28 09:32:50.000000000,100009,229,99990,329,100015,229,99986,429,100017,100,99985,100,100018,100,99977,100,100021,100,99975,100,100024,100,99963,100,100038,100,99943,100,100040,100,99940,100,100067,100,99939,200,100072,100,99908,100
2019-06-28 09:32:52.527999075,100009,129,99990,329,100015,229,99986,429,100017,100,99985,100,100018,100,99977,100,100021,100,99975,100,100024,100,99963,100,100038,100,99943,100,100040,100,99940,100,100067,100,99939,200,100072,100,99908,100
2019-06-28 09:33:00.000000000,100015,229,99990,329,100017,229,99986,429,100018,100,99985,100,100021,100,99977,100,100024,100,99975,100,100038,100,99963,100,100040,100,99943,100,100067,100,99940,100,100072,100,99939,200,100075,100,99908,100
2019-06-28 09:33:10.000000000,100015,152,99990,252,100017,152,99986,352,100018,152,99985,152,100021,152,99977,152,100024,152,99975,152,100038,100,99963,100,100040,100,99943,100,100067,100,99940,100,100072,100,99939,200,100075,100,99908,100
2019-06-28 09:33:10.099119324,99999,100,99990,252,100015,152,99986,352,100017,152,99985,152,100018,152,99977,152,100021,152,99975,152,100024,152,99963,100,100038,100,99943,100,100040,100,99940,100,100067,100,99939,200,100072,100,99908,100
2019-06-28 09:33:18.407945794,99999,100,99990,252,100015,152,99986,352,100017,152,99985,152,100018,152,99977,152,100021,152,99975,152,100024,152,99943,100,100038,100,99940,100,100040,100,99939,200,100067,100,99908,100,100072,100,99907,100
2019-06-28 09:33:20.000000000,99999,229,99990,329,100015,229,99986,429,100017,100,99985,100,100018,100,99977,100,100021,100,99975,100,100024,100,99943,100,100038,100,99940,100,100040,100,99939,200,100067,100,99908,100,100072,100,99907,100
2019-06-28 09:33:30.000000000,99999,188,99990,288,100015,185,99986,385,100017,185,99985,185,100018,100,99977,100,100021,100,99975,100,100024,100,99943,100,100038,100,99940,100,100040,100,99939,200,100067,100,99908,100,100072,100,99907,100
2019-06-28 09:33:38.132345058,99999,188,99990,288,100015,185,99986,385,100017,185,99985,185,100018,100,99977,100,100021,100,99975,100,100024,100,99943,100,100038,100,99940,100,100040,100,99939,100,100067,100,99908,100,100072,100,99907,100
2019-06-28 09:33:40.000000000,99999,152,99990,252,100015,152,99986,352,100017,152,99985,152,100018,152,99977,152,100021,152,99975,152,100024,100,99943,100,100038,100,99940,100,100040,100,99939,100,100067,100,99908,100,100072,100,99907,100
2019-06-28 09:33:43.446835086,99999,152,99990,252,100007,100,99986,352,100015,152,99985,152,100017,152,99977,152,100018,152,99975,152,100021,152,99943,100,100024,100,99940,100,100038,100,99939,100,100040,100,99908,100,100067,100,99907,100
2019-06-28 09:33:50.000000000,99999,358,99990,458,100007,100,99986,300,100015,100,99985,100,100017,100,99977,100,100018,100,99975,100,100021,100,99943,100,100024,100,99940,100,100038,100,99939,100,100040,100,99908,100,100067,100,99907,100
2019-06-28 09:33:54.071762977,99999,358,99990,458,100015,100,99986,300,100017,100,99985,100,100018,100,99977,100,100021,100,99975,100,100024,100,99943,100,100038,100,99940,100,100040,100,99939,100,100067,100,99908,100,100072,100,99907,100
2019-06-28 09:34:00.000000000,99999,188,99990,288,100015,185,99986,385,100017,185,99985,185,100018,100,99977,100,100021,100,99975,100,100024,100,99943,100,100038,100,99940,100,100040,100,99939,100,100067,100,99908,100,100072,100,99907,100
2019-06-28 09:34:10.000000000,99999,358,99990,458,100015,100,99986,300,100017,100,99985,100,100018,100,99977,100,100021,100,99975,100,100024,100,99943,100,100038,100,99940,100,100040,100,99939,100,100067,100,99908,100,100072,100,99907,100
2019-06-28 09:34:11.421766110,99999,358,99990,458,100007,100,99986,300,100015,100,99985,100,100017,100,99977,100,100018,100,99975,100,100021,100,99943,100,100024,100,99940,100,100038,100,99939,100,100040,100,99908,100,100067,100,99907,100
2019-06-28 09:34:13.462272206,99999,358,99990,358,100007,100,99986,300,100015,100,99985,100,100017,100,99977,100,100018,100,99975,100,100021,100,99943,100,100024,100,99940,100,100038,100,99908,100,100040,100,99907,100,100067,100,99902,100
2019-06-28 09:34:20.000000000,99999,358,99990,358,100007,100,99986,300,100015,100,99985,100,100017,100,99977,100,100018,100,99975,100,100021,100,99943,100,100024,100,99940,100,100038,100,99908,100,100040,100,99907,100,100067,100,99902,100
2019-06-28 09:34:29.843835893,99999,358,99990,258,100007,100,99986,300,100015,100,99985,100,100017,100,99977,100,100018,100,99975,100,100021,100,99943,100,100024,100,99940,100,100038,100,99908,100,100040,100,99907,100,100067,100,99902,100
2019-06-28 09:34:30.000000000,99999,229,99986,429,100007,229,99985,229,100015,100,99977,100,100017,100,99975,100,100018,100,99943,100,100021,100,99940,100,100024,100,99908,100,100038,100,99907,100,100040,100,99902,100,100067,100,99897,100
2019-06-28 09:34:40.000000000,99999,229,99986,429,100007,229,99985,229,100015,100,99977,100,100017,100,99975,100,100018,100,99943,100,100021,100,99940,100,100024,100,99908,100,100038,100,99907,100,100040,100,99902,100,100067,100,99897,100
2019-06-28 09:34:50.000000000,99999,188,99986,388,100007,185,99985,185,100015,185,99977,185,100017,100,99975,100,100018,100,99943,100,100021,100,99940,100,100024,100,99908,100,100038,100,99907,100,100040,100,99902,100,100067,100,99897,100
2019-06-28 09:34:56.931254366,99999,188,99986,388,100007,185,99985,185,100015,185,99977,85,100017,100,99975,100,100018,100,99943,100,100021,100,99940,100,100024,100,99908,100,100038,100,99907,100,100040,100,99902,100,100067,100,99897,100
2019-06-28 09:35:00.000000000,99999,358,99986,558,100007,100,99985,100,100015,100,99975,100,100017,100,99943,100,100018,100,99940,100,100021,100,99908,100,100024,100,99907,100,100038,100,99902,100,100040,100,99897,100,100067,100,99886,100
2019-06-28 09:35:10.000000000,99999,358,99986,558,100007,100,99985,100,100015,100,99975,100,100017,100,99943,100,100018,100,99940,100,100021,100,99908,100,100024,100,99907,100,100038,100,99902,100,100040,100,99897,100,100067,100,99886,100
2019-06-28 09:35:13.669784610,99999,358,99986,558,100007,100,99985,100,100015,100,99975,100,100017,100,99943,100,100018,100,99940,100,100021,100,99908,100,100024,100,99907,100,100038,100,99902,100,100040,100,99897,100,100067,100,99886,100
2019-06-28 09:35:20.000000000,99999,229,99986,429,100007,229,99985,229,100015,100,99975,100,100017,100,99943,100,100018,100,99940,100,100021,100,99908,100,100024,100,99907,100,100038,100,99902,100,100040,100,99897,100,100067,100,99886,100
2019-06-28 09:35:20.045172751,99999,129,99986,429,100007,229,99985,229,100015,100,99975,100,100017,100,99943,100,100018,100,99940,100,100021,100,99908,100,100024,100,99907,100,100038,100,99902,100,100040,100,99897,100,100067,100,99886,100
2019-06-28 09:35:30.000000000,100007,152,99986,352,100015,152,99985,152,100017,152,99975,152,100018,152,99943,152,100021,152,99940,152,100024,100,99908,100,100038,100,99907,100,100040,100,99902,100,100067,100,99897,100,100072,100,99886,100
2019-06-28 09:35:32.591888326,100007,152,99986,352,100015,152,99985,152,100017,152,99975,152,100018,152,99943,152,100021,152,99940,152,100024,100,99908,100,100038,100,99907,100,100040,100,99902,100,100067,100,99897,100,100072,100,99886,100
2019-06-28 09:35:40.000000000,100007,164,99986,364,100015,164,99985,164,100017,164,99975,164,100018,164,99943,164,100021,100,99940,100,100024,100,99908,100,100038,100,99907,100,100040,100,99902,100,100067,100,99897,100,100072,100,99886,100
2019-06-28 09:35:47.535169778,100007,164,99986,264,100015,164,99985,164,100017,164,99975,164,100018,164,99943,164,100021,100,99940,100,100024,100,99908,100,100038,100,99907,100,100040,100,99902,100,100067,100,99897,100,100072,100,99886,100
2019-06-28 09:35:47.626593378,99998,100,99986,264,100007,164,99985,164,100015,164,99975,164,100017,164,99943,164,100018,164,99940,100,100021,100,99908,100,100024,100,99907,100,100038,100,99902,100,100040,100,99897,100,100067,100,99886,100
2019-06-28 09:35:50.000000000,99998,152,99986,252,100007,152,99985,152,100015,152,99975,152,100017,152,99943,152,100018,152,99940,152,100021,100,99908,100,100024,100,99907,100,100038,100,99902,100,100040,100,99897,100,100067,100,99886,100
2019-06-28 09:36:00.000000000,99998,164,99986,264,100007,164,99985,164,100015,164,99975,164,100017,164,99943,164,100018,100,99940,100,100021,100,99908,100,100024,100,99907,100,100038,100,99902,100,100040,100,99897,100,100067,100,99886,100
2019-06-28 09:36:04.245468115,99998,264,99986,264,100007,164,99985,164,100015,164,99975,164,100017,164,99943,164,100018,100,99940,100,100021,100,99908,100,100024,100,99907,100,100038,100,99902,100,100040,100,99897,100,100067,100,99886,100
2019-06-28 09:36:10.000000000,99998,458,99986,458,100007,100,99985,100,100015,100,99975,100,100017,100,99943,100,100018,100,99940,100,100021,100,99908,100,100024,100,99907,100,100038,100,99902,100,100040,100,99897,100,100067,100,99886,100
2019-06-28 09:36:20.000000000,99998,252,99986,252,100007,152,99985,152,100015,152,99975,152,100017,152,99943,152,100018,152,99940,152,100021,100,99908,100,100024,100,99907,100,100038,100,99902,100,100040,100,99897,100,100067,100,99886,100
2019-06-28 09:36:30.000000000,99998,264,99986,264,100007,164,99985,164,100015,164,99975,164,100017,164,99943,164,100018,100,99940,100,100021,100,99908,100,100024,100,99907,100,100038,100,99902,100,100040,100,99897,100,100067,100,99886,100
2019-06-28 09:36:40.000000000,99998,288,99986,288,100007,185,99985,185,100015,185,99975,185,100017,100,99943,100,100018,100,99940,100,100021,100,99908,100,100024,100,99907,100,100038,100,99902,100,100040,100,99897,100,100067,100,99886,100
2019-06-28 09:36:40.125566954,99998,288,99986,288,100007,185,99985,185,100015,185,99975,185,100017,100,99943,100,100018,100,99940,100,100021,100,99908,100,100024,100,99907,100,100038,100,99902,100,100040,100,99897,100,100067,100,99886,100
2019-06-28 09:36:40.931530563,99998,188,99986,288,100007,185,99985,185,100015,185,99975,185,100017,100,99943,100,100018,100,99940,100,100021,100,99908,100,100038,100,99907,100,100040,100,99902,100,100067,100,99897,100,100072,100,99886,100
2019-06-28 09:36:47.167336228,99998,88,99986,288,100007,185,99985,185,100015,185,99975,185,100017,100,99943,100,100018,100,99940,100,100021,100,99908,100,100038,100,99907,100,100040,100,99902,100,100067,100,99897,100,100072,100,99886,100
2019-06-28 09:36:47.413066146,100007,185,99998,12,100015,185,99986,288,100017,100,99985,185,100018,100,99975,185,100021,100,99943,100,100038,100,99940,100,100040,100,99908,100,100067,100,99907,100,100072,100,99902,100,100075,100,99897,100
2019-06-28 09:36:50.000000000,100007,152,99998,64,100015,152,99986,252,100017,152,99985,152,100018,152,99975,152,100021,152,99943,152,100038,100,99940,100,100040,100,99908,100,100067,100,99907,100,100072,100,99902,100,100075,100,99897,100
2019-06-28 09:36:59.273015833,100007,152,99998,64,100015,152,99986,252,100017,152,99985,152,100018,152,99975,152,100021,152,99943,152,100038,100,99940,100,100040,100,99908,100,100054,100,99907,100,100067,100,99902,100,100072,100,99897,100
2019-06-28 09:37:00.000000000,100007,164,99998,76,100015,164,99986,264,100017,164,99985,164,100018,164,99975,164,100021,100,99943,100,100038,100,99940,100,100040,100,99908,100,100054,100,99907,100,100067,100,99902,100,100072,100,99897,100
2019-06-28 09:37:03.710191920,100007,164,99998,76,100015,164,99986,264,100017,164,99985,164,100018,164,99975,164,100021,100,99943,100,100038,100,99940,100,100054,100,99908,100,100067,100,99907,100,100072,100,99902,100,100075,100,99897,100
2019-06-28 09:37:10.000000000,100007,229,99998,141,100015,229,99986,329,100017,100,99985,100,100018,100,99975,100,100021,100,99943,100,100038,100,99940,100,100054,100,99908,100,100067,100,99907,100,100072,100,99902,100,100075,100,99897,100
2019-06-28 09:37:20.000000000,100007,188,99998,100,100015,185,99986,285,100017,185,99985,185,100018,100,99975,100,100021,100,99943,100,100038,100,99940,100,100054,100,99908,100,100067,100,99907,100,100072,100,99902,100,100075,100,99897,100
2019-06-28 09:37:30.000000000,100007,164,99998,76,100015,164,99986,264,100017,164,99985,164,100018,164,99975,164,100021,100,99943,100,100038,100,99940,100,100054,100,99908,100,100067,100,99907,100,100072,100,99902,100,100075,100,99897,100
2019-06-28 09:37:32.324645986,100007,64,99998,76,100015,164,99986,264,100017,164,99985,164,100018,164,99975,164,100021,100,99943,100,100038,100,99940,100,100054,100,99908,100,100067,100,99907,100,100072,100,99902,100,100075,100,99897,100
2019-06-28 09:37:40.000000000,100015,358,99998,270,100017,100,99986,200,100018,100,99985,100,100021,100,99975,100,100038,100,99943,100,100054,100,99940,100,100067,100,99908,100,100072,100,99907,100,100075,100,99902,100,100113,200,99897,100
2019-06-28 09:37:50.000000000,100015,229,99998,141,100017,229,99986,329,100018,100,99985,100,100021,100,99975,100,100038,100,99943,100,100054,100,99940,100,100067,100,99908,100,100072,100,99907,100,100075,100,99902,100,100113,200,99897,100
2019-06-28 09:38:00.000000000,100015,164,99998,76,100017,164,99986,264,100018,164,99985,164,100021,164,99975,164,100038,100,99943,100,100054,100,99940,100,100067,100,99908,100,100072,100,99907,100,100075,100,99902,100,100113,200,99897,100
2019-06-28 09:38:10.000000000,100015,164,99998,76,100017,164,99986,264,100018,164,99985,164,100021,164,99975,164,100038,100,99943,100,100054,100,99940,100,100067,100,99908,100,100072,100,99907,100,100075,100,99902,100,100113,200,99897,100
2019-06-28 09:38:20.000000000,100015,229,99998,141,100017,229,99986,329,100018,100,99985,100,100021,100,99975,100,100038,100,99943,100,100054,100,99940,100,100067,100,99908,100,100072,100,99907,100,100075,100,99902,100,100113,200,99897,100
2019-06-28 09:38:30.000000000,100015,358,99998,270,100017,100,99986,200,100018,100,99985,100,100021,100,99975,100,100038,100,99943,100,100054,100,99940,100,100067,100,99908,100,100072,100,99907,100,100075,100,99902,100,100113,200,99897,100
2019-06-28 09:38:40.000000000,100015,152,99998,64,100017,152,99986,252,100018,152,99985,152,100021,152,99975,152,100038,152,99943,152,100054,100,99940,100,100067,100,99908,100,100072,100,99907,100,100075,100,99902,100,100113,200,99897,100
2019-06-28 09:38:50.000000000,100015,152,99998,64,100017,152,99986,252,100018,152,99985,152,100021,152,99975,152,100038,152,99943,152,100054,100,99940,100,100067,100,99908,100,100072,100,99907,100,100075,100,99902,100,100113,200,99897,100
2019-06-28 09:38:57.298698932,100015,52,99998,64,100017,152,99986,252,100018,152,99985,152,100021,152,99975,152,100038,152,99943,152,100067,100,99940,100,100072,100,99908,100,100075,100,99907,100,100113,200,99902,100,100165,100,99897,100
2019-06-28 09:38:58.192645624,100015,52,100007,100,100017,152,99998,64,100018,152,99986,252,100021,152,99985,152,100038,152,99975,152,100067,100,99943,152,100072,100,99940,100,100075,100,99908,100,100113,200,99907,100,100165,100,99902,100
2019-06-28 09:39:00.000000000,100017,358,100007,358,100018,100,99998,12,100021,100,99986,200,100038,100,99985,100,100067,100,99975,100,100072,100,99943,100,100075,100,99940,100,100113,200,99908,100,100165,100,99907,100,100166,100,99902,100
2019-06-28 09:39:01.631740015,100017,258,100007,358,100018,100,99998,12,100021,100,99986,200,100038,100,99975,100,100067,100,99943,100,100072,100,99940,100,100075,100,99908,100,100113,200,99907,100,100165,100,99902,100,100166,100,99897,100
2019-06-28 09:39:10.000000000,100018,188,100007,188,100021,185,99998,97,100038,185,99986,285,100067,100,99975,100,100072,100,99943,100,100075,100,99940,100,100113,200,99908,100,100165,100,99907,100,100166,100,99902,100,100171,100,99897,100
2019-06-28 09:39:13.754176774,100018,188,100015,100,100021,185,100007,188,100038,185,99998,97,100067,100,99986,285,100072,100,99975,100,100075,100,99943,100,100113,200,99940,100,100165,100,99908,100,100166,100,99907,100,100171,100,99902,100
2019-06-28 09:39:20.000000000,100018,164,100015,164,100021,164,100007,164,100038,164,99998,76,100067,164,99986,264,100072,100,99975,100,100075,100,99943,100,100113,200,99940,100,100165,100,99908,100,100166,100,99907,100,100171,100,99902,100
2019-06-28 09:39:21.438395177,100018,64,100015,164,100021,164,100007,164,100038,164,99998,76,100067,164,99986,264,100072,100,99975,100,100075,100,99943,100,100113,200,99940,100,100165,100,99908,100,100166,100,99907,100,100171,100,99902,100
2019-06-28 09:39:22.536418526,100018,64,100015,164,100021,164,100007,164,100038,164,99998,76,100067,164,99986,264,100072,100,99975,100,100075,100,99943,100,100113,200,99940,100,100165,100,99908,100,100166,100,99907,100,100171,100,99902,100
2019-06-28 09:39:30.000000000,100021,152,100015,152,100038,152,100007,152,100067,152,99998,64,100072,152,99986,252,100075,152,99975,152,100113,200,99943,100,100165,100,99940,100,100166,100,99908,100,100171,100,99907,100,100173,100,99902,100
2019-06-28 09:39:32.897848250,100021,152,100015,152,100038,152,100007,152,100067,152,99998,64,100072,152,99986,252,100075,152,99975,152,100113,200,99943,100,100165,100,99940,100,100166,100,99908,100,100171,100,99907,100,100173,100,99902,100
2019-06-28 09:39:40.000000000,100021,152,100015,152,100038,152,100007,152,100067,152,99998,64,100072,152,99986,252,100075,152,99975,152,100113,200,99943,100,100165,100,99940,100,100166,100,99908,100,100171,100,99907,100,100173,100,99902,100
2019-06-28 09:39:42.572723370,100021,152,100015,152,100038,152,100007,152,100067,152,99998,64,100072,152,99986,252,100075,152,99975,152,100113,200,99943,100,100165,100,99940,100,100166,100,99908,100,100171,100,99907,100,100173,100,99897,100
2019-06-28 09:39:50.000000000,100021,152,100015,152,100038,152,100007,152,100067,152,99998,64,100072,152,99986,252,100075,152,99975,152,100113,200,99943,100,100165,100,99940,100,100166,100,99908,100,100171,100,99907,100,100173,100,99897,100
2019-06-28 09:39:51.959819694,100021,152,100015,152,100038,152,100007,152,100067,152,99998,64,100072,152,99986,252,100075,152,99975,152,100109,100,99943,100,100113,200,99940,100,100165,100,99908,100,100166,100,99907,100,100171,100,99897,100
2019-06-28 09:39:55.018215941,100021,152,100015,152,100038,152,100007,152,100067,152,99999,100,100072,152,99998,64,100075,152,99986,252,100109,100,99975,152,100113,200,99943,100,100165,100,99940,100,100166,100,99908,100,100171,100,99907,100
2019-06-28 09:40:00.000000000,100021,229,100015,229,100038,229,100007,229,100067,100,99999,100,100072,100,99998,12,100075,100,99986,200,100109,100,99975,100,100113,200,99943,100,100165,100,99940,100,100166,100,99908,100,100171,100,99907,100
2019-06-28 09:40:10.000000000,100021,164,100015,164,100038,164,100007,164,100067,164,99999,164,100072,164,99998,76,100075,100,99986,200,100109,100,99975,100,100113,200,99943,100,100165,100,99940,100,100166,100,99908,100,100171,100,99907,100
2019-06-28 09:40:17.624636746,100016,100,100015,164,100021,164,100007,164,100038,164,99999,164,100067,164,99998,76,100072,164,99986,200,100075,100,99975,100,100109,100,99943,100,100113,200,99940,100,100165,100,99908,100,100166,100,99907,100
2019-06-28 09:40:20.000000000,100016,152,100015,152,100021,152,100007,152,100038,152,99999,152,100067,152,99998,64,100072,152,99986,252,100075,100,99975,100,100109,100,99943,100,100113,200,99940,100,100165,100,99908,100,100166,100,99907,100
2019-06-28 09:40:28.165430911,100016,152,100015,52,100021,152,100007,152,100038,152,99999,152,100067,152,99998,64,100072,152,99986,252,100075,100,99975,100,100109,100,99943,100,100113,200,99940,100,100165,100,99908,100,100166,100,99907,100
2019-06-28 09:40:30.000000000,100016,188,100007,188,100021,185,99999,185,100038,185,99998,97,100067,100,99986,200,100072,100,99975,100,100075,100,99943,100,100109,100,99940,100,100113,200,99908,100,100165,100,99907,100,100166,100,99897,100
2019-06-28 09:40:35.703626476,100016,188,100007,188,100021,185,99999,85,100038,185,99998,97,100042,100,99986,200,100067,100,99975,100,100072,100,99943,100,100075,100,99940,100,100109,100,99908,100,100113,200,99907,100,100165,100,99897,100
2019-06-28 09:40:40.000000000,100016,152,100007,152,100021,152,99998,64,100038,152,99986,252,100042,152,99975,152,100067,152,99943,152,100072,100,99940,100,100075,100,99908,100,100109,100,99907,100,100113,200,99897,100,100165,100,99873,100
2019-06-28 09:40:50.000000000,100016,358,100007,358,100021,100,99998,12,100038,100,99986,200,100042,100,99975,100,100067,100,99943,100,100072,100,99940,100,100075,100,99908,100,100109,100,99907,100,100113,200,99897,100,100165,100,99873,100
2019-06-28 09:40:50.895051339,100016,258,100007,358,100021,100,99998,12,100038,100,99986,200,100042,100,99975,100,100067,100,99943,100,100072,100,99940,100,100075,100,99908,100,100109,100,99907,100,100113,200,99897,100,100165,100,99873,100
2019-06-28 09:40:55.041858695,100015,100,100007,358,100016,258,99998,12,100021,100,99986,200,100038,100,99975,100,100042,100,99943,100,100067,100,99940,100,100072,100,99908,100,100075,100,99907,100,100109,100,99897,100,100113,200,99873,100
2019-06-28 09:41:00.000000000,100015,164,100007,164,100021,164,99998,76,100038,164,99986,264,100042,164,99975,164,100067,100,99943,100,100072,100,99940,100,100075,100,99908,100,100109,100,99907,100,100113,200,99897,100,100165,100,99873,100
2019-06-28 09:41:10.000000000,100015,358,100007,358,100021,100,99998,12,100038,100,99986,200,100042,100,99975,100,100067,100,99943,100,100072,100,99940,100,100075,100,99908,100,100109,100,99907,100,100113,200,99897,100,100165,100,99873,100
2019-06-28 09:41:16.390352805,100015,358,100007,258,100021,100,99998,12,100038,100,99986,200,100042,100,99975,100,100067,100,99943,100,100072,100,99940,100,100075,100,99908,100,100109,100,99907,100,100113,200,99897,100,100165,100,99873,100
2019-06-28 09:41:17.361767037,100015,358,100007,158,100021,100,99998,12,100038,100,99986,200,100042,100,99975,100,100067,100,99943,100,100072,100,99940,100,100075,100,99908,100,100109,100,99907,100,100113,200,99897,100,100165,100,99873,100
2019-06-28 09:41:20.000000000,100015,358,99998,270,100021,100,99986,200,100038,100,99975,100,100042,100,99943,100,100067,100,99940,100,100072,100,99908,100,100075,100,99907,100,100109,100,99897,100,100113,200,99873,100,100165,100,99871,100
2019-06-28 09:41:30.000000000,100015,188,99998,100,100021,185,99986,285,100038,185,99975,185,100042,100,99943,100,100067,100,99940,100,100072,100,99908,100,100075,100,99907,100,100109,100,99897,100,100113,200,99873,100,100165,100,99871,100
2019-06-28 09:41:38.601735826,100015,188,99998,100,100021,185,99986,285,100038,185,99975,185,100042,100,99943,100,100067,100,99940,100,100072,100,99908,100,100075,100,99907,100,100109,100,99897,100,100113,200,99873,100,100165,100,99871,100
2019-06-28 09:41:40.000000000,100015,152,99998,64,100021,152,99986,252,100038,152,99975,152,100042,152,99943,152,100067,152,99940,152,100072,100,99908,100,100075,100,99907,100,100109,100,99897,100,100113,200,99873,100,100165,100,99871,100
2019-06-28 09:41:49.523365037,100015,152,99998,64,100021,152,99986,252,100038,152,99975,152,100042,152,99943,152,100067,152,99940,152,100072,100,99908,100,100075,100,99907,100,100109,100,99897,100,100113,200,99873,100,100165,100,99871,100
2019-06-28 09:41:50.000000000,100015,188,99998,100,100021,185,99986,285,100038,185,99975,185,100042,100,99943,100,100067,100,99940,100,100072,100,99908,100,100075,100,99907,100,100109,100,99897,100,100113,200,99873,100,100165,100,99871,100
2019-06-28 09:42:00.000000000,100015,358,99998,270,100021,100,99986,200,100038,100,99975,100,100042,100,99943,100,100067,100,99940,100,100072,100,99908,100,100075,100,99907,100,100109,100,99897,100,100113,200,99873,100,100165,100,99871,100
2019-06-28 09:42:10.000000000,100015,152,99998,64,100021,152,99986,252,100038,152,99975,152,100042,152,99943,152,100067,152,99940,152,100072,100,99908,100,100075,100,99907,100,100109,100,99897,100,100113,200,99873,100,100165,100,99871,100
2019-06-28 09:42:20.000000000,100015,188,99998,100,100021,185,99986,285,100038,185,99975,185,100042,100,99943,100,100067,100,99940,100,100072,100,99908,100,100075,100,99907,100,100109,100,99897,100,100113,200,99873,100,100165,100,99871,100
2019-06-28 09:42:30.000000000,100015,152,99998,64,100021,152,99986,252,100038,152,99975,152,100042,152,99943,152,100067,152,99940,152,100072,100,99908,100,100075,100,99907,100,100109,100,99897,100,100113,200,99873,100,100165,100,99871,100
2019-06-28 09:42:40.000000000,100015,164,99998,76,100021,164,99986,264,100038,164,99975,164,100042,164,99943,164,100067,100,99940,100,100072,100,99908,100,100075,100,99907,100,100109,100,99897,100,100113,200,99873,100,100165,100,99871,100
2019-06-28 09:42:50.000000000,100015,164,99998,76,100021,164,99986,264,100038,164,99975,164,100042,164,99943,164,100067,100,99940,100,100072,100,99908,100,100075,100,99907,100,100109,100,99897,100,100113,200,99873,100,100165,100,99871,100
2019-06-28 09:43:00.000000000,100015,229,99998,141,100021,229,99986,329,100038,100,99975,100,100042,100,99943,100,100067,100,99940,100,100072,100,99908,100,100075,100,99907,100,100109,100,99897,100,100113,200,99873,100,100165,100,99871,100
2019-06-28 09:43:10.000000000,100015,229,99998,141,100021,229,99986,329,100038,100,99975,100,100042,100,99943,100,100067,100,99940,100,100072,100,99908,100,100075,100,99907,100,100109,100,99897,100,100113,200,99873,100,100165,100,99871,100
2019-06-28 09:43:14.746335414,100007,100,99998,141,100015,229,99986,329,100021,229,99975,100,100038,100,99943,100,100042,100,99940,100,100067,100,99908,100,100072,100,99907,100,100075,100,99897,100,100109,100,99873,100,100113,200,99871,100
2019-06-28 09:43:15.019142016,100007,100,99998,41,100015,229,99986,329,100021,229,99975,100,100038,100,99943,100,100042,100,99940,100,100067,100,99908,100,100072,100,99907,100,100075,100,99897,100,100109,100,99873,100,100113,200,99871,100
2019-06-28 09:43:20.000000000,100007,358,99986,458,100015,100,99975,100,100021,100,99943,100,100038,100,99940,100,100042,100,99908,100,100067,100,99907,100,100072,100,99897,100,100075,100,99873,100,100109,100,99871,100,100113,200,99847,100
2019-06-28 09:43:30.000000000,100007,188,99986,288,100015,185,99975,185,100021,185,99943,185,100038,100,99940,100,100042,100,99908,100,100067,100,99907,100,100072,100,99897,100,100075,100,99873,100,100109,100,99871,100,100113,200,99847,100
2019-06-28 09:43:31.339614878,100007,188,99986,288,100015,185,99975,185,100021,185,99943,185,100038,100,99940,100,100042,100,99908,100,100067,100,99897,100,100072,100,99873,100,100075,100,99871,100,100109,100,99847,100,100113,200,99845,100
2019-06-28 09:43:36.165433263,100006,100,99986,288,100007,188,99975,185,100015,185,99943,185,100021,185,99940,100,100038,100,99908,100,100042,100,99897,100,100067,100,99873,100,100072,100,99871,100,100075,100,99847,100,100109,100,99845,100
2019-06-28 09:43:40.000000000,100006,188,99986,288,100007,185,99975,185,100015,185,99943,185,100021,100,99940,100,100038,100,99908,100,100042,100,99897,100,100067,100,99873,100,100072,100,99871,100,100075,100,99847,100,100109,100,99845,100
2019-06-28 09:43:50.000000000,100006,164,99986,264,100007,164,99975,164,100015,164,99943,164,100021,164,99940,164,100038,100,99908,100,100042,100,99897,100,100067,100,99873,100,100072,100,99871,100,100075,100,99847,100,100109,100,99845,100
2019-06-28 09:43:57.679345324,100006,264,99986,264,100007,164,99975,164,100015,164,99943,164,100021,164,99940,164,100038,100,99908,100,100042,100,99897,100,100067,100,99873,100,100072,100,99871,100,100075,100,99847,100,100109,100,99845,100
2019-06-28 09:44:00.000000000,100006,288,99986,288,100007,185,99975,185,100015,185,99943,185,100021,100,99940,100,100038,100,99908,100,100042,100,99897,100,100067,100,99873,100,100072,100,99871,100,100075,100,99847,100,100109,100,99845,100
2019-06-28 09:44:03.845140156,100006,288,99986,188,100007,185,99975,185,100015,185,99943,185,100021,100,99940,100,100038,100,99908,100,100042,100,99897,100,100067,100,99873,100,100072,100,99871,100,100075,100,99847,100,100109,100,99845,100
2019-06-28 09:44:06.760648344,100006,288,99986,188,100007,185,99975,185,100015,185,99943,185,100021,100,99940,100,100038,100,99908,100,100042,100,99897,100,100067,100,99873,100,100072,100,99871,100,100075,100,99847,100,100109,100,99826,100
2019-06-28 09:44:10.000000000,100006,252,99986,152,100007,152,99975,152,100015,152,99943,152,100021,152,99940,152,100038,152,99908,152,100042,100,99897,100,100067,100,99873,100,100072,100,99871,100,100075,100,99847,100,100109,100,99826,100
2019-06-28 09:44:18.300364346,100006,252,99986,152,100007,152,99975,152,100015,152,99943,152,100021,152,99940,152,100038,152,99908,152,100042,100,99897,100,100067,100,99873,100,100072,100,99871,100,100075,100,99847,100,100109,100,99826,100
2019-06-28 09:44:20.000000000,100006,252,99986,152,100007,152,99975,152,100015,152,99943,152,100021,152,99940,152,100038,152,99908,152,100042,100,99897,100,100067,100,99873,100,100072,100,99871,100,100075,100,99847,100,100109,100,99826,100
2019-06-28 09:44:30.000000000,100006,288,99986,188,100007,185,99975,185,100015,185,99943,185,100021,100,99940,100,100038,100,99908,100,100042,100,99897,100,100067,100,99873,100,100072,100,99871,100,100075,100,99847,100,100109,100,99826,100
2019-06-28 09:44:38.860631087,99998,100,99986,188,100006,288,99975,185,100007,185,99943,185,100015,185,99940,100,100021,100,99908,100,100038,100,99897,100,100042,100,99873,100,100067,100,99871,100,100072,100,99847,100,100075,100,99826,100
2019-06-28 09:44:39.017132243,99998,100,99986,88,100006,288,99975,185,100007,185,99943,185,100015,185,99940,100,100021,100,99908,100,100038,100,99897,100,100042,100,99873,100,100067,100,99871,100,100072,100,99847,100,100075,100,99826,100
2019-06-28 09:44:39.348586481,99986,12,99975,185,99998,100,99943,185,100006,288,99940,100,100007,185,99908,100,100015,185,99897,100,100021,100,99873,100,100038,100,99871,100,100042,100,99847,100,100067,100,99826,100,100072,100,99811,100
2019-06-28 09:44:39.543665962,99986,12,99975,185,99998,100,99943,185,100006,288,99940,100,100007,185,99908,100,100015,185,99897,100,100021,100,99873,100,100038,100,99871,100,100042,100,99847,100,100067,100,99826,100,100072,100,99811,100
2019-06-28 09:44:40.000000000,99986,76,99975,164,99998,164,99943,164,100006,264,99940,164,100007,164,99908,164,100015,100,99897,100,100021,100,99873,100,100038,100,99871,100,100042,100,99847,100,100067,100,99826,100,100072,100,99811,100
2019-06-28 09:44:50.000000000,99986,270,99975,358,99998,100,99943,100,100006,200,99940,100,100007,100,99908,100,100015,100,99897,100,100021,100,99873,100,100038,100,99871,100,100042,100,99847,100,100067,100,99826,100,100072,100,99811,100
2019-06-28 09:44:50.144444456,99986,270,99975,358,99998,100,99943,100,100006,200,99940,100,100007,100,99908,100,100015,100,99897,100,100021,100,99873,100,100038,100,99871,100,100042,100,99862,100,100067,100,99847,100,100072,100,99826,100
2019-06-28 09:44:59.559125610,99986,270,99975,258,99998,100,99943,100,100006,200,99940,100,100007,100,99908,100,100015,100,99897,100,100021,100,99873,100,100038,100,99871,100,100042,100,99862,100,100067,100,99847,100,100072,100,99826,100
2019-06-28 09:45:00.000000000,99986,141,99943,229,99998,229,99940,229,100006,200,99908,100,100007,100,99897,100,100015,100,99873,100,100021,100,99871,100,100038,100,99862,100,100042,100,99847,100,100067,100,99826,100,100072,100,99811,100
2019-06-28 09:45:06.678029395,99986,141,99943,229,99998,229,99940,229,100006,200,99908,100,100007,100,99897,100,100015,100,99873,100,100021,100,99871,100,100038,100,99862,100,100042,100,99847,100,100067,100,99826,100,100072,100,99811,100
2019-06-28 09:45:10.000000000,99986,76,99943,164,99998,164,99940,164,100006,264,99908,164,100007,164,99897,164,100015,100,99873,100,100021,100,99871,100,100038,100,99862,100,100042,100,99847,100,100067,100,99826,100,100072,100,99811,100
2019-06-28 09:45:20.000000000,99986,76,99943,164,99998,164,99940,164,100006,264,99908,164,100007,164,99897,164,100015,100,99873,100,100021,100,99871,100,100038,100,99862,100,100042,100,99847,100,100067,100,99826,100,100072,100,99811,100
2019-06-28 09:45:20.049517461,99985,100,99943,164,99986,64,99940,164,99998,164,99908,164,100006,264,99897,164,100007,164,99873,100,100015,100,99871,100,100021,100,99862,100,100038,100,99847,100,100042,100,99826,100,100067,100,99811,100
2019-06-28 09:45:30.000000000,99985,358,99943,358,99998,100,99940,100,100006,200,99908,100,100007,100,99897,100,100015,100,99873,100,100021,100,99871,100,100038,100,99862,100,100042,100,99847,100,100067,100,99826,100,100072,100,99811,100
2019-06-28 09:45:40.000000000,99985,358,99943,358,99998,100,99940,100,100006,200,99908,100,100007,100,99897,100,100015,100,99873,100,100021,100,99871,100,100038,100,99862,100,100042,100,99847,100,100067,100,99826,100,100072,100,99811,100
2019-06-28 09:45:50.000000000,99985,152,99943,152,99998,152,99940,152,100006,252,99908,152,100007,152,99897,152,100015,152,99873,152,100021,100,99871,100,100038,100,99862,100,100042,100,99847,100,100067,100,99826,100,100072,100,99811,100
2019-06-28 09:45:50.994342928,99985,152,99943,152,99998,52,99940,152,100006,252,99908,152,100007,152,99897,152,100015,152,99873,152,100021,100,99871,100,100038,100,99862,100,100042,100,99847,100,100067,100,99826,100,100072,100,99811,100
2019-06-28 09:45:58.304473894,99985,252,99943,152,99998,52,99940,152,100006,252,99908,152,100007,152,99897,152,100015,152,99873,152,100021,100,99871,100,100038,100,99862,100,100042,100,99847,100,100067,100,99826,100,100072,100,99811,100
2019-06-28 09:46:00.000000000,99985,252,99943,152,100006,252,99940,152,100007,152,99908,152,100015,152,99897,152,100021,152,99873,152,100038,100,99871,100,100042,100,99862,100,100067,100,99847,100,100072,100,99826,100,100075,100,99811,100
2019-06-28 09:46:10.000000000,99985,329,99943,229,100006,329,99940,229,100007,100,99908,100,100015,100,99897,100,100021,100,99873,100,100038,100,99871,100,100042,100,99862,100,100067,100,99847,100,100072,100,99826,100,100075,100,99811,100
2019-06-28 09:46:12.441127247,99985,429,99943,229,100006,329,99940,229,100007,100,99908,100,100015,100,99897,100,100021,100,99873,100,100038,100,99871,100,100042,100,99862,100,100067,100,99847,100,100072,100,99826,100,100075,100,99811,100
2019-06-28 09:46:14.176666654,99985,429,99943,229,100006,329,99940,229,100007,100,99908,100,100015,100,99897,100,100021,100,99873,100,100038,100,99871,100,100042,100,99862,100,100067,100,99847,100,100072,100,99826,100,100075,100,99811,100
2019-06-28 09:46:16.353017056,99985,429,99943,129,100006,329,99940,229,100007,100,99908,100,100015,100,99897,100,100021,100,99873,100,100038,100,99871,100,100042,100,99862,100,100067,100,99847,100,100072,100,99826,100,100075,100,99811,100
2019-06-28 09:46:20.000000000,99985,558,99940,358,100006,200,99908,100,100007,100,99897,100,100015,100,99873,100,100021,100,99871,100,100038,100,99862,100,100042,100,99847,100,100067,100,99826,100,100072,100,99811,100,100075,100,99722,100
2019-06-28 09:46:30.000000000,99985,429,99940,229,100006,329,99908,229,100007,100,99897,100,100015,100,99873,100,100021,100,99871,100,100038,100,99862,100,100042,100,99847,100,100067,100,99826,100,100072,100,99811,100,100075,100,99722,100
2019-06-28 09:46:34.274089755,99985,429,99940,229,100006,329,99908,229,100007,100,99897,100,100015,100,99873,100,100021,100,99871,100,100038,100,99862,100,100042,100,99847,100,100067,100,99826,100,100072,100,99811,100,100075,100,99722,100
2019-06-28 09:46:35.124378312,99985,429,99940,129,100006,329,99908,229,100007,100,99897,100,100015,100,99873,100,100021,100,99871,100,100038,100,99862,100,100042,100,99847,100,100067,100,99826,100,100072,100,99811,100,100075,100,99722,100
2019-06-28 09:46:38.108651662,99985,429,99940,29,100006,329,99908,229,100007,100,99897,100,100015,100,99871,100,100021,100,99862,100,100038,100,99847,100,100042,100,99826,100,100067,100,99811,100,100072,100,99722,100,100075,100,99709,100
2019-06-28 09:46:40.000000000,99985,352,99908,152,100006,252,99897,152,100007,152,99871,152,100015,152,99862,152,100021,152,99847,152,100038,100,99826,100,100042,100,99811,100,100067,100,99722,100,100072,100,99709,100,100075,100,99653,100
2019-06-28 09:46:43.346478682,99940,100,99908,152,99985,352,99897,152,100006,252,99871,152,100007,152,99862,152,100015,152,99847,152,100021,152,99826,100,100038,100,99811,100,100042,100,99722,100,100067,100,99709,100,100072,100,99653,100
2019-06-28 09:46:48.906963128,99940,100,99908,152,99985,352,99897,152,100006,252,99871,152,100007,152,99862,152,100015,152,99847,152,100021,152,99826,100,100038,100,99811,100,100042,100,99722,100,100067,100,99709,100,100072,100,99653,100
2019-06-28 09:46:49.459215088,99940,100,99908,152,99985,352,99897,152,100006,252,99871,152,100007,152,99862,152,100015,152,99847,152,100021,152,99826,100,100038,100,99811,100,100042,100,99722,100,100067,100,99709,100,100072,100,99653,100
2019-06-28 09:46:50.000000000,99940,188,99908,188,99985,385,99897,185,100006,285,99871,185,100007,100,99862,100,100015,100,99847,100,100021,100,99826,100,100038,100,99811,100,100042,100,99722,100,100067,100,99709,100,100072,100,99653,100
2019-06-28 09:47:00.000000000,99940,229,99908,229,99985,429,99897,229,100006,200,99871,100,100007,100,99862,100,100015,100,99847,100,100021,100,99826,100,100038,100,99811,100,100042,100,99722,100,100067,100,99709,100,100072,100,99653,100
2019-06-28 09:47:01.327618130,99940,329,99908,229,99985,429,99897,229,100006,200,99871,100,100007,100,99862,100,100015,100,99847,100,100021,100,99826,100,100038,100,99811,100,100042,100,99722,100,100067,100,99709,100,100072,100,99653,100
2019-06-28 09:47:10.000000000,99940,329,99908,229,99985,429,99897,229,100006,200,99871,100,100007,100,99862,100,100015,100,99847,100,100021,100,99826,100,100038,100,99811,100,100042,100,99722,100,100067,100,99709,100,100072,100,99653,100
2019-06-28 09:47:11.414960787,99940,329,99908,229,99985,429,99897,229,100006,200,99871,100,100007,100,99862,100,100015,100,99847,100,100021,100,99826,100,100038,100,99811,100,100042,100,99722,100,100067,100,99709,100,100072,100,99653,100
2019-06-28 09:47:20.000000000,99940,458,99908,358,99985,300,99897,100,100006,200,99871,100,100007,100,99862,100,100015,100,99847,100,100021,100,99826,100,100038,100,99811,100,100042,100,99722,100,100067,100,99709,100,100072,100,99653,100
2019-06-28 09:47:24.380942446,99940,458,99908,258,99985,300,99897,100,100006,200,99871,100,100007,100,99862,100,100015,100,99847,100,100021,100,99826,100,100038,100,99811,100,100042,100,99722,100,100067,100,99709,100,100072,100,99653,100
2019-06-28 09:47:26.162331606,99939,100,99908,258,99940,458,99897,100,99985,300,99871,100,100006,200,99862,100,100007,100,99847,100,100015,100,99826,100,100021,100,99811,100,100038,100,99722,100,100042,100,99709,100,100067,100,99653,100
2019-06-28 09:47:30.000000000,99939,152,99897,152,99940,252,99871,152,99985,352,99862,152,100006,252,99847,152,100007,152,99826,152,100015,100,99811,100,100021,100,99722,100,100038,100,99709,100,100042,100,99653,100,100067,100,99519,100
2019-06-28 09:47:40.000000000,99939,164,99897,164,99940,264,99871,164,99985,364,99862,164,100006,264,99847,164,100007,100,99826,100,100015,100,99811,100,100021,100,99722,100,100038,100,99709,100,100042,100,99653,100,100067,100,99519,100
2019-06-28 09:47:42.288844945,99939,164,99897,164,99940,264,99871,164,99985,364,99862,164,100006,264,99847,164,100007,100,99826,100,100015,100,99811,100,100021,100,99722,100,100038,100,99709,100,100042,100,99653,100,100067,100,99519,100
2019-06-28 09:47:50.000000000,99939,188,99897,188,99940,285,99871,185,99985,385,99862,185,100006,200,99847,100,100007,100,99826,100,100015,100,99811,100,100021,100,99722,100,100038,100,99709,100,100042,100,99653,100,100067,100,99519,100
2019-06-28 09:48:00.000000000,99939,152,99897,152,99940,252,99871,152,99985,352,99862,152,100006,252,99847,152,100007,152,99826,152,100015,100,99811,100,100021,100,99722,100,100038,100,99709,100,100042,100,99653,100,100067,100,99519,100
2019-06-28 09:48:10.000000000,99939,152,99897,152,99940,252,99871,152,99985,352,99862,152,100006,252,99847,152,100007,152,99826,152,100015,100,99811,100,100021,100,99722,100,100038,100,99709,100,100042,100,99653,100,100067,100,99519,100
2019-06-28 09:48:13.489169438,99939,152,99897,52,99940,252,99871,152,99985,352,99862,152,100006,252,99847,152,100007,152,99826,152,100015,100,99811,100,100021,100,99722,100,100038,100,99709,100,100042,100,99653,100,100067,100,99519,100
2019-06-28 09:48:19.991881490,99939,152,99897,52,99940,252,99871,152,99985,352,99862,152,100006,252,99847,152,100007,152,99826,152,100015,100,99811,100,100038,100,99722,100,100042,100,99709,100,100067,100,99653,100,100072,100,99519,100
2019-06-28 09:48:20.000000000,99939,188,99871,188,99940,285,99862,185,99985,385,99847,185,100006,200,99826,100,100007,100,99811,100,100015,100,99722,100,100038,100,99709,100,100042,100,99653,100,100067,100,99519,100,100072,100,99416,100
2019-06-28 09:48:30.000000000,99939,152,99871,152,99940,252,99862,152,99985,352,99847,152,100006,252,99826,152,100007,152,99811,152,100015,100,99722,100,100038,100,99709,100,100042,100,99653,100,100067,100,99519,100,100072,100,99416,100
2019-06-28 09:48:37.540063148,99939,152,99871,52,99940,252,99862,152,99985,352,99847,152,100006,252,99826,152,100007,152,99811,152,100015,100,99722,100,100038,100,99709,100,100042,100,99653,100,100067,100,99519,100,100072,100,99416,100
2019-06-28 09:48:40.000000000,99939,164,99862,164,99940,264,99847,164,99985,364,99826,164,100006,264,99811,164,100007,100,99722,100,100015,100,99709,100,100038,100,99653,100,100042,100,99519,100,100067,100,99416,100,100072,100,99322,100
2019-06-28 09:48:50.000000000,99939,188,99862,188,99940,285,99847,185,99985,385,99826,185,100006,200,99811,100,100007,100,99722,100,100015,100,99709,100,100038,100,99653,100,100042,100,99519,100,100067,100,99416,100,100072,100,99322,100
2019-06-28 09:48:52.287760610,99939,188,99862,188,99940,285,99847,185,99985,385,99826,185,100006,200,99811,100,100007,100,99722,100,100015,100,99709,100,100038,100,99653,100,100042,100,99519,100,100067,100,99416,100,100072,100,99322,100
2019-06-28 09:49:00.000000000,99939,229,99862,229,99940,329,99847,229,99985,300,99826,100,100006,200,99811,100,100007,100,99722,100,100015,100,99709,100,100038,100,99653,100,100042,100,99519,100,100067,100,99416,100,100072,100,99322,100
2019-06-28 09:49:01.010759352,99939,129,99862,229,99940,329,99847,229,99985,300,99826,100,100006,200,99811,100,100007,100,99722,100,100015,100,99709,100,100038,100,99653,100,100042,100,99519,100,100067,100,99416,100,100072,100,99322,100
2019-06-28 09:49:01.531659351,99897,100,99862,229,99939,129,99847,229,99940,329,99826,100,99985,300,99811,100,100006,200,99722,100,100007,100,99709,100,100015,100,99653,100,100038,100,99519,100,100042,100,99416,100,100067,100,99322,100
2019-06-28 09:49:03.583763011,99897,100,99862,129,99939,129,99847,229,99940,329,99826,100,99985,300,99811,100,100006,200,99722,100,100007,100,99709,100,100015,100,99653,100,100038,100,99519,100,100042,100,99416,100,100067,100,99322,100
2019-06-28 09:49:10.000000000,99897,229,99847,229,99940,329,99826,229,99985,300,99811,100,100006,200,99722,100,100007,100,99709,100,100015,100,99653,100,100038,100,99519,100,100042,100,99416,100,100067,100,99322,100,100072,100,99260,100
2019-06-28 09:49:20.000000000,99897,358,99847,358,99940,200,99826,100,99985,300,99811,100,100006,200,99722,100,100007,100,99709,100,100015,100,99653,100,100038,100,99519,100,100042,100,99416,100,100067,100,99322,100,100072,100,99260,100
2019-06-28 09:49:22.870076132,99897,358,99847,258,99940,200,99826,100,99985,300,99811,100,100006,200,99722,100,100007,100,99709,100,100015,100,99653,100,100038,100,99519,100,100042,100,99416,100,100067,100,99322,100,100072,100,99260,100
2019-06-28 09:49:29.651607015,99897,358,99847,158,99940,200,99826,100,99985,300,99811,100,100006,200,99722,100,100007,100,99709,100,100015,100,99653,100,100038,100,99519,100,100042,100,99416,100,100067,100,99322,100,100072,100,99260,100
2019-06-28 09:49:30.000000000,99897,188,99826,188,99940,285,99811,185,99985,385,99722,185,100006,200,99709,100,100007,100,99653,100,100015,100,99519,100,100038,100,99416,100,100042,100,99322,100,100067,100,99260,100,100072,100,99073,100
2019-06-28 09:49:40.000000000,99897,152,99826,152,99940,252,99811,152,99985,352,99722,152,100006,252,99709,152,100007,152,99653,152,100015,100,99519,100,100038,100,99416,100,100042,100,99322,100,100067,100,99260,100,100072,100,99073,100
2019-06-28 09:49:50.000000000,99897,164,99826,164,99940,264,99811,164,99985,364,99722,164,100006,264,99709,164,100007,100,99653,100,100015,100,99519,100,100038,100,99416,100,100042,100,99322,100,100067,100,99260,100,100072,100,99073,100
2019-06-28 09:50:00.000000000,99897,229,99826,229,99940,329,99811,229,99985,300,99722,100,100006,200,99709,100,100007,100,99653,100,100015,100,99519,100,100038,100,99416,100,100042,100,99322,100,100067,100,99260,100,100072,100,99073,100
2019-06-28 09:50:04.279568217,99847,100,99826,229,99897,229,99811,229,99940,329,99722,100,99985,300,99709,100,100006,200,99653,100,100015,100,99519,100,100038,100,99416,100,100042,100,99322,100,100067,100,99260,100,100072,100,99073,100
2019-06-28 09:50:10.000000000,99847,164,99826,164,99897,164,99811,164,99940,264,99722,164,99985,364,99709,164,100006,200,99653,100,100015,100,99519,100,100038,100,99416,100,100042,100,99322,100,100067,100,99260,100,100072,100,99073,100
2019-06-28 09:50:20.000000000,99847,164,99826,164,99897,164,99811,164,99940,264,99722,164,99985,364,99709,164,100006,200,99653,100,100015,100,99519,100,100038,100,99416,100,100042,100,99322,100,100067,100,99260,100,100072,100,99073,100
2019-06-28 09:50:30.000000000,99847,188,99826,188,99897,185,99811,185,99940,285,99722,185,99985,300,99709,100,100006,200,99653,100,100015,100,99519,100,100038,100,99416,100,100042,100,99322,100,100067,100,99260,100,100072,100,99073,100
2019-06-28 09:50:40.000000000,99847,188,99826,188,99897,185,99811,185,99940,285,99722,185,99985,300,99709,100,100006,200,99653,100,100015,100,99519,100,100038,100,99416,100,100042,100,99322,100,100067,100,99260,100,100072,100,99073,100
2019-06-28 09:50:43.058119178,99847,188,99826,88,99897,185,99811,185,99940,285,99722,185,99985,300,99709,100,100006,200,99653,100,100015,100,99519,100,100038,100,99416,100,100042,100,99322,100,100067,100,99260,100,100072,100,99073,100
2019-06-28 09:50:50.000000000,99847,152,99811,152,99897,152,99722,152,99940,252,99709,152,99985,352,99653,152,100006,252,99519,152,100015,100,99416,100,100038,100,99322,100,100042,100,99260,100,100067,100,99073,100,100072,100,98969,100
2019-06-28 09:50:54.556286141,99847,152,99811,152,99897,152,99740,100,99940,252,99722,152,99985,352,99709,152,100006,252,99653,152,100015,100,99519,152,100038,100,99416,100,100042,100,99322,100,100067,100,99260,100,100072,100,99073,100
2019-06-28 09:51:00.000000000,99847,152,99811,152,99897,152,99740,152,99940,252,99722,152,99985,352,99709,152,100006,252,99653,152,100015,100,99519,100,100038,100,99416,100,100042,100,99322,100,100067,100,99260,100,100072,100,99073,100
2019-06-28 09:51:00.730904440,99847,152,99811,152,99897,152,99740,152,99904,100,99722,152,99940,252,99709,152,99985,352,99653,152,100006,252,99519,100,100015,100,99416,100,100038,100,99322,100,100042,100,99260,100,100067,100,99073,100
2019-06-28 09:51:02.108009043,99847,152,99811,152,99897,152,99740,152,99904,100,99722,152,99940,252,99709,152,99942,100,99653,152,99985,352,99519,100,100006,252,99416,100,100015,100,99322,100,100038,100,99260,100,100042,100,99073,100
2019-06-28 09:51:10.000000000,99847,152,99811,152,99897,152,99740,152,99904,152,99722,152,99940,252,99709,152,99942,152,99653,152,99985,300,99519,100,100006,200,99416,100,100015,100,99322,100,100038,100,99260,100,100042,100,99073,100
2019-06-28 09:51:20.000000000,99847,164,99811,164,99897,164,99740,164,99904,164,99722,164,99940,264,99709,164,99942,100,99653,100,99985,300,99519,100,100006,200,99416,100,100015,100,99322,100,100038,100,99260,100,100042,100,99073,100
2019-06-28 09:51:30.000000000,99847,358,99811,358,99897,100,99740,100,99904,100,99722,100,99940,200,99709,100,99942,100,99653,100,99985,300,99519,100,100006,200,99416,100,100015,100,99322,100,100038,100,99260,100,100042,100,99073,100
2019-06-28 09:51:36.169690563,99847,358,99827,100,99904,100,99811,358,99940,200,99740,100,99942,100,99722,100,99985,300,99709,100,100006,200,99653,100,100015,100,99519,100,100038,100,99416,100,100042,100,99322,100,100067,100,99260,100
2019-06-28 09:51:40.000000000,99847,152,99827,152,99904,152,99811,152,99940,252,99740,152,99942,152,99722,152,99985,352,99709,152,100006,200,99653,100,100015,100,99519,100,100038,100,99416,100,100042,100,99322,100,100067,100,99260,100
2019-06-28 09:51:50.000000000,99847,152,99827,152,99904,152,99811,152,99940,252,99740,152,99942,152,99722,152,99985,352,99709,152,100006,200,99653,100,100015,100,99519,100,100038,100,99416,100,100042,100,99322,100,100067,100,99260,100
2019-06-28 09:52:00.000000000,99847,229,99827,229,99904,229,99811,229,99940,200,99740,100,99942,100,99722,100,99985,300,99709,100,100006,200,99653,100,100015,100,99519,100,100038,100,99416,100,100042,100,99322,100,100067,100,99260,100
2019-06-28 09:52:10.000000000,99847,164,99827,164,99904,164,99811,164,99940,264,99740,164,99942,164,99722,164,99985,300,99709,100,100006,200,99653,100,100015,100,99519,100,100038,100,99416,100,100042,100,99322,100,100067,100,99260,100
2019-06-28 09:52:16.237508812,99847,164,99827,164,99904,164,99811,164,99940,264,99740,164,99942,164,99722,164,99985,300,99709,100,100006,200,99653,100,100015,100,99519,100,100038,100,99416,100,100042,100,99322,100,100067,100,99260,100
2019-06-28 09:52:20.000000000,99847,358,99827,358,99904,100,99811,100,99940,200,99740,100,99942,100,99722,100,99985,300,99709,100,100006,200,99653,100,100015,100,99519,100,100038,100,99416,100,100042,100,99322,100,100067,100,99260,100
2019-06-28 09:52:30.000000000,99847,188,99827,188,99904,185,99811,185,99940,285,99740,185,99942,100,99722,100,99985,300,99709,100,100006,200,99653,100,100015,100,99519,100,100038,100,99416,100,100042,100,99322,100,100067,100,99260,100
2019-06-28 09:52:32.415137539,99847,188,99827,188,99904,185,99811,185,99940,285,99740,185,99942,100,99722,100,99985,300,99709,100,100006,200,99653,100,100015,100,99519,100,100038,100,99416,100,100042,100,99322,100,100072,100,99260,100
2019-06-28 09:52:34.070855314,99847,188,99827,188,99904,185,99811,185,99940,285,99740,185,99942,100,99722,100,99985,300,99709,100,100006,200,99653,100,100015,100,99519,100,100038,100,99416,100,100042,100,99322,100,100072,100,99260,100
2019-06-28 09:52:40.000000000,99847,164,99827,164,99904,164,99811,164,99940,264,99740,164,99942,164,99722,164,99985,300,99709,100,100006,200,99653,100,100015,100,99519,100,100038,100,99416,100,100042,100,99322,100,100072,100,99260,100
2019-06-28 09:52:50.000000000,99847,188,99827,188,99904,185,99811,185,99940,285,99740,185,99942,100,99722,100,99985,300,99709,100,100006,200,99653,100,100015,100,99519,100,100038,100,99416,100,100042,100,99322,100,100072,100,99260,100
2019-06-28 09:52:56.067290184,99847,88,99827,188,99904,185,99811,185,99940,285,99740,185,99942,100,99722,100,99985,300,99709,100,100006,200,99653,100,100015,100,99519,100,100038,100,99416,100,100042,100,99322,100,100072,100,99260,100
2019-06-28 09:53:00.000000000,99904,152,99827,152,99940,252,99811,152,99942,152,99740,152,99985,352,99722,152,100006,252,99709,152,100015,100,99653,100,100038,100,99519,100,100042,100,99416,100,100072,100,99322,100,100075,100,99260,100
2019-06-28 09:53:00.684688673,99904,152,99827,152,99940,252,99811,152,99942,152,99740,152,99985,352,99722,152,100006,252,99709,152,100015,100,99653,100,100038,100,99519,100,100042,100,99416,100,100072,100,99322,100,100075,100,99260,100
2019-06-28 09:53:02.733511047,99904,52,99827,152,99940,252,99811,152,99942,152,99740,152,99985,352,99722,152,100006,252,99709,152,100015,100,99653,100,100038,100,99416,100,100042,100,99322,100,100072,100,99260,100,100075,100,99073,100
2019-06-28 09:53:08.343675131,99904,52,99827,152,99940,252,99811,152,99942,152,99740,152,99985,352,99722,152,100006,252,99709,152,100015,100,99653,100,100038,100,99416,100,100042,100,99322,100,100072,100,99260,100,100075,100,99073,100
2019-06-28 09:53:10.000000000,99940,288,99827,188,99942,185,99811,185,99985,385,99740,185,100006,200,99722,100,100015,100,99709,100,100038,100,99653,100,100042,100,99416,100,100072,100,99322,100,100075,100,99260,100,100113,200,99073,100
2019-06-28 09:53:10.864786235,99940,288,99827,188,99942,185,99811,185,99985,285,99740,185,100006,200,99722,100,100015,100,99709,100,100038,100,99653,100,100042,100,99416,100,100072,100,99322,100,100075,100,99260,100,100113,200,99073,100
2019-06-28 09:53:18.624038416,99940,288,99827,188,99942,185,99811,185,99985,285,99740,185,100006,200,99722,100,100015,100,99709,100,100038,100,99653,100,100042,100,99416,100,100072,100,99322,100,100075,100,99260,100,100113,200,99073,100
2019-06-28 09:53:20.000000000,99940,329,99827,229,99942,229,99811,229,99985,200,99740,100,100006,200,99722,100,100015,100,99709,100,100038,100,99653,100,100042,100,99416,100,100072,100,99322,100,100075,100,99260,100,100113,200,99073,100
2019-06-28 09:53:30.000000000,99940,329,99827,229,99942,229,99811,229,99985,200,99740,100,100006,200,99722,100,100015,100,99709,100,100038,100,99653,100,100042,100,99416,100,100072,100,99322,100,100075,100,99260,100,100113,200,99073,100
2019-06-28 09:53:31.549853939,99940,329,99827,229,99942,229,99811,229,99985,200,99740,100,100006,200,99722,100,100015,100,99709,100,100038,100,99653,100,100042,100,99322,100,100072,100,99260,100,100075,100,99073,100,100113,200,98951,100
2019-06-28 09:53:40.000000000,99940,252,99827,152,99942,152,99811,152,99985,252,99740,152,100006,252,99722,152,100015,152,99709,152,100038,100,99653,100,100042,100,99322,100,100072,100,99260,100,100075,100,99073,100,100113,200,98951,100
2019-06-28 09:53:50.000000000,99940,264,99827,164,99942,164,99811,164,99985,264,99740,164,100006,264,99722,164,100015,100,99709,100,100038,100,99653,100,100042,100,99322,100,100072,100,99260,100,100075,100,99073,100,100113,200,98951,100
2019-06-28 09:54:00.000000000,99940,458,99827,358,99942,100,99811,100,99985,200,99740,100,100006,200,99722,100,100015,100,99709,100,100038,100,99653,100,100042,100,99322,100,100072,100,99260,100,100075,100,99073,100,100113,200,98951,100
2019-06-28 09:54:10.000000000,99940,288,99827,188,99942,185,99811,185,99985,285,99740,185,100006,200,99722,100,100015,100,99709,100,100038,100,99653,100,100042,100,99322,100,100072,100,99260,100,100075,100,99073,100,100113,200,98951,100
2019-06-28 09:54:16.292056277,99940,288,99827,188,99942,185,99811,185,99985,285,99740,185,100006,200,99722,100,100015,100,99709,100,100038,100,99653,100,100042,100,99322,100,100072,100,99260,100,100075,100,99073,100,100113,200,98951,100
2019-06-28 09:54:20.000000000,99940,329,99827,229,99942,229,99811,229,99985,200,99740,100,100006,200,99722,100,100015,100,99709,100,100038,100,99653,100,100042,100,99322,100,100072,100,99260,100,100075,100,99073,100,100113,200,98951,100
2019-06-28 09:54:30.000000000,99940,252,99827,152,99942,152,99811,152,99985,252,99740,152,100006,252,99722,152,100015,152,99709,152,100038,100,99653,100,100042,100,99322,100,100072,100,99260,100,100075,100,99073,100,100113,200,98951,100
2019-06-28 09:54:33.983432214,99940,152,99827,152,99942,152,99811,152,99985,252,99740,152,100006,252,99722,152,100015,152,99709,152,100038,100,99653,100,100042,100,99322,100,100072,100,99260,100,100075,100,99073,100,100113,200,98951,100
2019-06-28 09:54:40.000000000,99940,152,99827,152,99942,152,99811,152,99985,252,99740,152,100006,252,99722,152,100015,152,99709,152,100038,100,99653,100,100042,100,99322,100,100072,100,99260,100,100075,100,99073,100,100113,200,98951,100
2019-06-28 09:54:42.297602941,99940,52,99827,152,99942,152,99811,152,99985,252,99740,152,100006,252,99722,152,100015,152,99709,152,100038,100,99653,100,100042,100,99322,100,100072,100,99260,100,100075,100,99073,100,100113,200,98856,100
2019-06-28 09:54:50.000000000,99942,164,99827,164,99985,264,99811,164,100006,264,99740,164,100015,164,99722,164,100038,100,99709,100,100042,100,99653,100,100072,100,99322,100,100075,100,99260,100,100113,200,99073,100,100173,100,98856,100
2019-06-28 09:54:58.178665156,99942,164,99827,164,99985,264,99811,164,100006,264,99740,164,100015,164,99722,164,100038,100,99709,100,100042,100,99653,100,100072,100,99322,100,100075,100,99260,100,100113,200,99073,100,100160,100,98856,100
2019-06-28 09:55:00.000000000,99942,164,99827,164,99985,264,99811,164,100006,264,99740,164,100015,164,99722,164,100038,100,99709,100,100042,100,99653,100,100072,100,99322,100,100075,100,99260,100,100113,200,99073,100,100160,100,98856,100
2019-06-28 09:55:09.508722860,99942,64,99900,100,99985,264,99827,164,100006,264,99811,164,100015,164,99740,164,100038,100,99722,164,100042,100,99709,100,100072,100,99653,100,100075,100,99322,100,100113,200,99260,100,100160,100,99073,100
2019-06-28 09:55:10.000000000,99985,288,99900,188,100006,285,99827,185,100015,185,99811,185,100038,100,99740,100,100042,100,99722,100,100072,100,99709,100,100075,100,99653,100,100113,200,99322,100,100160,100,99260,100,100173,100,99073,100
2019-06-28 09:55:19.952477411,99985,288,99940,100,100006,285,99900,188,100015,185,99827,185,100038,100,99811,185,100042,100,99740,100,100072,100,99722,100,100075,100,99709,100,100113,200,99653,100,100160,100,99322,100,100173,100,99260,100
2019-06-28 09:55:20.000000000,99985,288,99940,188,100006,285,99900,185,100015,185,99827,185,100038,100,99811,100,100042,100,99740,100,100072,100,99722,100,100075,100,99709,100,100113,200,99653,100,100160,100,99322,100,100173,100,99260,100
2019-06-28 09:55:22.527668601,99985,288,99940,188,100006,185,99900,185,100015,185,99827,185,100038,100,99811,100,100042,100,99740,100,100072,100,99722,100,100075,100,99709,100,100113,200,99653,100,100160,100,99322,100,100173,100,99260,100
2019-06-28 09:55:30.000000000,99985,329,99940,229,100006,229,99900,229,100015,100,99827,100,100038,100,99811,100,100042,100,99740,100,100072,100,99722,100,100075,100,99709,100,100113,200,99653,100,100160,100,99322,100,100173,100,99260,100
2019-06-28 09:55:37.516590207,99985,229,99940,229,100006,229,99900,229,100015,100,99827,100,100038,100,99740,100,100042,100,99722,100,100072,100,99709,100,100075,100,99653,100,100113,200,99322,100,100160,100,99260,100,100173,100,99073,100
2019-06-28 09:55:38.566402877,99985,129,99941,100,100006,229,99940,229,100015,100,99900,229,100038,100,99827,100,100042,100,99740,100,100072,100,99722,100,100075,100,99709,100,100113,200,99653,100,100160,100,99322,100,100173,100,99260,100
2019-06-28 09:55:40.000000000,100006,229,99941,229,100015,229,99940,229,100038,100,99900,100,100042,100,99827,100,100072,100,99740,100,100075,100,99722,100,100113,200,99709,100,100160,100,99653,100,100173,100,99322,100,100219,100,99260,100
2019-06-28 09:55:50.000000000,100006,152,99941,152,100015,152,99940,152,100038,152,99900,152,100042,152,99827,152,100072,152,99740,152,100075,100,99722,100,100113,200,99709,100,100160,100,99653,100,100173,100,99322,100,100219,100,99260,100
2019-06-28 09:56:00.000000000,100006,164,99941,164,100015,164,99940,164,100038,164,99900,164,100042,164,99827,164,100072,100,99740,100,100075,100,99722,100,100113,200,99709,100,100160,100,99653,100,100173,100,99322,100,100219,100,99260,100
2019-06-28 09:56:01.073029037,100006,64,99941,164,100015,164,99940,164,100038,164,99900,164,100042,164,99827,164,100072,100,99740,100,100075,100,99722,100,100113,200,99653,100,100160,100,99322,100,100173,100,99260,100,100219,100,99073,100
2019-06-28 09:56:10.000000000,100015,188,99941,188,100038,185,99940,185,100042,185,99900,185,100072,100,99827,100,100075,100,99740,100,100113,200,99722,100,100160,100,99653,100,100173,100,99322,100,100219,100,99260,100,100345,100,99073,100
2019-06-28 09:56:20.000000000,100015,229,99941,229,100038,229,99940,229,100042,100,99900,100,100072,100,99827,100,100075,100,99740,100,100113,200,99722,100,100160,100,99653,100,100173,100,99322,100,100219,100,99260,100,100345,100,99073,100
2019-06-28 09:56:24.024830205,100015,129,99941,229,100038,229,99940,229,100042,100,99900,100,100072,100,99827,100,100075,100,99740,100,100113,200,99722,100,100160,100,99653,100,100173,100,99322,100,100219,100,99260,100,100345,100,99073,100
2019-06-28 09:56:25.742907481,100015,29,99941,229,100038,229,99940,229,100042,100,99900,100,100072,100,99827,100,100075,100,99740,100,100113,200,99722,100,100160,100,99653,100,100173,100,99322,100,100219,100,99260,100,100345,100,99073,100
2019-06-28 09:56:26.312425797,100015,29,99941,229,100038,229,99940,229,100042,100,99900,100,100072,100,99827,100,100075,100,99740,100,100113,200,99722,100,100160,100,99653,100,100173,100,99322,100,100219,100,99260,100,100224,100,99073,100
2019-06-28 09:56:30.000000000,100038,152,99941,152,100042,152,99940,152,100072,152,99900,152,100075,152,99827,152,100113,252,99740,152,100160,100,99722,100,100173,100,99653,100,100219,100,99322,100,100224,100,99260,100,100345,100,99073,100
2019-06-28 09:56:40.000000000,100038,164,99941,164,100042,164,99940,164,100072,164,99900,164,100075,164,99827,164,100113,200,99740,100,100160,100,99722,100,100173,100,99653,100,100219,100,99322,100,100224,100,99260,100,100345,100,99073,100
2019-06-28 09:56:49.842291278,100014,100,99941,164,100038,164,99940,64,100042,164,99900,164,100072,164,99827,164,100075,164,99740,100,100113,200,99722,100,100160,100,99653,100,100173,100,99322,100,100219,100,99260,100,100224,100,99073,100
2019-06-28 09:56:50.000000000,100014,164,99941,164,100038,164,99900,164,100042,164,99827,164,100072,164,99740,164,100075,100,99722,100,100113,200,99653,100,100160,100,99322,100,100173,100,99260,100,100219,100,99073,100,100224,100,98856,100
2019-06-28 09:57:00.000000000,100014,188,99941,188,100038,185,99900,185,100042,185,99827,185,100072,100,99740,100,100075,100,99722,100,100113,200,99653,100,100160,100,99322,100,100173,100,99260,100,100219,100,99073,100,100224,100,98856,100
2019-06-28 09:57:10.000000000,100014,164,99941,164,100038,164,99900,164,100042,164,99827,164,100072,164,99740,164,100075,100,99722,100,100113,200,99653,100,100160,100,99322,100,100173,100,99260,100,100219,100,99073,100,100224,100,98856,100
2019-06-28 09:57:20.000000000,100014,229,99941,229,100038,229,99900,229,100042,100,99827,100,100072,100,99740,100,100075,100,99722,100,100113,200,99653,100,100160,100,99322,100,100173,100,99260,100,100219,100,99073,100,100224,100,98856,100
2019-06-28 09:57:30.000000000,100014,152,99941,152,100038,152,99900,152,100042,152,99827,152,100072,152,99740,152,100075,152,99722,152,100113,200,99653,100,100160,100,99322,100,100173,100,99260,100,100219,100,99073,100,100224,100,98856,100
2019-06-28 09:57:31.640362987,100014,152,99941,152,100038,152,99900,152,100042,152,99827,152,100072,152,99777,100,100075,152,99740,152,100113,200,99722,152,100160,100,99653,100,100173,100,99322,100,100219,100,99260,100,100224,100,99073,100
2019-06-28 09:57:32.582166641,100014,252,99941,152,100038,152,99900,152,100042,152,99827,152,100072,152,99777,100,100075,152,99740,152,100113,200,99722,152,100160,100,99653,100,100173,100,99322,100,100219,100,99260,100,100224,100,99073,100
2019-06-28 09:57:39.763896144,100014,152,99941,152,100038,152,99900,152,100042,152,99827,52,100072,152,99777,100,100075,152,99740,152,100113,200,99722,152,100160,100,99653,100,100173,100,99322,100,100219,100,99260,100,100224,100,99073,100
2019-06-28 09:57:40.000000000,100014,188,99941,188,100038,185,99900,185,100042,185,99777,185,100072,100,99740,100,100075,100,99722,100,100113,200,99653,100,100160,100,99322,100,100173,100,99260,100,100219,100,99073,100,100224,100,98856,100
2019-06-28 09:57:50.000000000,100014,188,99941,188,100038,185,99900,185,100042,185,99777,185,100072,100,99740,100,100075,100,99722,100,100113,200,99653,100,100160,100,99322,100,100173,100,99260,100,100219,100,99073,100,100224,100,98856,100
2019-06-28 09:57:54.378222232,100014,188,99941,88,100038,185,99900,185,100042,185,99777,185,100072,100,99740,100,100075,100,99722,100,100113,200,99653,100,100160,100,99322,100,100173,100,99260,100,100219,100,99073,100,100224,100,98856,100
2019-06-28 09:58:00.000000000,100014,229,99900,229,100038,229,99777,229,100042,100,99740,100,100072,100,99722,100,100075,100,99653,100,100113,200,99322,100,100160,100,99260,100,100173,100,99073,100,100219,100,98856,100,100224,100,,
2019-06-28 09:58:03.730414695,100014,229,99900,229,100038,229,99777,229,100042,100,99740,100,100072,100,99722,100,100075,100,99653,100,100113,200,99507,100,100160,100,99322,100,100173,100,99260,100,100219,100,99073,100,100224,100,98856,100
2019-06-28 09:58:10.000000000,100014,164,99900,164,100038,164,99777,164,100042,164,99740,164,100072,164,99722,164,100075,100,99653,100,100113,200,99507,100,100160,100,99322,100,100173,100,99260,100,100219,100,99073,100,100224,100,98856,100
2019-06-28 09:58:15.785774664,100014,164,99900,64,100038,164,99777,164,100042,164,99740,164,100072,164,99722,164,100075,100,99653,100,100113,200,99507,100,100160,100,99322,100,100173,100,99260,100,100219,100,99073,100,100224,100,98856,100
2019-06-28 09:58:19.710028291,100014,164,99900,64,100038,164,99777,164,100042,164,99740,164,100072,164,99722,164,100075,100,99650,100,100113,200,99507,100,100160,100,99322,100,100173,100,99260,100,100219,100,99073,100,100224,100,98856,100
2019-06-28 09:58:20.000000000,100014,229,99777,229,100038,229,99740,229,100042,100,99722,100,100072,100,99650,100,100075,100,99507,100,100113,200,99322,100,100160,100,99260,100,100173,100,99073,100,100219,100,98856,100,100224,100,,
2019-06-28 09:58:23.935343156,100014,229,99777,129,100038,229,99740,229,100042,100,99722,100,100072,100,99650,100,100075,100,99507,100,100113,200,99322,100,100160,100,99260,100,100173,100,99073,100,100219,100,98856,100,100224,100,,
2019-06-28 09:58:30.000000000,100014,164,99740,164,100038,164,99722,164,100042,164,99650,164,100072,164,99507,164,100075,100,99322,100,100113,200,99260,100,100160,100,99073,100,100173,100,98856,100,100219,100,,,100224,100,,
2019-06-28 09:58:40.000000000,100014,152,99740,152,100038,152,99722,152,100042,152,99650,152,100072,152,99507,152,100075,152,99322,152,100113,200,99260,100,100160,100,99073,100,100173,100,98856,100,100219,100,,,100224,100,,
2019-06-28 09:58:48.860667498,99898,100,99740,152,100014,152,99722,152,100038,152,99650,152,100042,152,99507,152,100072,152,99322,152,100075,152,99260,100,100113,200,99073,100,100160,100,98856,100,100173,100,,,100219,100,,
2019-06-28 09:58:50.000000000,99898,358,99740,358,100014,100,99722,100,100038,100,99650,100,100042,100,99507,100,100072,100,99322,100,100075,100,99260,100,100113,200,99073,100,100160,100,98856,100,100173,100,,,100219,100,,
2019-06-28 09:59:00.000000000,99898,164,99740,164,100014,164,99722,164,100038,164,99650,164,100042,164,99507,164,100072,100,99322,100,100075,100,99260,100,100113,200,99073,100,100160,100,98856,100,100173,100,,,100219,100,,
2019-06-28 09:59:02.136175971,99898,164,99740,164,100014,164,99722,164,100038,164,99650,164,100042,164,99507,164,100072,100,99322,100,100075,100,99260,100,100113,200,99188,100,100160,100,99073,100,100173,100,98856,100,100219,100,,
2019-06-28 09:59:09.189791732,99898,164,99740,164,99900,100,99722,164,100014,164,99650,164,100038,164,99507,164,100042,164,99322,100,100072,100,99260,100,100075,100,99188,100,100113,200,99073,100,100160,100,98856,100,100173,100,,
2019-06-28 09:59:10.000000000,99898,188,99740,188,99900,185,99722,185,100014,185,99650,185,100038,100,99507,100,100042,100,99322,100,100072,100,99260,100,100075,100,99188,100,100113,200,99073,100,100160,100,98856,100,100173,100,,
2019-06-28 09:59:20.000000000,99898,229,99740,229,99900,229,99722,229,100014,100,99650,100,100038,100,99507,100,100042,100,99322,100,100072,100,99260,100,100075,100,99188,100,100113,200,99073,100,100160,100,98856,100,100173,100,,
2019-06-28 09:59:30.000000000,99898,229,99740,229,99900,229,99722,229,100014,100,99650,100,100038,100,99507,100,100042,100,99322,100,100072,100,99260,100,100075,100,99188,100,100113,200,99073,100,100160,100,98856,100,100173,100,,
2019-06-28 09:59:34.223337026,99898,229,99740,229,99900,229,99722,229,100014,100,99650,100,100038,100,99507,100,100042,100,99322,100,100072,100,99260,100,100075,100,99188,100,100113,200,99073,100,100160,100,98980,100,100173,100,98856,100
2019-06-28 09:59:36.324754531,99898,229,99740,129,99900,229,99722,229,100014,100,99650,100,100038,100,99507,100,100042,100,99322,100,100072,100,99188,100,100075,100,99073,100,100113,200,98980,100,100160,100,98856,100,100173,100,,
2019-06-28 09:59:37.523630965,99777,100,99740,129,99898,229,99722,229,99900,229,99650,100,100014,100,99507,100,100038,100,99322,100,100042,100,99188,100,100072,100,99073,100,100075,100,98980,100,100113,200,98856,100,100160,100,,
2019-06-28 09:59:40.000000000,99777,358,99722,358,99898,100,99650,100,99900,100,99507,100,100014,100,99322,100,100038,100,99188,100,100042,100,99073,100,100072,100,98980,100,100075,100,98856,100,100113,200,,,100160,100,,
2019-06-28 09:59:50.000000000,99777,152,99722,152,99898,152,99650,152,99900,152,99507,152,100014,152,99322,152,100038,152,99188,152,100042,100,99073,100,100072,100,98980,100,100075,100,98856,100,100113,200,,,100160,100,,
2019-06-28 09:59:56.363849276,99777,152,99722,152,99898,152,99650,152,99900,152,99507,152,100014,152,99322,152,100038,152,99188,152,100042,100,99073,100,100072,100,98987,100,100075,100,98980,100,100113,200,98856,100,100160,100,,
2019-06-28 09:59:57.434662063,99777,152,99722,52,99898,152,99650,152,99900,152,99507,152,100014,152,99322,152,100038,152,99188,152,100042,100,99073,100,100072,100,98987,100,100075,100,98980,100,100113,200,98856,100,100160,100,,
2019-06-28 10:00:00.000000000,99777,164,99650,164,99898,164,99507,164,99900,164,99322,164,100014,164,99188,164,100038,100,99073,100,100042,100,98987,100,100072,100,98980,100,100075,100,98856,100,100113,200,,,100160,100,,
2019-06-28 10:00:04.168690126,99777,164,99650,164,99898,164,99507,64,99900,164,99322,164,100014,164,99188,164,100038,100,99073,100,100042,100,98987,100,100072,100,98980,100,100075,100,98856,100,100113,200,98668,100,100160,100,,
2019-06-28 10:00:06.386600636,99777,164,99650,64,99898,164,99507,64,99900,164,99322,164,100014,164,99188,164,100038,100,99073,100,100042,100,98987,100,100072,100,98980,100,100075,100,98856,100,100113,200,98668,100,100160,100,,
2019-06-28 10:00:10.000000000,99777,164,99322,164,99898,164,99188,164,99900,164,99073,164,100014,164,98987,164,100038,100,98980,100,100042,100,98856,100,100072,100,98668,100,100075,100,,,100113,200,,,100160,100,,
2019-06-28 10:00:20.000000000,99777,358,99322,358,99898,100,99188,100,99900,100,99073,100,100014,100,98987,100,100038,100,98980,100,100042,100,98856,100,100072,100,98668,100,100075,100,,,100113,200,,,100160,100,,
2019-06-28 10:00:30.000000000,99777,229,99322,229,99898,229,99188,229,99900,100,99073,100,100014,100,98987,100,100038,100,98980,100,100042,100,98856,100,100072,100,98668,100,100075,100,,,100113,200,,,100160,100,,
2019-06-28 10:00:40.000000000,99777,188,99322,188,99898,185,99188,185,99900,185,99073,185,100014,100,98987,100,100038,100,98980,100,100042,100,98856,100,100072,100,98668,100,100075,100,,,100113,200,,,100160,100,,
2019-06-28 10:00:43.881894398,99777,188,99322,188,99898,185,99188,185,99900,185,99073,185,100014,100,98987,100,100038,100,98980,100,100042,100,98878,100,100072,100,98856,100,100075,100,98668,100,100113,200,,,100160,100,,
2019-06-28 10:00:50.000000000,99777,358,99322,358,99898,100,99188,100,99900,100,99073,100,100014,100,98987,100,100038,100,98980,100,100042,100,98878,100,100072,100,98856,100,100075,100,98668,100,100113,200,,,100160,100,,
2019-06-28 10:01:00.000000000,99777,229,99322,229,99898,229,99188,229,99900,100,99073,100,100014,100,98987,100,100038,100,98980,100,100042,100,98878,100,100072,100,98856,100,100075,100,98668,100,100113,200,,,100160,100,,
2019-06-28 10:01:10.000000000,99777,164,99322,164,99898,164,99188,164,99900,164,99073,164,100014,164,98987,164,100038,100,98980,100,100042,100,98878,100,100072,100,98856,100,100075,100,98668,100,100113,200,,,100160,100,,
2019-06-28 10:01:20.000000000,99777,358,99322,358,99898,100,99188,100,99900,100,99073,100,100014,100,98987,100,100038,100,98980,100,100042,100,98878,100,100072,100,98856,100,100075,100,98668,100,100113,200,,,100160,100,,
2019-06-28 10:01:30.000000000,99777,358,99322,358,99898,100,99188,100,99900,100,99073,100,100014,100,98987,100,100038,100,98980,100,100042,100,98878,100,100072,100,98856,100,100075,100,98668,100,100113,200,,,100160,100,,
2019-06-28 10:01:40.000000000,99777,188,99322,188,99898,185,99188,185,99900,185,99073,185,100014,100,98987,100,100038,100,98980,100,100042,100,98878,100,100072,100,98856,100,100075,100,98668,100,100113,200,,,100160,100,,
2019-06-28 10:01:49.370751861,99722,100,99322,188,99777,188,99188,185,99898,185,99073,185,99900,185,98987,100,100014,100,98980,100,100038,100,98878,100,100042,100,98856,100,100072,100,98668,100,100075,100,,,100113,200,,
2019-06-28 10:01:50.000000000,99722,358,99322,358,99777,100,99188,100,99898,100,99073,100,99900,100,98987,100,100014,100,98980,100,100038,100,98878,100,100042,100,98856,100,100072,100,98668,100,100075,100,,,100113,200,,
2019-06-28 10:02:00.000000000,99722,188,99322,188,99777,185,99188,185,99898,185,99073,185,99900,100,98987,100,100014,100,98980,100,100038,100,98878,100,100042,100,98856,100,100072,100,98668,100,100075,100,,,100113,200,,
2019-06-28 10:02:00.877112770,99722,288,99322,188,99777,185,99188,185,99898,185,99073,185,99900,100,98987,100,100014,100,98980,100,100038,100,98878,100,100042,100,98856,100,100072,100,98668,100,100075,100,,,100113,200,,
2019-06-28 10:02:10.000000000,99722,288,99322,188,99777,185,99188,185,99898,185,99073,185,99900,100,98987,100,100014,100,98980,100,100038,100,98878,100,100042,100,98856,100,100072,100,98668,100,100075,100,,,100113,200,,
2019-06-28 10:02:16.866850767,99722,388,99322,188,99777,185,99188,185,99898,185,99073,185,99900,100,98987,100,100014,100,98980,100,100038,100,98878,100,100042,100,98856,100,100072,100,98668,100,100075,100,,,100113,200,,
2019-06-28 10:02:20.000000000,99722,364,99322,164,99777,164,99188,164,99898,164,99073,164,99900,164,98987,164,100014,100,98980,100,100038,100,98878,100,100042,100,98856,100,100072,100,98668,100,100075,100,,,100113,200,,
2019-06-28 10:02:30.000000000,99722,388,99322,188,99777,185,99188,185,99898,185,99073,185,99900,100,98987,100,100014,100,98980,100,100038,100,98878,100,100042,100,98856,100,100072,100,98668,100,100075,100,,,100113,200,,
2019-06-28 10:02:32.448851300,99722,488,99322,188,99777,185,99188,185,99898,185,99073,185,99900,100,98987,100,100014,100,98980,100,100038,100,98878,100,100042,100,98856,100,100072,100,98668,100,100075,100,,,100113,200,,
2019-06-28 10:02:34.782830344,99722,488,99322,188,99777,185,99188,185,99898,185,99073,185,99900,100,98987,100,100014,100,98980,100,100038,100,98878,100,100042,100,98856,100,100072,100,98668,100,100075,100,98086,100,100113,200,,
2019-06-28 10:02:34.880267406,99722,488,99322,188,99777,185,99188,185,99898,185,99073,185,99900,100,98987,100,100014,100,98980,100,100038,100,98878,100,100042,100,98856,100,100072,100,98668,100,100075,100,98086,100,100113,200,,
2019-06-28 10:02:39.966458249,99722,488,99322,188,99777,185,99188,185,99898,185,99073,185,99900,100,98987,100,100014,100,98980,100,100038,100,98878,100,100042,100,98856,100,100072,100,98668,100,100075,100,98086,100,100113,200,97885,100
2019-06-28 10:02:40.000000000,99722,658,99322,358,99777,100,99188,100,99898,100,99073,100,99900,100,98987,100,100014,100,98980,100,100038,100,98878,100,100042,100,98856,100,100072,100,98668,100,100075,100,98086,100,100113,200,97885,100
2019-06-28 10:02:40.136750781,99722,658,99322,358,99777,100,99188,100,99898,100,99073,100,99900,100,98987,100,100014,100,98980,100,100038,100,98878,100,100042,100,98856,100,100072,100,98668,100,100075,100,98086,100,100113,200,97979,100
2019-06-28 10:02:43.129101265,99722,658,99322,358,99777,100,99188,100,99898,100,99073,100,99900,100,98987,100,100014,100,98980,100,100042,100,98878,100,100072,100,98856,100,100075,100,98668,100,100113,200,98086,100,100160,100,98062,100
2019-06-28 10:02:50.000000000,99722,452,99322,152,99777,152,99188,152,99898,152,99073,152,99900,152,98987,152,100014,152,98980,152,100042,100,98878,100,100072,100,98856,100,100075,100,98668,100,100113,200,98086,100,100160,100,98062,100
2019-06-28 10:02:54.251385800,99722,452,99322,52,99777,152,99188,152,99898,52,99073,152,99900,152,98987,152,100014,152,98980,152,100042,100,98878,100,100072,100,98856,100,100075,100,98668,100,100113,200,98086,100,100160,100,98062,100
2019-06-28 10:03:00.000000000,99722,529,99188,229,99777,229,99073,229,99900,100,98987,100,100014,100,98980,100,100042,100,98878,100,100072,100,98856,100,100075,100,98668,100,100113,200,98086,100,100160,100,98062,100,100173,100,97979,100
2019-06-28 10:03:10.000000000,99722,529,99188,229,99777,229,99073,229,99900,100,98987,100,100014,100,98980,100,100042,100,98878,100,100072,100,98856,100,100075,100,98668,100,100113,200,98086,100,100160,100,98062,100,100173,100,97979,100
2019-06-28 10:03:16.795354731,99722,529,99188,229,99777,229,99073,229,99900,100,98987,100,100014,100,98980,100,100042,100,98878,100,100072,100,98856,100,100075,100,98668,100,100113,200,98086,100,100160,100,98062,100,100173,100,97986,100
2019-06-28 10:03:20.000000000,99722,464,99188,164,99777,164,99073,164,99900,164,98987,164,100014,164,98980,164,100042,100,98878,100,100072,100,98856,100,100075,100,98668,100,100113,200,98086,100,100160,100,98062,100,100173,100,97986,100
2019-06-28 10:03:26.780869219,99722,464,99188,64,99777,164,99073,164,99900,164,98987,164,100014,164,98980,164,100042,100,98878,100,100072,100,98856,100,100075,100,98668,100,100113,200,98086,100,100160,100,98062,100,100173,100,97986,100
2019-06-28 10:03:30.000000000,99722,658,99073,358,99777,100,98987,100,99900,100,98980,100,100014,100,98878,100,100042,100,98856,100,100072,100,98668,100,100075,100,98086,100,100113,200,98062,100,100160,100,97986,100,100173,100,97979,100
2019-06-28 10:03:40.000000000,99722,488,99073,188,99777,185,98987,185,99900,185,98980,185,100014,100,98878,100,100042,100,98856,100,100072,100,98668,100,100075,100,98086,100,100113,200,98062,100,100160,100,97986,100,100173,100,97979,100
2019-06-28 10:03:50.000000000,99722,658,99073,358,99777,100,98987,100,99900,100,98980,100,100014,100,98878,100,100042,100,98856,100,100072,100,98668,100,100075,100,98086,100,100113,200,98062,100,100160,100,97986,100,100173,100,97979,100
2019-06-28 10:04:00.000000000,99722,529,99073,229,99777,229,98987,229,99900,100,98980,100,100014,100,98878,100,100042,100,98856,100,100072,100,98668,100,100075,100,98086,100,100113,200,98062,100,100160,100,97986,100,100173,100,97979,100
2019-06-28 10:04:00.153749667,99322,100,99073,229,99722,529,98987,229,99777,229,98980,100,99900,100,98878,100,100014,100,98856,100,100042,100,98668,100,100072,100,98086,100,100075,100,98062,100,100113,200,97986,100,100160,100,97979,100
2019-06-28 10:04:05.570397919,99322,100,99073,229,99722,529,98987,229,99777,229,98980,100,99900,100,98878,100,100014,100,98856,100,100042,100,98668,100,100072,100,98086,100,100075,100,98062,100,100113,200,98002,100,100160,100,97986,100
2019-06-28 10:04:10.000000000,99322,229,99073,229,99722,529,98987,229,99777,100,98980,100,99900,100,98878,100,100014,100,98856,100,100042,100,98668,100,100072,100,98086,100,100075,100,98062,100,100113,200,98002,100,100160,100,97986,100
2019-06-28 10:04:20.000000000,99322,164,99073,164,99722,464,98987,164,99777,164,98980,164,99900,164,98878,164,100014,100,98856,100,100042,100,98668,100,100072,100,98086,100,100075,100,98062,100,100113,200,98002,100,100160,100,97986,100
2019-06-28 10:04:30.000000000,99322,358,99073,358,99722,400,98987,100,99777,100,98980,100,99900,100,98878,100,100014,100,98856,100,100042,100,98668,100,100072,100,98086,100,100075,100,98062,100,100113,200,98002,100,100160,100,97986,100
2019-06-28 10:04:31.005221843,99322,358,99073,258,99722,400,98987,100,99777,100,98980,100,99900,100,98878,100,100014,100,98856,100,100072,100,98668,100,100075,100,98086,100,100113,200,98062,100,100160,100,98002,100,100173,100,97986,100
2019-06-28 10:04:40.000000000,99322,152,98987,152,99722,452,98980,152,99777,152,98878,152,99900,152,98856,152,100014,152,98668,152,100072,100,98086,100,100075,100,98062,100,100113,200,98002,100,100160,100,97986,100,100173,100,97979,100
2019-06-28 10:04:41.371764344,99322,152,98987,52,99722,452,98980,152,99777,152,98878,152,99900,152,98856,152,100014,152,98668,152,100072,100,98086,100,100075,100,98062,100,100113,200,98002,100,100160,100,97986,100,100173,100,97979,100
2019-06-28 10:04:50.000000000,99322,358,98980,358,99722,400,98878,100,99777,100,98856,100,99900,100,98668,100,100014,100,98086,100,100072,100,98062,100,100075,100,98002,100,100113,200,97986,100,100160,100,97979,100,100173,100,97885,100
2019-06-28 10:04:53.888626220,99322,358,98980,258,99722,400,98878,100,99777,100,98856,100,99900,100,98668,100,100014,100,98086,100,100072,100,98062,100,100075,100,98002,100,100113,200,97986,100,100160,100,97885,100,100173,100,,
2019-06-28 10:05:00.000000000,99322,152,98878,152,99722,452,98856,152,99777,152,98668,152,99900,152,98086,152,100014,152,98062,152,100072,100,98002,100,100075,100,97986,100,100113,200,97885,100,100160,100,,,100173,100,,
2019-06-28 10:05:07.224846470,99322,152,98878,152,99722,452,98856,152,99777,152,98668,152,99900,152,98210,100,100014,152,98086,152,100072,100,98062,152,100075,100,98002,100,100113,200,97986,100,100160,100,97885,100,100173,100,,
2019-06-28 10:05:10.000000000,99322,229,98878,229,99722,529,98856,229,99777,100,98668,100,99900,100,98210,100,100014,100,98086,100,100072,100,98062,100,100075,100,98002,100,100113,200,97986,100,100160,100,97885,100,100173,100,,
2019-06-28 10:05:20.000000000,99322,188,98878,188,99722,485,98856,185,99777,185,98668,185,99900,100,98210,100,100014,100,98086,100,100072,100,98062,100,100075,100,98002,100,100113,200,97986,100,100160,100,97885,100,100173,100,,
2019-06-28 10:05:30.000000000,99322,164,98878,164,99722,464,98856,164,99777,164,98668,164,99900,164,98210,164,100014,100,98086,100,100072,100,98062,100,100075,100,98002,100,100113,200,97986,100,100160,100,97885,100,100173,100,,
2019-06-28 10:05:40.000000000,99322,229,98878,229,99722,529,98856,229,99777,100,98668,100,99900,100,98210,100,100014,100,98086,100,100072,100,98062,100,100075,100,98002,100,100113,200,97986,100,100160,100,97885,100,100173,100,,
2019-06-28 10:05:42.667405700,98987,100,98878,229,99322,229,98856,229,99722,529,98668,100,99777,100,98210,100,99900,100,98086,100,100014,100,98062,100,100072,100,98002,100,100075,100,97986,100,100113,200,97885,100,100160,100,,
2019-06-28 10:05:45.451318032,98987,100,98878,129,99322,229,98856,229,99722,529,98668,100,99777,100,98210,100,99900,100,98086,100,100014,100,98062,100,100072,100,98002,100,100075,100,97986,100,100113,200,97885,100,100160,100,,
2019-06-28 10:05:46.522983291,98987,100,98878,129,99322,229,98856,229,99722,529,98668,100,99777,100,98210,100,99900,100,98086,100,100014,100,98062,100,100072,100,98002,100,100075,100,97986,100,100113,200,97885,100,100160,100,97631,100
2019-06-28 10:05:50.000000000,98987,358,98856,358,99322,100,98668,100,99722,400,98210,100,99777,100,98086,100,99900,100,98062,100,100014,100,98002,100,100072,100,97986,100,100075,100,97885,100,100113,200,97631,100,100160,100,,
2019-06-28 10:05:53.670201892,98980,100,98856,358,98987,358,98668,100,99322,100,98210,100,99722,400,98086,100,99777,100,98062,100,99900,100,98002,100,100014,100,97986,100,100072,100,97885,100,100075,100,97631,100,100113,200,,
2019-06-28 10:06:00.000000000,98980,164,98856,164,98987,164,98668,164,99322,164,98210,164,99722,464,98086,164,99777,100,98062,100,99900,100,98002,100,100014,100,97986,100,100072,100,97885,100,100075,100,97631,100,100113,200,,
2019-06-28 10:06:10.000000000,98980,229,98856,229,98987,229,98668,229,99322,100,98210,100,99722,400,98086,100,99777,100,98062,100,99900,100,98002,100,100014,100,97986,100,100072,100,97885,100,100075,100,97631,100,100113,200,,
