,ask_price_1,ask_size_1,bid_price_1,bid_size_1,ask_price_2,ask_size_2,bid_price_2,bid_size_2,ask_price_3,ask_size_3,bid_price_3,bid_size_3,ask_price_4,ask_size_4,bid_price_4,bid_size_4,ask_price_5,ask_size_5,bid_price_5,bid_size_5,ask_price_6,ask_size_6,bid_price_6,bid_size_6,ask_price_7,ask_size_7,bid_price_7,bid_size_7,ask_price_8,ask_size_8,bid_price_8,bid_size_8,ask_price_9,ask_size_9,bid_price_9,bid_size_9,ask_price_10,ask_size_10,bid_price_10,bid_size_10
2019-06-28 09:30:00.000000001,,,99969,200,,,,,,,,,,,,,,,,,,,,,,,,,,,,,,,,,,,,
2019-06-28 09:30:00.000000003,100153,100,99969,200,,,,,,,,,,,,,,,,,,,,,,,,,,,,,,,,,,,,
2019-06-28 09:30:00.000000008,100153,100,99969,100,,,,,,,,,,,,,,,,,,,,,,,,,,,,,,,,,,,,
2019-06-28 09:30:00.000000012,100099,100,99969,100,100153,100,,,,,,,,,,,,,,,,,,,,,,,,,,,,,,,,,,
2019-06-28 09:30:00.000000015,100099,100,99970,100,100153,100,99969,100,,,,,,,,,,,,,,,,,,,,,,,,,,,,,,,,
2019-06-28 09:30:00.000000018,99975,100,99970,100,100099,100,99969,100,100153,100,,,,,,,,,,,,,,,,,,,,,,,,,,,,,,
2019-06-28 09:30:00.000000019,99975,100,99970,100,100099,100,99969,100,100153,100,99924,100,,,,,,,,,,,,,,,,,,,,,,,,,,,,
2019-06-28 09:30:00.000000022,99975,100,99970,100,100099,100,99969,100,100143,100,99924,100,100153,100,,,,,,,,,,,,,,,,,,,,,,,,,,
2019-06-28 09:30:00.000000026,99975,100,99970,100,100009,100,99969,100,100036,100,99924,100,100099,100,99865,100,100104,100,,,100143,100,,,100153,100,,,,,,,,,,,,,,
2019-06-28 09:30:00.000000027,100009,100,99970,100,100036,100,99969,100,100099,100,99924,100,100104,100,99865,100,100143,100,,,100153,100,,,,,,,,,,,,,,,,,,
2019-06-28 09:30:00.000000028,100009,100,99970,100,100036,100,99969,100,100099,100,99924,100,100104,100,99865,100,100143,100,99845,100,100153,100,,,,,,,,,,,,,,,,,,
2019-06-28 09:30:00.000000031,100009,100,99970,100,100036,100,99969,100,100099,100,99924,100,100104,100,99865,100,100113,100,99845,100,100143,100,,,100153,100,,,,,,,,,,,,,,
2019-06-28 09:30:00.000000032,100009,100,99970,100,100022,100,99969,100,100036,100,99924,100,100099,100,99865,100,100104,100,99845,100,100113,100,99803,100,100143,100,,,100153,100,,,,,,,,,,
2019-06-28 09:30:00.000000034,100009,100,99970,100,100022,100,99969,100,100036,100,99924,100,100053,100,99865,100,100099,100,99845,100,100104,100,99803,100,100113,100,,,100143,100,,,100153,100,,,,,,
2019-06-28 09:30:00.000000035,100009,100,99971,100,100022,100,99970,100,100036,100,99969,100,100053,100,99924,100,100099,100,99906,100,100104,100,99865,100,100113,100,99845,100,100143,100,99803,100,100153,100,,,,,,
2019-06-28 09:30:00.000000038,100009,100,99971,100,100022,100,99970,100,100036,100,99969,100,100053,100,99924,100,100099,100,99906,100,100104,100,99865,100,100113,100,99845,100,100119,100,99803,100,100143,100,,,100153,100,,
2019-06-28 09:30:00.000000039,100009,100,99981,100,100022,100,99971,200,100036,100,99970,100,100053,100,99969,100,100099,100,99924,100,100104,100,99906,100,100113,100,99865,100,100119,100,99845,100,100143,100,99803,100,100153,100,,
2019-06-28 09:30:00.000000040,100009,100,99981,100,100022,100,99971,200,100036,100,99970,100,100053,100,99969,100,100066,100,99924,100,100099,100,99906,100,100104,100,99865,100,100113,100,99845,100,100119,100,99803,100,100143,100,,
2019-06-28 09:30:00.000000043,100009,100,99981,100,100022,100,99971,300,100036,100,99970,100,100053,100,99969,100,100066,100,99924,100,100099,100,99906,100,100104,100,99865,100,100113,100,99845,100,100119,100,99803,100,100143,100,,
2019-06-28 09:30:00.000000052,100009,100,99981,100,100022,100,99971,300,100036,100,99970,100,100053,100,99969,100,100066,100,99924,100,100098,100,99906,100,100099,100,99865,100,100104,100,99845,100,100113,100,99803,100,100119,100,,
2019-06-28 09:30:00.000000055,100009,100,99981,100,100022,100,99971,300,100036,100,99970,100,100053,100,99969,100,100066,100,99924,100,100098,100,99910,100,100099,100,99906,100,100104,100,99865,100,100113,100,99845,100,100119,100,99803,100
2019-06-28 09:30:00.000000056,100009,100,99971,300,100022,100,99970,100,100036,100,99969,100,100053,100,99924,100,100066,100,99914,100,100098,100,99910,100,100099,100,99906,100,100104,100,99865,100,100113,100,99845,100,100119,100,99803,100
2019-06-28 09:30:00.000000057,99981,100,99971,300,100009,100,99970,100,100022,100,99969,100,100036,100,99924,100,100053,100,99914,100,100066,100,99910,100,100098,100,99906,100,100099,100,99865,100,100104,100,99845,100,100113,100,99803,100
2019-06-28 09:30:00.000000058,99981,100,99971,300,100009,100,99970,100,100022,100,99969,100,100036,100,99924,100,100053,100,99914,100,100066,100,99910,100,100098,100,99908,100,100099,100,99906,100,100104,100,99865,100,100113,100,99845,100
2019-06-28 09:30:00.000000063,99981,100,99971,300,100009,100,99970,100,100013,100,99969,100,100022,100,99924,100,100036,100,99914,100,100053,100,99910,100,100066,100,99908,100,100098,100,99906,100,100099,100,99865,100,100104,100,99845,100
2019-06-28 09:30:00.000000065,99981,100,99971,300,100009,100,99970,100,100013,100,99969,100,100022,100,99924,100,100036,100,99914,100,100053,100,99910,100,100066,100,99908,100,100098,100,99906,100,100099,100,99865,100,100104,100,99845,100
2019-06-28 09:30:00.000000066,99981,100,99975,100,100009,100,99971,300,100013,100,99970,100,100022,100,99969,100,100036,100,99924,100,100053,100,99914,100,100066,100,99910,100,100098,100,99908,100,100099,100,99906,100,100104,100,99865,100
2019-06-28 09:30:00.000000068,99981,100,99975,100,100009,100,99971,300,100013,100,99970,100,100022,100,99969,100,100036,100,99924,100,100053,100,99914,100,100063,100,99910,100,100066,100,99908,100,100098,100,99907,100,100099,100,99906,100
2019-06-28 09:30:00.000000074,99981,100,99975,100,100009,100,99971,300,100013,100,99970,100,100022,100,99969,100,100036,100,99924,100,100053,100,99914,100,100063,100,99910,100,100066,100,99908,100,100098,100,99907,100,100099,100,99906,100
2019-06-28 09:30:00.000000078,99981,100,99975,100,100009,100,99971,300,100013,100,99970,100,100022,100,99969,100,100036,100,99924,100,100050,100,99914,100,100053,100,99910,100,100063,100,99908,100,100066,100,99907,100,100098,100,99906,100
2019-06-28 09:30:00.000000080,99981,100,99975,100,100009,100,99971,300,100013,100,99970,100,100022,100,99969,100,100036,100,99948,100,100050,100,99924,100,100053,100,99914,100,100063,100,99910,100,100066,100,99908,100,100098,100,99907,100
2019-06-28 09:30:00.000000081,99981,100,99971,200,100009,100,99970,100,100013,100,99969,100,100022,100,99952,100,100036,100,99948,100,100050,100,99924,100,100053,100,99914,100,100063,100,99910,100,100066,100,99908,100,100098,100,99907,100
2019-06-28 09:30:00.000000082,99981,100,99971,200,100009,100,99970,100,100013,100,99969,100,100022,100,99952,100,100036,100,99948,100,100050,100,99938,100,100053,100,99924,100,100063,100,99914,100,100066,100,99910,100,100098,100,99908,100
2019-06-28 09:30:00.000000083,99981,100,99971,200,100009,100,99970,100,100013,100,99969,100,100022,100,99960,100,100036,100,99952,100,100050,100,99948,100,100053,200,99938,100,100063,100,99924,100,100066,100,99914,100,100098,100,99910,100
2019-06-28 09:30:00.000000086,100009,100,99971,200,100013,100,99970,100,100022,100,99969,100,100036,100,99960,100,100050,100,99952,100,100053,200,99948,100,100063,100,99938,100,100066,200,99924,100,100098,100,99914,100,100099,100,99910,100
2019-06-28 09:30:00.000000087,100009,100,99973,100,100013,100,99971,200,100022,100,99970,100,100036,100,99969,100,100050,100,99960,100,100053,200,99952,100,100063,100,99948,100,100066,200,99938,200,100098,100,99924,100,100099,100,99914,100
2019-06-28 09:30:00.000000088,100013,100,99971,200,100022,100,99970,100,100036,100,99969,100,100050,100,99960,100,100053,200,99952,100,100063,100,99948,100,100066,200,99938,200,100098,100,99924,100,100099,100,99914,100,100101,100,99910,100
2019-06-28 09:30:00.000000089,100013,100,99993,100,100022,100,99971,200,100036,100,99970,100,100050,100,99969,100,100053,200,99960,100,100063,100,99952,100,100066,200,99948,100,100098,100,99938,200,100099,100,99924,100,100101,100,99914,100
2019-06-28 09:30:00.000000090,100013,100,99971,200,100022,100,99970,100,100036,100,99969,100,100050,100,99960,100,100053,200,99952,100,100063,100,99948,100,100066,200,99938,200,100098,100,99924,100,100099,100,99914,100,100101,100,99910,100
2019-06-28 09:30:00.000000091,100013,100,99971,200,100022,100,99970,100,100036,100,99969,100,100050,100,99960,100,100053,200,99952,100,100063,100,99948,100,100066,200,99938,200,100098,100,99924,100,100099,100,99914,100,100101,100,99910,100
2019-06-28 09:30:00.000000092,99993,100,99971,200,100013,100,99970,100,100022,100,99969,100,100036,100,99960,100,100050,100,99952,100,100053,200,99948,100,100063,100,99938,200,100066,200,99924,100,100098,100,99914,100,100099,100,99910,100
2019-06-28 09:30:00.000000093,99993,100,99971,200,100013,100,99970,100,100022,100,99969,100,100036,100,99960,100,100050,100,99952,100,100053,200,99948,100,100063,100,99938,200,100066,200,99924,100,100097,100,99914,100,100098,100,99910,100
2019-06-28 09:30:00.000000095,99993,100,99971,200,100013,100,99970,100,100022,100,99969,100,100036,100,99960,100,100050,100,99952,100,100053,200,99948,100,100063,100,99947,100,100066,200,99938,200,100097,100,99924,100,100098,100,99914,100
2019-06-28 09:30:00.000000097,99993,100,99971,200,100013,100,99970,100,100022,100,99969,100,100036,100,99960,100,100050,100,99952,100,100053,200,99948,100,100063,100,99947,100,100066,200,99938,200,100097,100,99924,100,100098,100,99914,100
2019-06-28 09:30:09.861140035,99993,100,99971,200,100011,100,99970,100,100013,100,99969,100,100022,100,99960,100,100036,100,99952,100,100050,100,99948,100,100053,200,99947,100,100063,100,99938,200,100066,200,99924,100,100097,100,99914,100
2019-06-28 09:30:10.000000000,99993,210,99971,310,100011,210,99970,210,100013,210,99969,210,100022,210,99960,210,100036,100,99952,100,100050,100,99948,100,100053,200,99947,100,100063,100,99938,200,100066,200,99924,100,100097,100,99914,100
2019-06-28 09:30:20.000000000,99993,210,99971,310,100011,210,99970,210,100013,210,99969,210,100022,210,99960,210,100036,100,99952,100,100050,100,99948,100,100053,200,99947,100,100063,100,99938,200,100066,200,99924,100,100097,100,99914,100
2019-06-28 09:30:21.094016974,99993,210,99971,310,100011,210,99970,210,100013,210,99969,210,100022,210,99960,210,100036,100,99952,100,100050,100,99948,100,100053,200,99947,100,100063,100,99938,200,100066,200,99924,100,100097,100,99914,100
2019-06-28 09:30:30.000000000,99993,188,99971,288,100011,188,99970,188,100013,188,99969,188,100022,188,99960,188,100036,188,99952,188,100050,100,99948,100,100053,200,99947,100,100063,100,99938,200,100066,200,99924,100,100097,100,99914,100
2019-06-28 09:30:40.000000000,99993,320,99971,420,100011,320,99970,320,100013,100,99969,100,100022,100,99960,100,100036,100,99952,100,100050,100,99948,100,100053,200,99947,100,100063,100,99938,200,100066,200,99924,100,100097,100,99914,100
2019-06-28 09:30:41.481291708,99993,320,99971,420,100011,320,99970,320,100013,100,99969,100,100022,100,99960,100,100036,100,99952,100,100050,100,99948,100,100053,200,99947,100,100063,100,99938,200,100066,200,99924,100,100097,100,99914,200
2019-06-28 09:30:49.655301063,99993,420,99971,420,100011,320,99970,320,100013,100,99969,100,100022,100,99960,100,100036,100,99952,100,100050,100,99948,100,100053,200,99947,100,100063,100,99938,200,100066,200,99924,100,100097,100,99914,200
2019-06-28 09:30:50.000000000,99993,288,99971,288,100011,188,99970,188,100013,188,99969,188,100022,188,99960,188,100036,188,99952,188,100050,100,99948,100,100053,200,99947,100,100063,100,99938,200,100066,200,99924,100,100097,100,99914,200
2019-06-28 09:31:00.000000000,99993,310,99971,310,100011,210,99970,210,100013,210,99969,210,100022,210,99960,210,100036,100,99952,100,100050,100,99948,100,100053,200,99947,100,100063,100,99938,200,100066,200,99924,100,100097,100,99914,200
2019-06-28 09:31:10.000000000,99993,641,99971,641,100011,100,99970,100,100013,100,99969,100,100022,100,99960,100,100036,100,99952,100,100050,100,99948,100,100053,200,99947,100,100063,100,99938,200,100066,200,99924,100,100097,100,99914,200
2019-06-28 09:31:20.000000000,99993,350,99971,350,100011,246,99970,246,100013,246,99969,246,100022,100,99960,100,100036,100,99952,100,100050,100,99948,100,100053,200,99947,100,100063,100,99938,200,100066,200,99924,100,100097,100,99914,200
2019-06-28 09:31:30.000000000,99993,310,99971,310,100011,210,99970,210,100013,210,99969,210,100022,210,99960,210,100036,100,99952,100,100050,100,99948,100,100053,200,99947,100,100063,100,99938,200,100066,200,99924,100,100097,100,99914,200
2019-06-28 09:31:38.108473770,99993,310,99971,310,100011,210,99970,210,100013,210,99969,210,100022,210,99960,210,100036,100,99952,100,100050,100,99948,100,100053,200,99947,100,100063,100,99938,200,100066,200,99924,100,100097,100,99914,200
2019-06-28 09:31:40.000000000,99993,420,99971,420,100011,320,99970,320,100013,100,99969,100,100022,100,99960,100,100036,100,99952,100,100050,100,99948,100,100053,200,99947,100,100063,100,99938,200,100066,200,99924,100,100097,100,99914,200
2019-06-28 09:31:44.916626092,99993,420,99971,320,100011,320,99970,320,100013,100,99969,100,100022,100,99960,100,100036,100,99952,100,100050,100,99948,100,100053,200,99947,100,100063,100,99938,200,100066,200,99924,100,100097,100,99914,200
2019-06-28 09:31:44.973374990,99993,420,99971,220,100011,320,99970,320,100013,100,99969,100,100022,100,99960,100,100036,100,99952,100,100050,100,99948,100,100053,200,99947,100,100063,100,99938,200,100066,200,99924,100,100097,100,99914,100
2019-06-28 09:31:50.000000000,99993,350,99970,250,100011,246,99969,246,100013,246,99960,246,100022,100,99952,100,100036,100,99948,100,100050,100,99947,100,100053,200,99938,200,100063,100,99924,100,100066,200,99914,100,100097,100,99908,100
2019-06-28 09:32:00.000000000,99993,310,99970,210,100011,210,99969,210,100013,210,99960,210,100022,210,99952,210,100036,100,99948,100,100050,100,99947,100,100053,200,99938,200,100063,100,99924,100,100066,200,99914,100,100097,100,99908,100
2019-06-28 09:32:07.915194005,99993,310,99970,110,100011,210,99969,210,100013,210,99960,210,100022,210,99952,110,100036,100,99948,100,100050,100,99947,100,100053,200,99938,200,100063,100,99924,100,100066,200,99914,100,100097,100,99908,100
2019-06-28 09:32:10.000000000,99993,288,99969,188,100011,188,99960,188,100013,188,99948,188,100022,188,99947,188,100036,188,99938,288,100050,100,99924,100,100053,200,99914,100,100063,100,99908,100,100066,200,99906,100,100097,100,99887,100
2019-06-28 09:32:18.081050611,99971,100,99969,188,99993,288,99960,188,100011,188,99948,188,100013,188,99947,188,100022,188,99938,288,100036,188,99924,100,100050,100,99914,100,100053,200,99908,100,100063,100,99906,100,100066,200,99887,100
2019-06-28 09:32:20.000000000,99971,541,99969,541,99993,200,99960,100,100011,100,99948,100,100013,100,99947,100,100022,100,99938,200,100036,100,99924,100,100050,100,99914,100,100053,200,99908,100,100063,100,99906,100,100066,200,99887,100
2019-06-28 09:32:30.000000000,99971,250,99969,250,99993,346,99960,246,100011,246,99948,246,100013,100,99947,100,100022,100,99938,200,100036,100,99924,100,100050,100,99914,100,100053,200,99908,100,100063,100,99906,100,100066,200,99887,100
2019-06-28 09:32:30.406953973,99971,350,99969,150,99993,346,99960,246,100011,246,99948,246,100013,100,99947,100,100022,100,99938,200,100036,100,99924,100,100050,100,99914,100,100053,200,99908,100,100063,100,99906,100,100066,200,99887,100
2019-06-28 09:32:32.988047525,99971,350,99969,50,99993,346,99960,246,100011,246,99948,246,100013,100,99947,100,100022,100,99938,200,100036,100,99924,100,100050,100,99914,100,100053,200,99908,100,100063,100,99906,100,100066,200,99887,100
2019-06-28 09:32:40.000000000,99971,310,99960,210,99993,310,99948,210,100011,210,99947,210,100013,210,99938,310,100022,100,99924,100,100036,100,99914,100,100050,100,99908,100,100053,200,99906,100,100063,100,99887,100,100066,200,99886,100
2019-06-28 09:32:44.003877936,99970,100,99960,210,99971,310,99948,210,99993,310,99947,210,100011,210,99938,310,100013,210,99924,100,100022,100,99914,100,100036,100,99908,100,100050,100,99906,100,100053,200,99887,100,100063,100,99886,100
2019-06-28 09:32:50.000000000,99970,320,99960,320,99971,420,99948,320,99993,200,99947,100,100011,100,99938,200,100013,100,99924,100,100022,100,99914,100,100036,100,99908,100,100050,100,99906,100,100053,200,99887,100,100063,100,99886,100
2019-06-28 09:33:00.000000000,99970,250,99960,250,99971,346,99948,246,99993,346,99947,246,100011,100,99938,200,100013,100,99924,100,100022,100,99914,100,100036,100,99908,100,100050,100,99906,100,100053,200,99887,100,100063,100,99886,100
2019-06-28 09:33:10.000000000,99970,541,99960,541,99971,200,99948,100,99993,200,99947,100,100011,100,99938,200,100013,100,99924,100,100022,100,99914,100,100036,100,99908,100,100050,100,99906,100,100053,200,99887,100,100063,100,99886,100
2019-06-28 09:33:13.902240616,99970,641,99960,541,99971,200,99948,100,99993,100,99947,100,100011,100,99938,200,100013,100,99924,100,100022,100,99914,100,100036,100,99908,100,100050,100,99906,100,100053,200,99887,100,100063,100,99886,100
2019-06-28 09:33:20.000000000,99970,641,99960,541,99971,200,99948,100,99993,100,99947,100,100011,100,99938,200,100013,100,99924,100,100022,100,99914,100,100036,100,99908,100,100050,100,99906,100,100053,200,99887,100,100063,100,99886,100
2019-06-28 09:33:24.686247213,99970,641,99960,441,99971,200,99948,100,99993,100,99947,100,100011,100,99938,200,100013,100,99924,100,100022,100,99914,100,100036,100,99908,100,100050,100,99887,100,100053,200,99886,100,100063,100,99867,100
2019-06-28 09:33:30.000000000,99970,350,99948,250,99971,346,99947,246,99993,246,99938,346,100011,100,99924,100,100013,100,99914,100,100022,100,99908,100,100036,100,99887,100,100050,100,99886,100,100053,200,99867,100,100063,100,99865,100
2019-06-28 09:33:35.143976635,99970,350,99948,150,99971,346,99947,246,99993,246,99938,346,100011,100,99924,100,100013,100,99914,100,100022,100,99908,100,100050,100,99887,100,100053,200,99886,100,100063,100,99867,100,100066,200,99865,100
2019-06-28 09:33:40.000000000,99970,641,99947,541,99971,200,99938,200,99993,100,99924,100,100011,100,99914,100,100013,100,99908,100,100022,100,99887,100,100050,100,99886,100,100053,200,99867,100,100063,100,99865,100,100066,200,99848,100
2019-06-28 09:33:42.370926109,99970,641,99947,541,99971,200,99938,200,99993,100,99924,100,100011,100,99914,100,100013,100,99908,100,100022,100,99887,100,100050,100,99867,100,100053,200,99865,100,100063,100,99848,100,100066,200,99845,100
2019-06-28 09:33:50.000000000,99970,288,99947,188,99971,288,99938,288,99993,188,99924,188,100011,188,99914,188,100013,188,99908,188,100022,100,99887,100,100050,100,99867,100,100053,200,99865,100,100063,100,99848,100,100066,200,99845,100
2019-06-28 09:34:00.000000000,99970,420,99947,320,99971,420,99938,420,99993,100,99924,100,100011,100,99914,100,100013,100,99908,100,100022,100,99887,100,100050,100,99867,100,100053,200,99865,100,100063,100,99848,100,100066,200,99845,100
2019-06-28 09:34:10.000000000,99970,288,99947,188,99971,288,99938,288,99993,188,99924,188,100011,188,99914,188,100013,188,99908,188,100022,100,99887,100,100050,100,99867,100,100053,200,99865,100,100063,100,99848,100,100066,200,99845,100
2019-06-28 09:34:20.000000000,99970,420,99947,320,99971,420,99938,420,99993,100,99924,100,100011,100,99914,100,100013,100,99908,100,100022,100,99887,100,100050,100,99867,100,100053,200,99865,100,100063,100,99848,100,100066,200,99845,100
2019-06-28 09:34:24.939605026,99960,100,99947,320,99970,420,99938,420,99971,420,99924,100,99993,100,99914,100,100011,100,99908,100,100013,100,99887,100,100022,100,99867,100,100050,100,99865,100,100053,200,99848,100,100063,100,99845,100
2019-06-28 09:34:30.000000000,99960,210,99947,210,99970,310,99938,310,99971,310,99924,210,99993,210,99914,210,100011,100,99908,100,100013,100,99887,100,100022,100,99867,100,100050,100,99865,100,100053,200,99848,100,100063,100,99845,100
2019-06-28 09:34:40.000000000,99960,320,99947,320,99970,420,99938,420,99971,200,99924,100,99993,100,99914,100,100011,100,99908,100,100013,100,99887,100,100022,100,99867,100,100050,100,99865,100,100053,200,99848,100,100063,100,99845,100
2019-06-28 09:34:43.518383769,99960,320,99947,320,99970,420,99938,420,99971,200,99924,100,99993,100,99914,100,100011,100,99908,100,100013,100,99887,100,100022,100,99867,100,100050,100,99865,100,100053,100,99848,100,100063,100,99845,100
2019-06-28 09:34:50.000000000,99960,188,99947,188,99970,288,99938,288,99971,288,99924,188,99993,188,99914,188,100011,188,99908,188,100013,100,99887,100,100022,100,99867,100,100050,100,99865,100,100053,100,99848,100,100063,100,99845,100
2019-06-28 09:35:00.000000000,99960,250,99947,250,99970,346,99938,346,99971,346,99924,246,99993,100,99914,100,100011,100,99908,100,100013,100,99887,100,100022,100,99867,100,100050,100,99865,100,100053,100,99848,100,100063,100,99845,100
2019-06-28 09:35:10.000000000,99960,188,99947,188,99970,288,99938,288,99971,288,99924,188,99993,188,99914,188,100011,188,99908,188,100013,100,99887,100,100022,100,99867,100,100050,100,99865,100,100053,100,99848,100,100063,100,99845,100
2019-06-28 09:35:20.000000000,99960,188,99947,188,99970,288,99938,288,99971,288,99924,188,99993,188,99914,188,100011,188,99908,188,100013,100,99887,100,100022,100,99867,100,100050,100,99865,100,100053,100,99848,100,100063,100,99845,100
2019-06-28 09:35:30.000000000,99960,188,99947,188,99970,288,99938,288,99971,288,99924,188,99993,188,99914,188,100011,188,99908,188,100013,100,99887,100,100022,100,99867,100,100050,100,99865,100,100053,100,99848,100,100063,100,99845,100
2019-06-28 09:35:34.851983437,99960,188,99947,188,99970,288,99938,288,99971,288,99924,188,99993,188,99914,188,100011,188,99908,188,100013,100,99887,100,100050,100,99867,100,100053,100,99865,100,100063,100,99848,100,100066,200,99845,100
2019-06-28 09:35:37.122515637,99960,188,99947,88,99970,288,99938,288,99971,288,99924,188,99993,188,99914,188,100011,88,99908,188,100013,100,99887,100,100050,100,99867,100,100053,100,99865,100,100063,100,99848,100,100066,200,99845,100
2019-06-28 09:35:40.000000000,99960,188,99938,288,99970,288,99924,188,99971,288,99914,188,99993,188,99908,188,100013,188,99887,188,100050,100,99867,100,100053,100,99865,100,100063,100,99848,100,100066,200,99845,100,100097,100,99803,100
2019-06-28 09:35:50.000000000,99960,210,99938,310,99970,310,99924,210,99971,310,99914,210,99993,210,99908,210,100013,100,99887,100,100050,100,99867,100,100053,100,99865,100,100063,100,99848,100,100066,200,99845,100,100097,100,99803,100
2019-06-28 09:36:00.000000000,99960,320,99938,420,99970,420,99924,320,99971,200,99914,100,99993,100,99908,100,100013,100,99887,100,100050,100,99867,100,100053,100,99865,100,100063,100,99848,100,100066,200,99845,100,100097,100,99803,100
2019-06-28 09:36:03.235749123,99960,320,99938,320,99970,420,99924,320,99971,200,99914,100,99993,100,99908,100,100013,100,99887,100,100050,100,99867,100,100053,100,99865,100,100063,100,99848,100,100066,100,99845,100,100097,100,99803,100
2019-06-28 09:36:10.000000000,99960,210,99938,210,99970,310,99924,210,99971,310,99914,210,99993,210,99908,210,100013,100,99887,100,100050,100,99867,100,100053,100,99865,100,100063,100,99848,100,100066,100,99845,100,100097,100,99803,100
2019-06-28 09:36:20.000000000,99960,188,99938,188,99970,288,99924,188,99971,288,99914,188,99993,188,99908,188,100013,188,99887,188,100050,100,99867,100,100053,100,99865,100,100063,100,99848,100,100066,100,99845,100,100097,100,99803,100
2019-06-28 09:36:26.761999362,99960,188,99938,88,99970,288,99924,188,99971,288,99914,188,99993,188,99908,188,100013,188,99887,188,100050,100,99867,100,100053,100,99865,100,100063,100,99848,100,100066,100,99845,100,100097,100,99803,100
2019-06-28 09:36:30.000000000,99960,541,99924,541,99970,200,99914,100,99971,200,99908,100,99993,100,99887,100,100013,100,99867,100,100050,100,99865,100,100053,100,99848,100,100063,100,99845,100,100066,100,99803,100,100097,100,99630,100
2019-06-28 09:36:31.871827527,99960,541,99924,541,99970,200,99914,100,99971,200,99908,100,99993,100,99887,100,100013,100,99867,100,100050,100,99865,100,100063,100,99848,100,100066,100,99845,100,100097,100,99803,100,100098,100,99787,100
2019-06-28 09:36:40.000000000,99960,188,99924,188,99970,288,99914,188,99971,288,99908,188,99993,188,99887,188,100013,188,99867,188,100050,100,99865,100,100063,100,99848,100,100066,100,99845,100,100097,100,99803,100,100098,100,99787,100
2019-06-28 09:36:50.000000000,99960,188,99924,188,99970,288,99914,188,99971,288,99908,188,99993,188,99887,188,100013,188,99867,188,100050,100,99865,100,100063,100,99848,100,100066,100,99845,100,100097,100,99803,100,100098,100,99787,100
2019-06-28 09:36:53.844813692,99960,188,99924,188,99970,288,99914,188,99971,288,99908,188,99993,188,99887,188,100013,188,99867,188,100050,100,99865,100,100063,100,99848,100,100066,100,99845,100,100097,100,99803,100,100098,100,99787,100
2019-06-28 09:37:00.000000000,99960,188,99924,188,99970,288,99914,188,99971,288,99908,188,99993,188,99887,188,100013,188,99867,188,100050,100,99865,100,100063,100,99848,100,100066,100,99845,100,100097,100,99803,100,100098,100,99787,100
2019-06-28 09:37:01.229388261,99960,88,99924,188,99970,288,99914,188,99971,288,99908,188,99993,188,99887,188,100013,188,99867,188,100050,100,99865,100,100063,100,99848,100,100066,100,99845,100,100097,100,99803,100,100098,100,99787,100
2019-06-28 09:37:03.635060814,99960,88,99924,188,99970,288,99914,188,99971,288,99908,188,99993,188,99887,188,100013,188,99867,188,100050,100,99865,100,100063,100,99848,100,100066,100,99845,100,100097,100,99803,100,100098,100,99787,100
2019-06-28 09:37:10.000000000,99970,350,99924,250,99971,346,99914,246,99993,246,99908,246,100013,100,99887,100,100050,100,99867,100,100063,100,99865,100,100066,100,99848,100,100097,100,99845,100,100098,100,99803,100,100099,100,99787,100
2019-06-28 09:37:19.535845377,99970,350,99924,250,99971,346,99914,246,99993,246,99908,146,100013,100,99887,100,100050,100,99867,100,100063,100,99865,100,100066,100,99848,100,100096,100,99845,100,100097,100,99803,100,100098,100,99787,100
2019-06-28 09:37:20.000000000,99970,310,99924,210,99971,310,99914,210,99993,210,99887,210,100013,210,99867,210,100050,100,99865,100,100063,100,99848,100,100066,100,99845,100,100096,100,99803,100,100097,100,99787,100,100098,100,99630,100
2019-06-28 09:37:30.000000000,99970,310,99924,210,99971,310,99914,210,99993,210,99887,210,100013,210,99867,210,100050,100,99865,100,100063,100,99848,100,100066,100,99845,100,100096,100,99803,100,100097,100,99787,100,100098,100,99630,100
2019-06-28 09:37:40.000000000,99970,350,99924,250,99971,346,99914,246,99993,246,99887,246,100013,100,99867,100,100050,100,99865,100,100063,100,99848,100,100066,100,99845,100,100096,100,99803,100,100097,100,99787,100,100098,100,99630,100
2019-06-28 09:37:50.000000000,99970,641,99924,541,99971,200,99914,100,99993,100,99887,100,100013,100,99867,100,100050,100,99865,100,100063,100,99848,100,100066,100,99845,100,100096,100,99803,100,100097,100,99787,100,100098,100,99630,100
2019-06-28 09:38:00.000000000,99970,420,99924,320,99971,420,99914,320,99993,100,99887,100,100013,100,99867,100,100050,100,99865,100,100063,100,99848,100,100066,100,99845,100,100096,100,99803,100,100097,100,99787,100,100098,100,99630,100
2019-06-28 09:38:10.000000000,99970,310,99924,210,99971,310,99914,210,99993,210,99887,210,100013,210,99867,210,100050,100,99865,100,100063,100,99848,100,100066,100,99845,100,100096,100,99803,100,100097,100,99787,100,100098,100,99630,100
2019-06-28 09:38:10.072655050,99970,210,99924,210,99971,310,99914,210,99993,210,99887,210,100013,210,99867,210,100050,100,99865,100,100063,100,99848,100,100066,100,99845,100,100096,100,99803,100,100097,100,99787,100,100098,100,99630,100
2019-06-28 09:38:20.000000000,99970,320,99924,320,99971,420,99914,320,99993,100,99887,100,100013,100,99867,100,100050,100,99865,100,100063,100,99848,100,100066,100,99845,100,100096,100,99803,100,100097,100,99787,100,100098,100,99630,100
2019-06-28 09:38:20.887270713,99970,320,99924,320,99971,420,99914,320,99993,100,99887,100,100013,100,99867,100,100050,100,99865,100,100063,100,99848,100,100066,100,99845,100,100096,100,99803,100,100097,100,99787,100,100098,100,99630,100
2019-06-28 09:38:30.000000000,99970,541,99924,541,99971,200,99914,100,99993,100,99887,100,100013,100,99867,100,100050,100,99865,100,100063,100,99848,100,100066,100,99845,100,100096,100,99803,100,100097,100,99787,100,100098,100,99630,100
2019-06-28 09:38:35.134111099,99970,441,99924,541,99971,200,99914,100,99993,100,99887,100,100013,100,99867,100,100050,100,99865,100,100063,100,99848,100,100066,100,99845,100,100096,100,99803,100,100097,100,99787,100,100098,100,99630,100
2019-06-28 09:38:35.547612156,99970,341,99924,541,99971,200,99914,100,99993,100,99887,100,100013,100,99867,100,100050,100,99865,100,100063,100,99848,100,100066,100,99845,100,100096,100,99803,100,100097,100,99787,100,100098,100,99630,100
2019-06-28 09:38:39.497210541,99970,241,99924,541,99971,200,99914,100,99993,100,99887,100,100013,100,99867,100,100050,100,99865,100,100063,100,99848,100,100066,100,99845,100,100096,100,99803,100,100097,100,99787,100,100098,100,99630,100
2019-06-28 09:38:40.000000000,99971,420,99924,320,99993,320,99914,320,100013,100,99887,100,100050,100,99867,100,100063,100,99865,100,100066,100,99848,100,100096,100,99845,100,100097,100,99803,100,100098,100,99787,100,100099,100,99630,100
2019-06-28 09:38:44.435390998,99971,420,99970,100,99993,320,99924,320,100013,100,99914,320,100050,100,99887,100,100063,100,99867,100,100066,100,99865,100,100096,100,99848,100,100097,100,99845,100,100098,100,99803,100,100099,100,99787,100
2019-06-28 09:38:46.957092893,99971,420,99970,200,99993,320,99924,320,100013,100,99914,320,100050,100,99887,100,100063,100,99867,100,100066,100,99865,100,100096,100,99848,100,100097,100,99845,100,100098,100,99803,100,100101,100,99787,100
2019-06-28 09:38:50.000000000,99971,288,99970,288,99993,188,99924,188,100013,188,99914,188,100050,188,99887,188,100063,188,99867,188,100066,100,99865,100,100096,100,99848,100,100097,100,99845,100,100098,100,99803,100,100101,100,99787,100
2019-06-28 09:39:00.000000000,99971,420,99970,420,99993,320,99924,320,100013,100,99914,100,100050,100,99887,100,100063,100,99867,100,100066,100,99865,100,100096,100,99848,100,100097,100,99845,100,100098,100,99803,100,100101,100,99787,100
2019-06-28 09:39:01.485291762,99971,320,99970,420,99993,320,99924,320,100013,100,99914,100,100050,100,99887,100,100063,100,99867,100,100066,100,99865,100,100096,100,99848,100,100097,100,99845,100,100098,100,99803,100,100101,100,99787,100
2019-06-28 09:39:08.678347720,99971,220,99970,420,99993,320,99924,320,100013,100,99914,100,100050,100,99887,100,100063,100,99867,100,100066,100,99865,100,100096,100,99848,100,100097,100,99845,100,100098,100,99803,100,100101,100,99787,100
2019-06-28 09:39:10.000000000,99993,250,99970,350,100013,246,99924,246,100050,246,99914,246,100063,100,99887,100,100066,100,99867,100,100096,100,99865,100,100097,100,99848,100,100098,100,99845,100,100101,100,99803,100,100104,100,99787,100
2019-06-28 09:39:14.558389120,99993,250,99970,350,100013,246,99924,146,100050,246,99914,246,100063,100,99887,100,100066,100,99867,100,100096,100,99865,100,100097,100,99848,100,100098,100,99845,100,100101,100,99803,100,100104,100,99787,100
2019-06-28 09:39:20.000000000,99993,210,99970,310,100013,210,99914,210,100050,210,99887,210,100063,210,99867,210,100066,100,99865,100,100096,100,99848,100,100097,100,99845,100,100098,100,99803,100,100101,100,99787,100,100104,100,99630,100
2019-06-28 09:39:30.000000000,99993,320,99970,420,100013,320,99914,320,100050,100,99887,100,100063,100,99867,100,100066,100,99865,100,100096,100,99848,100,100097,100,99845,100,100098,100,99803,100,100101,100,99787,100,100104,100,99630,100
2019-06-28 09:39:30.220094387,99993,320,99971,100,100013,320,99970,420,100050,100,99914,320,100063,100,99887,100,100066,100,99867,100,100096,100,99865,100,100097,100,99848,100,100098,100,99845,100,100101,100,99803,100,100104,100,99787,100
2019-06-28 09:39:33.924125430,99993,220,99971,100,100013,320,99970,420,100050,100,99914,320,100063,100,99887,100,100066,100,99867,100,100096,100,99865,100,100097,100,99848,100,100098,100,99845,100,100101,100,99803,100,100104,100,99787,100
2019-06-28 09:39:40.000000000,100013,188,99971,188,100050,188,99970,288,100063,188,99914,188,100066,188,99887,188,100096,188,99867,188,100097,100,99865,100,100098,100,99848,100,100101,100,99845,100,100104,100,99803,100,100111,100,99787,100
2019-06-28 09:39:44.212271631,100013,188,99971,188,100050,188,99970,288,100063,188,99914,188,100066,188,99887,188,100096,188,99867,188,100097,100,99865,100,100098,100,99848,100,100101,100,99845,100,100104,100,99803,100,100111,100,99630,100
2019-06-28 09:39:50.000000000,100013,188,99971,188,100050,188,99970,288,100063,188,99914,188,100066,188,99887,188,100096,188,99867,188,100097,100,99865,100,100098,100,99848,100,100101,100,99845,100,100104,100,99803,100,100111,100,99630,100
2019-06-28 09:40:00.000000000,100013,210,99971,210,100050,210,99970,310,100063,210,99914,210,100066,210,99887,210,100096,100,99867,100,100097,100,99865,100,100098,100,99848,100,100101,100,99845,100,100104,100,99803,100,100111,100,99630,100
2019-06-28 09:40:07.120233290,100013,210,99971,210,100050,210,99970,310,100063,210,99914,210,100066,210,99887,210,100096,100,99867,100,100098,100,99865,100,100101,100,99848,100,100104,100,99845,100,100111,100,99803,100,100119,100,99630,100
2019-06-28 09:40:10.000000000,100013,210,99971,210,100050,210,99970,310,100063,210,99914,210,100066,210,99887,210,100096,100,99867,100,100098,100,99865,100,100101,100,99848,100,100104,100,99845,100,100111,100,99803,100,100119,100,99630,100
2019-06-28 09:40:10.060041076,100013,210,99971,210,100050,210,99970,310,100063,210,99914,210,100066,210,99887,110,100096,100,99867,100,100098,100,99865,100,100101,100,99848,100,100104,100,99845,100,100111,100,99803,100,100119,100,99630,100
2019-06-28 09:40:20.000000000,100013,250,99971,250,100050,246,99970,346,100063,246,99914,246,100066,100,99867,100,100096,100,99865,100,100098,100,99848,100,100101,100,99845,100,100104,100,99803,100,100111,100,99630,100,100119,100,99611,100
2019-06-28 09:40:30.000000000,100013,210,99971,210,100050,210,99970,310,100063,210,99914,210,100066,210,99867,210,100096,100,99865,100,100098,100,99848,100,100101,100,99845,100,100104,100,99803,100,100111,100,99630,100,100119,100,99611,100
2019-06-28 09:40:37.488163525,100013,210,99972,100,100050,210,99971,210,100063,210,99970,310,100066,210,99914,210,100096,100,99867,210,100098,100,99865,100,100101,100,99848,100,100104,100,99845,100,100111,100,99803,100,100119,100,99630,100
2019-06-28 09:40:39.585948439,100013,210,99972,200,100050,210,99971,210,100063,210,99970,310,100066,210,99914,210,100096,100,99867,210,100098,100,99865,100,100101,100,99848,100,100104,100,99845,100,100111,100,99803,100,100119,100,99630,100
2019-06-28 09:40:40.000000000,100013,188,99972,288,100050,188,99971,188,100063,188,99970,288,100066,188,99914,188,100096,188,99867,188,100098,100,99865,100,100101,100,99848,100,100104,100,99845,100,100111,100,99803,100,100119,100,99630,100
2019-06-28 09:40:50.000000000,100013,210,99972,310,100050,210,99971,210,100063,210,99970,310,100066,210,99914,210,100096,100,99867,100,100098,100,99865,100,100101,100,99848,100,100104,100,99845,100,100111,100,99803,100,100119,100,99630,100
2019-06-28 09:41:00.000000000,100013,320,99972,420,100050,320,99971,320,100063,100,99970,200,100066,100,99914,100,100096,100,99867,100,100098,100,99865,100,100101,100,99848,100,100104,100,99845,100,100111,100,99803,100,100119,100,99630,100
2019-06-28 09:41:01.948248641,100013,320,99972,520,100050,320,99971,320,100063,100,99970,100,100066,100,99914,100,100096,100,99867,100,100098,100,99865,100,100101,100,99848,100,100104,100,99845,100,100111,100,99803,100,100119,100,99630,100
2019-06-28 09:41:10.000000000,100013,320,99972,520,100050,320,99971,320,100063,100,99970,100,100066,100,99914,100,100096,100,99867,100,100098,100,99865,100,100101,100,99848,100,100104,100,99845,100,100111,100,99803,100,100119,100,99630,100
2019-06-28 09:41:11.103916630,100013,220,99972,520,100050,320,99971,320,100063,100,99970,100,100066,100,99914,100,100096,100,99865,100,100098,100,99848,100,100101,100,99845,100,100104,100,99803,100,100111,100,99630,100,100119,100,99611,100
2019-06-28 09:41:14.797434212,100013,220,99993,100,100050,320,99972,520,100063,100,99971,320,100066,100,99970,100,100096,100,99914,100,100098,100,99865,100,100101,100,99848,100,100104,100,99845,100,100111,100,99803,100,100119,100,99630,100
2019-06-28 09:41:20.000000000,100050,210,99993,210,100063,210,99972,410,100066,210,99971,210,100096,210,99970,210,100098,100,99914,100,100101,100,99865,100,100104,100,99848,100,100111,100,99845,100,100119,100,99803,100,100143,100,99630,100
2019-06-28 09:41:20.773055831,100050,210,99996,100,100063,210,99993,210,100066,210,99972,410,100096,210,99971,210,100098,100,99970,210,100101,100,99914,100,100104,100,99865,100,100111,100,99848,100,100119,100,99845,100,100143,100,99803,100
2019-06-28 09:41:29.689219915,100050,210,99996,100,100063,210,99993,210,100066,210,99972,310,100096,210,99971,210,100098,100,99970,210,100101,100,99914,100,100104,100,99865,100,100111,100,99848,100,100119,100,99845,100,100143,100,99803,100
2019-06-28 09:41:30.000000000,100050,188,99996,188,100063,188,99993,188,100066,188,99972,288,100096,188,99971,188,100098,188,99970,188,100101,100,99914,100,100104,100,99865,100,100111,100,99848,100,100119,100,99845,100,100143,100,99803,100
2019-06-28 09:41:40.000000000,100050,188,99996,188,100063,188,99993,188,100066,188,99972,288,100096,188,99971,188,100098,188,99970,188,100101,100,99914,100,100104,100,99865,100,100111,100,99848,100,100119,100,99845,100,100143,100,99803,100
2019-06-28 09:41:49.531422280,100050,188,99996,88,100063,188,99993,188,100066,188,99972,288,100096,188,99971,188,100098,188,99970,188,100104,100,99914,100,100111,100,99865,100,100119,100,99848,100,100143,100,99845,100,100298,100,99803,100
2019-06-28 09:41:49.945785720,100050,188,99996,88,100063,188,99993,188,100066,188,99972,288,100096,188,99971,188,100098,188,99970,188,100104,100,99914,100,100111,100,99865,100,100119,100,99848,100,100143,100,99845,100,100298,100,99803,100
2019-06-28 09:41:50.000000000,100050,320,99993,320,100063,320,99972,420,100066,100,99971,100,100096,100,99970,100,100098,100,99914,100,100104,100,99865,100,100111,100,99848,100,100119,100,99845,100,100143,100,99803,100,100298,100,99630,100
2019-06-28 09:41:51.830854797,100050,220,99993,320,100063,320,99972,420,100066,100,99971,100,100096,100,99970,100,100098,100,99914,100,100104,100,99865,100,100111,100,99848,100,100119,100,99845,100,100143,100,99803,100,100298,100,99630,100
2019-06-28 09:42:00.000000000,100063,541,99993,541,100066,100,99972,200,100096,100,99971,100,100098,100,99970,100,100104,100,99914,100,100111,100,99865,100,100119,100,99848,100,100143,100,99845,100,100298,100,99803,100,100330,100,99630,100
2019-06-28 09:42:01.483301960,100063,541,99993,541,100066,100,99972,200,100096,100,99971,100,100098,100,99970,100,100104,100,99914,100,100111,100,99889,100,100119,100,99865,100,100143,100,99848,100,100298,100,99845,100,100330,100,99803,100
2019-06-28 09:42:10.000000000,100063,210,99993,210,100066,210,99972,310,100096,210,99971,210,100098,210,99970,210,100104,100,99914,100,100111,100,99889,100,100119,100,99865,100,100143,100,99848,100,100298,100,99845,100,100330,100,99803,100
2019-06-28 09:42:18.936590605,100063,210,99993,110,100066,210,99972,310,100096,210,99971,210,100098,210,99970,210,100104,100,99914,100,100111,100,99889,100,100119,100,99865,100,100143,100,99848,100,100298,100,99845,100,100330,100,99803,100
2019-06-28 09:42:20.000000000,100063,320,99972,420,100066,320,99971,320,100096,100,99970,100,100098,100,99914,100,100104,100,99889,100,100111,100,99865,100,100119,100,99848,100,100143,100,99845,100,100298,100,99803,100,100330,100,99630,100
2019-06-28 09:42:20.795302880,100063,320,99972,420,100066,320,99971,320,100096,100,99914,100,100098,100,99889,100,100104,100,99865,100,100111,100,99848,100,100119,100,99845,100,100143,100,99803,100,100298,100,99630,100,100330,100,99611,100
2019-06-28 09:42:23.464181180,100063,320,99972,420,100066,320,99971,320,100096,100,99914,100,100098,100,99889,100,100104,100,99865,100,100111,100,99848,100,100119,100,99845,100,100139,100,99630,100,100143,100,99611,100,100298,100,99317,100
2019-06-28 09:42:30.000000000,100063,541,99972,641,100066,100,99971,100,100096,100,99914,100,100098,100,99889,100,100104,100,99865,100,100111,100,99848,100,100119,100,99845,100,100139,100,99630,100,100143,100,99611,100,100298,100,99317,100
2019-06-28 09:42:37.996028455,100014,100,99972,641,100063,541,99971,100,100066,100,99914,100,100096,100,99889,100,100098,100,99865,100,100104,100,99848,100,100111,100,99845,100,100119,100,99630,100,100143,100,99611,100,100298,100,99317,100
2019-06-28 09:42:40.000000000,100014,188,99972,288,100063,188,99971,188,100066,188,99914,188,100096,188,99889,188,100098,188,99865,188,100104,100,99848,100,100111,100,99845,100,100119,100,99630,100,100143,100,99611,100,100298,100,99317,100
2019-06-28 09:42:50.000000000,100014,250,99972,350,100063,246,99971,246,100066,246,99914,246,100096,100,99889,100,100098,100,99865,100,100104,100,99848,100,100111,100,99845,100,100119,100,99630,100,100143,100,99611,100,100298,100,99317,100
2019-06-28 09:43:00.000000000,100014,188,99972,288,100063,188,99971,188,100066,188,99914,188,100096,188,99889,188,100098,188,99865,188,100104,100,99848,100,100111,100,99845,100,100119,100,99630,100,100143,100,99611,100,100298,100,99317,100
2019-06-28 09:43:01.801018945,100014,188,99972,288,100063,188,99971,188,100066,188,99914,188,100096,188,99889,188,100098,188,99865,188,100104,100,99848,100,100111,100,99845,100,100119,100,99654,100,100143,100,99630,100,100298,100,99611,100
2019-06-28 09:43:10.000000000,100014,210,99972,310,100063,210,99971,210,100066,210,99914,210,100096,210,99889,210,100098,100,99865,100,100104,100,99848,100,100111,100,99845,100,100119,100,99654,100,100143,100,99630,100,100298,100,99611,100
2019-06-28 09:43:10.586150127,100014,110,99972,310,100063,210,99971,210,100066,210,99914,210,100096,210,99889,210,100098,100,99865,100,100104,100,99848,100,100111,100,99845,100,100119,100,99654,100,100143,100,99630,100,100298,100,99611,100
2019-06-28 09:43:18.403959198,100014,10,99972,310,100063,210,99971,210,100066,210,99914,210,100096,210,99889,210,100098,100,99865,100,100104,100,99848,100,100111,100,99845,100,100119,100,99654,100,100143,100,99630,100,100298,100,99611,100
2019-06-28 09:43:20.000000000,100063,210,99972,310,100066,210,99971,210,100096,210,99914,210,100098,210,99889,210,100104,100,99865,100,100111,100,99848,100,100119,100,99845,100,100143,100,99654,100,100298,100,99630,100,100330,100,99611,100
2019-06-28 09:43:30.000000000,100063,210,99972,310,100066,210,99971,210,100096,210,99914,210,100098,210,99889,210,100104,100,99865,100,100111,100,99848,100,100119,100,99845,100,100143,100,99654,100,100298,100,99630,100,100330,100,99611,100
2019-06-28 09:43:40.000000000,100063,541,99972,641,100066,100,99971,100,100096,100,99914,100,100098,100,99889,100,100104,100,99865,100,100111,100,99848,100,100119,100,99845,100,100143,100,99654,100,100298,100,99630,100,100330,100,99611,100
2019-06-28 09:43:44.749084989,100063,541,100014,100,100066,100,99972,641,100096,100,99971,100,100098,100,99914,100,100104,100,99889,100,100111,100,99865,100,100119,100,99848,100,100143,100,99845,100,100298,100,99654,100,100330,100,99630,100
2019-06-28 09:43:50.000000000,100063,541,100014,541,100066,100,99972,200,100096,100,99971,100,100098,100,99914,100,100104,100,99889,100,100111,100,99865,100,100119,100,99848,100,100143,100,99845,100,100298,100,99654,100,100330,100,99630,100
2019-06-28 09:43:50.789854008,100063,541,100037,100,100066,100,100014,541,100096,100,99972,200,100098,100,99971,100,100104,100,99914,100,100111,100,99889,100,100119,100,99865,100,100143,100,99848,100,100298,100,99845,100,100330,100,99654,100
2019-06-28 09:44:00.000000000,100063,250,100037,250,100066,246,100014,246,100096,246,99972,346,100098,100,99971,100,100104,100,99914,100,100111,100,99889,100,100119,100,99865,100,100143,100,99848,100,100298,100,99845,100,100330,100,99654,100
2019-06-28 09:44:07.999372241,100063,250,100037,250,100066,246,100014,246,100096,246,99972,346,100098,100,99971,100,100104,100,99922,100,100111,100,99914,100,100119,100,99889,100,100143,100,99865,100,100298,100,99848,100,100330,100,99845,100
2019-06-28 09:44:08.439886762,100063,250,100037,250,100066,246,100014,246,100092,100,99972,346,100096,246,99971,100,100098,100,99922,100,100104,100,99914,100,100111,100,99889,100,100119,100,99865,100,100143,100,99848,100,100298,100,99845,100
2019-06-28 09:44:10.000000000,100063,320,100037,320,100066,320,100014,320,100092,100,99972,200,100096,100,99971,100,100098,100,99922,100,100104,100,99914,100,100111,100,99889,100,100119,100,99865,100,100143,100,99848,100,100298,100,99845,100
2019-06-28 09:44:20.000000000,100063,250,100037,250,100066,246,100014,246,100092,246,99972,346,100096,100,99971,100,100098,100,99922,100,100104,100,99914,100,100111,100,99889,100,100119,100,99865,100,100143,100,99848,100,100298,100,99845,100
2019-06-28 09:44:30.000000000,100063,541,100037,541,100066,100,100014,100,100092,100,99972,200,100096,100,99971,100,100098,100,99922,100,100104,100,99914,100,100111,100,99889,100,100119,100,99865,100,100143,100,99848,100,100298,100,99845,100
2019-06-28 09:44:30.925674684,100063,441,100037,541,100066,100,100014,100,100092,100,99972,200,100096,100,99971,100,100098,100,99922,100,100104,100,99914,100,100111,100,99889,100,100119,100,99865,100,100143,100,99848,100,100298,100,99845,100
2019-06-28 09:44:31.154841976,100063,441,100038,100,100066,100,100037,541,100092,100,100014,100,100096,100,99972,200,100098,100,99971,100,100111,100,99922,100,100119,100,99914,100,100143,100,99889,100,100298,100,99865,100,100330,100,99848,100
2019-06-28 09:44:40.000000000,100066,210,100038,210,100092,210,100037,210,100096,210,100014,210,100098,210,99972,310,100111,100,99971,100,100119,100,99922,100,100143,100,99914,100,100298,100,99889,100,100330,100,99865,100,100357,100,99848,100
2019-06-28 09:44:48.949746053,100066,210,100038,210,100092,210,100037,210,100096,210,100014,210,100098,210,99972,310,100111,100,99971,100,100119,100,99922,100,100139,100,99914,100,100143,100,99889,100,100298,100,99865,100,100330,100,99848,100
2019-06-28 09:44:50.000000000,100066,541,100038,541,100092,100,100037,100,100096,100,100014,100,100098,100,99972,200,100111,100,99971,100,100119,100,99922,100,100139,100,99914,100,100143,100,99889,100,100298,100,99865,100,100330,100,99848,100
2019-06-28 09:44:51.849507027,100061,100,100038,541,100066,541,100037,100,100092,100,100014,100,100096,100,99972,200,100098,100,99971,100,100111,100,99922,100,100119,100,99914,100,100139,100,99889,100,100143,100,99865,100,100298,100,99848,100
2019-06-28 09:44:57.075814143,100061,100,100038,541,100066,541,100037,100,100092,100,100014,100,100096,100,99972,200,100098,100,99971,100,100111,100,99955,100,100119,100,99922,100,100139,100,99914,100,100143,100,99889,100,100298,100,99865,100
2019-06-28 09:45:00.000000000,100061,250,100038,250,100066,246,100037,246,100092,246,100014,246,100096,100,99972,200,100098,100,99971,100,100111,100,99955,100,100119,100,99922,100,100139,100,99914,100,100143,100,99889,100,100298,100,99865,100
2019-06-28 09:45:03.489442571,100061,250,100038,250,100062,100,100037,246,100066,246,100014,246,100092,246,99972,200,100096,100,99971,100,100098,100,99955,100,100111,100,99922,100,100119,100,99914,100,100139,100,99889,100,100143,100,99865,100
2019-06-28 09:45:10.000000000,100061,320,100038,320,100062,320,100037,320,100066,100,100014,100,100092,100,99972,200,100096,100,99971,100,100098,100,99955,100,100111,100,99922,100,100119,100,99914,100,100139,100,99889,100,100143,100,99865,100
2019-06-28 09:45:10.085760318,100061,320,100038,320,100062,320,100037,320,100066,100,100014,100,100092,100,99972,100,100096,100,99971,100,100098,100,99955,100,100111,100,99922,100,100119,100,99914,100,100139,100,99889,100,100143,100,99865,100
2019-06-28 09:45:20.000000000,100061,250,100038,250,100062,246,100037,246,100066,246,100014,246,100092,100,99972,100,100096,100,99971,100,100098,100,99955,100,100111,100,99922,100,100119,100,99914,100,100139,100,99889,100,100143,100,99865,100
2019-06-28 09:45:30.000000000,100061,250,100038,250,100062,246,100037,246,100066,246,100014,246,100092,100,99972,100,100096,100,99971,100,100098,100,99955,100,100111,100,99922,100,100119,100,99914,100,100139,100,99889,100,100143,100,99865,100
2019-06-28 09:45:39.944857981,100061,250,100038,250,100062,246,100037,246,100066,246,100014,246,100092,100,99972,100,100096,100,99971,100,100098,100,99955,100,100111,100,99922,100,100119,100,99914,100,100139,100,99889,100,100143,100,99865,100
2019-06-28 09:45:40.000000000,100061,188,100038,188,100062,188,100037,188,100066,188,100014,188,100092,188,99972,188,100096,188,99971,188,100098,100,99955,100,100111,100,99922,100,100119,100,99914,100,100139,100,99889,100,100143,100,99865,100
2019-06-28 09:45:43.199793448,100061,188,100038,288,100062,188,100037,188,100066,188,100014,188,100092,188,99972,188,100096,188,99971,188,100098,100,99955,100,100111,100,99922,100,100119,100,99914,100,100139,100,99889,100,100143,100,99865,100
2019-06-28 09:45:50.000000000,100061,210,100038,310,100062,210,100037,210,100066,210,100014,210,100092,210,99972,210,100096,100,99971,100,100098,100,99955,100,100111,100,99922,100,100119,100,99914,100,100139,100,99889,100,100143,100,99865,100
2019-06-28 09:45:56.677751571,100061,210,100038,310,100062,210,100037,210,100066,210,100014,210,100092,210,99972,210,100096,100,99971,100,100098,100,99955,100,100111,100,99922,100,100119,100,99914,100,100139,100,99889,100,100143,100,99865,100
2019-06-28 09:45:56.748920364,100061,210,100038,210,100062,210,100037,210,100066,210,100014,210,100092,210,99972,210,100096,100,99971,100,100098,100,99955,100,100111,100,99922,100,100119,100,99914,100,100139,100,99889,100,100143,100,99865,100
2019-06-28 09:46:00.000000000,100061,188,100038,188,100062,188,100037,188,100066,188,100014,188,100092,188,99972,188,100096,188,99971,188,100098,100,99955,100,100111,100,99922,100,100119,100,99914,100,100139,100,99889,100,100143,100,99865,100
2019-06-28 09:46:10.000000000,100061,320,100038,320,100062,320,100037,320,100066,100,100014,100,100092,100,99972,100,100096,100,99971,100,100098,100,99955,100,100111,100,99922,100,100119,100,99914,100,100139,100,99889,100,100143,100,99865,100
2019-06-28 09:46:10.642061327,100061,320,100038,220,100062,320,100037,320,100066,100,100014,100,100092,100,99972,100,100096,100,99971,100,100098,100,99955,100,100111,100,99922,100,100119,100,99914,100,100139,100,99889,100,100143,100,99865,100
2019-06-28 09:46:14.853066581,100061,320,100038,220,100062,320,100037,320,100066,100,100014,100,100092,100,99972,100,100096,100,99971,100,100098,100,99955,100,100111,100,99922,100,100119,100,99914,100,100139,100,99889,100,100143,100,99865,100
2019-06-28 09:46:16.739235046,100045,100,100038,220,100061,320,100037,320,100062,320,100014,100,100066,100,99972,100,100092,100,99971,100,100096,100,99955,100,100098,100,99922,100,100119,100,99914,100,100139,100,99889,100,100143,100,99865,100
2019-06-28 09:46:20.000000000,100045,210,100037,210,100061,210,100014,210,100062,210,99972,210,100066,210,99971,210,100092,100,99955,100,100096,100,99922,100,100098,100,99914,100,100119,100,99889,100,100139,100,99865,100,100143,100,99848,100
2019-06-28 09:46:21.951128187,100045,210,100037,110,100061,210,100014,210,100062,210,99972,210,100066,210,99971,210,100092,100,99955,100,100096,100,99922,100,100098,100,99914,100,100119,100,99889,100,100139,100,99865,100,100143,100,99848,100
2019-06-28 09:46:30.000000000,100045,250,100014,250,100061,246,99972,246,100062,246,99971,246,100066,100,99955,100,100092,100,99922,100,100096,100,99914,100,100098,100,99889,100,100119,100,99865,100,100139,100,99848,100,100143,100,99845,100
2019-06-28 09:46:30.863758875,100045,250,100014,150,100061,246,99972,246,100062,246,99971,246,100066,100,99955,100,100092,100,99922,100,100096,100,99914,100,100098,100,99889,100,100119,100,99865,100,100139,100,99848,100,100143,100,99845,100
2019-06-28 09:46:40.000000000,100045,541,99972,541,100061,100,99971,100,100062,100,99955,100,100066,100,99922,100,100092,100,99914,100,100096,100,99889,100,100098,100,99865,100,100119,100,99848,100,100139,100,99845,100,100143,100,99679,100
2019-06-28 09:46:41.999989555,100045,541,100038,100,100061,100,99972,541,100062,100,99971,100,100066,100,99955,100,100092,100,99922,100,100096,100,99914,100,100098,100,99889,100,100119,100,99865,100,100139,100,99848,100,100143,100,99845,100
2019-06-28 09:46:50.000000000,100045,188,100038,188,100061,188,99972,188,100062,188,99971,188,100066,188,99955,188,100092,188,99922,188,100096,100,99914,100,100098,100,99889,100,100119,100,99865,100,100139,100,99848,100,100143,100,99845,100
2019-06-28 09:47:00.000000000,100045,210,100038,210,100061,210,99972,210,100062,210,99971,210,100066,210,99955,210,100092,100,99922,100,100096,100,99914,100,100098,100,99889,100,100119,100,99865,100,100139,100,99848,100,100143,100,99845,100
2019-06-28 09:47:01.960930428,100045,110,100038,210,100061,210,99972,210,100062,210,99971,210,100066,210,99955,210,100092,100,99922,100,100096,100,99914,100,100098,100,99889,100,100119,100,99865,100,100139,100,99848,100,100143,100,99845,100
2019-06-28 09:47:10.000000000,100061,188,100038,188,100062,188,99972,188,100066,188,99971,188,100092,188,99955,188,100096,188,99922,188,100098,100,99914,100,100119,100,99889,100,100139,100,99865,100,100143,100,99848,100,100151,100,99845,100
2019-06-28 09:47:18.405081184,100061,88,100038,188,100062,188,99972,188,100066,188,99971,188,100092,188,99955,188,100096,188,99922,188,100098,100,99914,100,100119,100,99889,100,100139,100,99865,100,100143,100,99848,100,100151,100,99845,100
2019-06-28 09:47:20.000000000,100062,188,100038,188,100066,188,99972,188,100092,188,99971,188,100096,188,99955,188,100098,188,99922,188,100119,100,99914,100,100139,100,99889,100,100143,100,99865,100,100151,100,99848,100,100191,100,99845,100
2019-06-28 09:47:30.000000000,100062,541,100038,541,100066,100,99972,100,100092,100,99971,100,100096,100,99955,100,100098,100,99922,100,100119,100,99914,100,100139,100,99889,100,100143,100,99865,100,100151,100,99848,100,100191,100,99845,100
2019-06-28 09:47:40.000000000,100062,320,100038,320,100066,320,99972,320,100092,100,99971,100,100096,100,99955,100,100098,100,99922,100,100119,100,99914,100,100139,100,99889,100,100143,100,99865,100,100151,100,99848,100,100191,100,99845,100
2019-06-28 09:47:50.000000000,100062,541,100038,541,100066,100,99972,100,100092,100,99971,100,100096,100,99955,100,100098,100,99922,100,100119,100,99914,100,100139,100,99889,100,100143,100,99865,100,100151,100,99848,100,100191,100,99845,100
2019-06-28 09:48:00.000000000,100062,210,100038,210,100066,210,99972,210,100092,210,99971,210,100096,210,99955,210,100098,100,99922,100,100119,100,99914,100,100139,100,99889,100,100143,100,99865,100,100151,100,99848,100,100191,100,99845,100
2019-06-28 09:48:06.885158802,100062,210,100045,100,100066,210,100038,210,100092,210,99972,210,100096,210,99971,210,100098,100,99955,210,100119,100,99922,100,100139,100,99914,100,100143,100,99889,100,100151,100,99865,100,100191,100,99848,100
2019-06-28 09:48:10.000000000,100062,250,100045,250,100066,246,100038,246,100092,246,99972,246,100096,100,99971,100,100098,100,99955,100,100119,100,99922,100,100139,100,99914,100,100143,100,99889,100,100151,100,99865,100,100191,100,99848,100
2019-06-28 09:48:20.000000000,100062,188,100045,188,100066,188,100038,188,100092,188,99972,188,100096,188,99971,188,100098,188,99955,188,100119,100,99922,100,100139,100,99914,100,100143,100,99889,100,100151,100,99865,100,100191,100,99848,100
2019-06-28 09:48:30.000000000,100062,210,100045,210,100066,210,100038,210,100092,210,99972,210,100096,210,99971,210,100098,100,99955,100,100119,100,99922,100,100139,100,99914,100,100143,100,99889,100,100151,100,99865,100,100191,100,99848,100
2019-06-28 09:48:40.000000000,100062,188,100045,188,100066,188,100038,188,100092,188,99972,188,100096,188,99971,188,100098,188,99955,188,100119,100,99922,100,100139,100,99914,100,100143,100,99889,100,100151,100,99865,100,100191,100,99848,100
2019-06-28 09:48:40.769556219,100062,188,100045,188,100066,188,100038,188,100092,188,99972,188,100096,188,99971,188,100098,188,99955,188,100119,100,99922,100,100139,100,99914,100,100143,100,99889,100,100151,100,99865,100,100191,100,99848,100
2019-06-28 09:48:40.774215301,100062,188,100045,188,100066,188,100038,188,100092,188,99972,188,100096,188,99971,188,100098,188,99955,188,100119,100,99922,100,100139,100,99914,100,100143,100,99889,100,100151,100,99865,100,100191,100,99848,100
2019-06-28 09:48:44.584132903,100062,188,100045,188,100066,188,100038,88,100092,188,99972,188,100096,188,99971,188,100098,188,99955,188,100119,100,99922,100,100139,100,99914,100,100143,100,99889,100,100151,100,99865,100,100191,100,99848,100
2019-06-28 09:48:50.000000000,100062,320,100045,320,100066,320,99972,320,100092,100,99971,100,100096,100,99955,100,100098,100,99922,100,100119,100,99914,100,100139,100,99889,100,100143,100,99865,100,100151,100,99848,100,100191,100,99845,100
2019-06-28 09:48:53.917630166,100062,320,100045,320,100066,320,99972,320,100092,100,99971,100,100096,100,99955,100,100098,100,99922,100,100119,100,99914,100,100139,100,99889,100,100143,100,99865,100,100151,100,99848,100,100191,100,99845,100
2019-06-28 09:49:00.000000000,100062,541,100045,541,100066,100,99972,100,100092,100,99971,100,100096,100,99955,100,100098,100,99922,100,100119,100,99914,100,100139,100,99889,100,100143,100,99865,100,100151,100,99848,100,100191,100,99845,100
2019-06-28 09:49:10.000000000,100062,541,100045,541,100066,100,99972,100,100092,100,99971,100,100096,100,99955,100,100098,100,99922,100,100119,100,99914,100,100139,100,99889,100,100143,100,99865,100,100151,100,99848,100,100191,100,99845,100
2019-06-28 09:49:11.601513072,100062,541,100045,541,100066,100,99972,100,100092,100,99971,100,100096,100,99955,100,100098,100,99922,100,100119,100,99914,100,100139,100,99889,100,100143,100,99865,100,100151,100,99845,100,100191,100,99654,100
2019-06-28 09:49:20.000000000,100062,250,100045,250,100066,246,99972,246,100092,246,99971,246,100096,100,99955,100,100098,100,99922,100,100119,100,99914,100,100139,100,99889,100,100143,100,99865,100,100151,100,99845,100,100191,100,99654,100
2019-06-28 09:49:22.728511189,100062,250,100045,350,100066,246,99972,146,100092,246,99971,246,100096,100,99955,100,100098,100,99922,100,100119,100,99914,100,100139,100,99889,100,100143,100,99865,100,100151,100,99845,100,100191,100,99654,100
2019-06-28 09:49:30.000000000,100062,541,100045,641,100066,100,99971,100,100092,100,99955,100,100096,100,99922,100,100098,100,99914,100,100119,100,99889,100,100139,100,99865,100,100143,100,99845,100,100151,100,99654,100,100191,100,99630,100
2019-06-28 09:49:40.000000000,100062,250,100045,350,100066,246,99971,246,100092,246,99955,246,100096,100,99922,100,100098,100,99914,100,100119,100,99889,100,100139,100,99865,100,100143,100,99845,100,100151,100,99654,100,100191,100,99630,100
2019-06-28 09:49:50.000000000,100062,541,100045,641,100066,100,99971,100,100092,100,99955,100,100096,100,99922,100,100098,100,99914,100,100119,100,99889,100,100139,100,99865,100,100143,100,99845,100,100151,100,99654,100,100191,100,99630,100
2019-06-28 09:49:52.817816924,100062,541,100045,641,100066,100,99971,100,100092,100,99955,100,100096,100,99922,100,100098,100,99914,100,100119,100,99889,100,100139,100,99865,100,100143,100,99845,100,100151,100,99654,100,100191,100,99630,100
2019-06-28 09:50:00.000000000,100062,320,100045,420,100066,320,99971,320,100092,100,99955,100,100096,100,99922,100,100098,100,99914,100,100119,100,99889,100,100139,100,99865,100,100143,100,99845,100,100151,100,99654,100,100191,100,99630,100
2019-06-28 09:50:04.671440545,100062,220,100045,420,100066,320,99971,320,100092,100,99955,100,100096,100,99922,100,100098,100,99914,100,100119,100,99889,100,100139,100,99865,100,100143,100,99845,100,100151,100,99654,100,100191,100,99630,100
2019-06-28 09:50:10.000000000,100066,210,100045,310,100092,210,99971,210,100096,210,99955,210,100098,210,99922,210,100119,100,99914,100,100139,100,99889,100,100143,100,99865,100,100151,100,99845,100,100191,100,99654,100,100228,100,99630,100
2019-06-28 09:50:10.041084728,100066,110,100045,310,100092,210,99971,210,100096,210,99955,210,100098,210,99922,210,100119,100,99914,100,100139,100,99889,100,100143,100,99865,100,100151,100,99654,100,100191,100,99630,100,100228,100,99611,100
2019-06-28 09:50:20.000000000,100092,188,100045,288,100096,188,99971,188,100098,188,99955,188,100119,188,99922,188,100139,188,99914,188,100143,100,99889,100,100151,100,99865,100,100191,100,99654,100,100228,100,99630,100,100298,100,99611,100
2019-06-28 09:50:30.000000000,100092,541,100045,641,100096,100,99971,100,100098,100,99955,100,100119,100,99922,100,100139,100,99914,100,100143,100,99889,100,100151,100,99865,100,100191,100,99654,100,100228,100,99630,100,100298,100,99611,100
2019-06-28 09:50:40.000000000,100092,188,100045,288,100096,188,99971,188,100098,188,99955,188,100119,188,99922,188,100139,188,99914,188,100143,100,99889,100,100151,100,99865,100,100191,100,99654,100,100228,100,99630,100,100298,100,99611,100
2019-06-28 09:50:40.208017153,100092,188,100045,288,100096,188,99971,188,100098,188,99955,188,100119,188,99922,188,100139,188,99914,188,100143,100,99889,100,100151,100,99865,100,100191,100,99727,100,100298,100,99654,100,100330,100,99630,100
2019-06-28 09:50:50.000000000,100092,320,100045,420,100096,320,99971,320,100098,100,99955,100,100119,100,99922,100,100139,100,99914,100,100143,100,99889,100,100151,100,99865,100,100191,100,99727,100,100298,100,99654,100,100330,100,99630,100
2019-06-28 09:50:53.023025022,100092,320,100045,420,100096,320,99971,320,100098,100,99955,100,100119,100,99944,100,100139,100,99922,100,100143,100,99914,100,100151,100,99889,100,100191,100,99865,100,100298,100,99727,100,100330,100,99654,100
2019-06-28 09:50:55.223953525,100092,220,100045,420,100096,320,99971,320,100098,100,99955,100,100119,100,99944,100,100139,100,99922,100,100143,100,99914,100,100151,100,99889,100,100191,100,99865,100,100298,100,99727,100,100330,100,99654,100
2019-06-28 09:51:00.000000000,100096,188,100045,288,100098,188,99971,188,100119,188,99955,188,100139,188,99944,188,100143,188,99922,188,100151,100,99914,100,100191,100,99889,100,100298,100,99865,100,100330,100,99727,100,100407,100,99654,100
2019-06-28 09:51:10.000000000,100096,541,100045,641,100098,100,99971,100,100119,100,99955,100,100139,100,99944,100,100143,100,99922,100,100151,100,99914,100,100191,100,99889,100,100298,100,99865,100,100330,100,99727,100,100407,100,99654,100
2019-06-28 09:51:14.110066758,100065,100,100045,641,100096,541,99971,100,100098,100,99955,100,100119,100,99944,100,100139,100,99922,100,100143,100,99914,100,100151,100,99889,100,100191,100,99865,100,100298,100,99727,100,100330,100,99654,100
2019-06-28 09:51:14.205717203,100065,100,100045,541,100096,541,99971,100,100098,100,99955,100,100119,100,99944,100,100139,100,99922,100,100143,100,99914,100,100151,100,99889,100,100191,100,99865,100,100298,100,99727,100,100330,100,99630,100
2019-06-28 09:51:20.000000000,100065,210,100045,210,100096,210,99971,210,100098,210,99955,210,100119,210,99944,210,100139,100,99922,100,100143,100,99914,100,100151,100,99889,100,100191,100,99865,100,100298,100,99727,100,100330,100,99630,100
2019-06-28 09:51:30.000000000,100065,320,100045,320,100096,320,99971,320,100098,100,99955,100,100119,100,99944,100,100139,100,99922,100,100143,100,99914,100,100151,100,99889,100,100191,100,99865,100,100298,100,99727,100,100330,100,99630,100
2019-06-28 09:51:34.670639380,100065,320,100045,220,100096,320,99971,320,100098,100,99955,100,100119,100,99944,100,100139,100,99922,100,100143,100,99914,100,100151,100,99889,100,100191,100,99865,100,100298,100,99727,100,100330,100,99630,100
2019-06-28 09:51:40.000000000,100065,188,99971,188,100096,188,99955,188,100098,188,99944,188,100119,188,99922,188,100139,188,99914,188,100143,100,99889,100,100151,100,99865,100,100191,100,99727,100,100298,100,99630,100,100330,100,99611,100
2019-06-28 09:51:40.075254765,100045,100,99971,188,100065,188,99955,188,100096,188,99944,188,100098,188,99922,188,100119,188,99914,188,100139,188,99889,100,100143,100,99865,100,100151,100,99727,100,100191,100,99630,100,100298,100,99611,100
2019-06-28 09:51:50.000000000,100045,188,99971,188,100065,188,99955,188,100096,188,99944,188,100098,188,99922,188,100119,188,99914,188,100139,100,99889,100,100143,100,99865,100,100151,100,99727,100,100191,100,99630,100,100298,100,99611,100
2019-06-28 09:52:00.000000000,100045,541,99971,541,100065,100,99955,100,100096,100,99944,100,100098,100,99922,100,100119,100,99914,100,100139,100,99889,100,100143,100,99865,100,100151,100,99727,100,100191,100,99630,100,100298,100,99611,100
2019-06-28 09:52:01.888822504,100045,641,99971,541,100065,100,99955,100,100096,100,99944,100,100098,100,99922,100,100119,100,99914,100,100139,100,99889,100,100143,100,99865,100,100151,100,99727,100,100191,100,99630,100,100298,100,99611,100
2019-06-28 09:52:10.000000000,100045,420,99971,320,100065,320,99955,320,100096,100,99944,100,100098,100,99922,100,100119,100,99914,100,100139,100,99889,100,100143,100,99865,100,100151,100,99727,100,100191,100,99630,100,100298,100,99611,100
2019-06-28 09:52:19.164450298,100045,520,99971,320,100065,320,99955,320,100096,100,99944,100,100098,100,99922,100,100119,100,99914,100,100139,100,99889,100,100143,100,99865,100,100151,100,99727,100,100191,100,99630,100,100298,100,99611,100
2019-06-28 09:52:20.000000000,100045,520,99971,320,100065,320,99955,320,100096,100,99944,100,100098,100,99922,100,100119,100,99914,100,100139,100,99889,100,100143,100,99865,100,100151,100,99727,100,100191,100,99630,100,100298,100,99611,100
2019-06-28 09:52:27.286604847,100045,520,99971,320,100065,320,99955,220,100096,100,99944,100,100098,100,99922,100,100119,100,99914,100,100139,100,99913,100,100143,100,99889,100,100151,100,99865,100,100191,100,99727,100,100298,100,99630,100
2019-06-28 09:52:30.000000000,100045,520,99971,320,100065,320,99944,320,100096,100,99922,100,100098,100,99914,100,100119,100,99913,100,100139,100,99889,100,100143,100,99865,100,100151,100,99727,100,100191,100,99630,100,100298,100,99611,100
2019-06-28 09:52:37.229414793,100045,520,99971,320,100065,320,99944,320,100096,100,99922,100,100098,100,99914,100,100119,100,99913,100,100139,100,99889,100,100143,100,99865,100,100151,100,99727,100,100191,100,99630,100,100298,100,99611,100
2019-06-28 09:52:40.000000000,100045,410,99971,210,100065,210,99944,210,100096,210,99922,210,100098,210,99914,210,100119,100,99913,100,100139,100,99889,100,100143,100,99865,100,100151,100,99727,100,100191,100,99630,100,100298,100,99611,100
2019-06-28 09:52:50.000000000,100045,410,99971,210,100065,210,99944,210,100096,210,99922,210,100098,210,99914,210,100119,100,99913,100,100139,100,99889,100,100143,100,99865,100,100151,100,99727,100,100191,100,99630,100,100298,100,99611,100
2019-06-28 09:52:54.067926937,100045,410,99971,110,100065,210,99944,210,100096,210,99922,210,100098,210,99914,210,100119,100,99913,100,100139,100,99889,100,100143,100,99865,100,100151,100,99727,100,100191,100,99630,100,100298,100,99611,100
2019-06-28 09:52:58.928606379,100045,410,99971,110,100065,210,99944,210,100096,110,99922,210,100098,210,99914,210,100119,100,99913,100,100139,100,99889,100,100143,100,99865,100,100151,100,99727,100,100191,100,99630,100,100298,100,99611,100
2019-06-28 09:53:00.000000000,100045,450,99944,250,100065,246,99922,246,100098,246,99914,246,100119,100,99913,100,100139,100,99889,100,100143,100,99865,100,100151,100,99727,100,100191,100,99630,100,100298,100,99611,100,100330,100,99548,100
2019-06-28 09:53:08.307559225,100045,450,99944,150,100065,246,99922,246,100098,246,99914,246,100119,100,99913,100,100139,100,99889,100,100143,100,99865,100,100151,100,99727,100,100191,100,99630,100,100298,100,99611,100,100330,100,99548,100
2019-06-28 09:53:08.951061196,100045,450,99944,150,100065,246,99922,246,100098,246,99914,246,100119,100,99913,100,100139,100,99889,100,100143,100,99865,100,100151,100,99727,100,100191,100,99630,100,100298,100,99611,100,100330,100,99548,100
2019-06-28 09:53:10.000000000,100045,520,99922,320,100065,320,99914,320,100098,100,99913,100,100119,100,99889,100,100139,100,99865,100,100143,100,99727,100,100151,100,99630,100,100191,100,99611,100,100298,100,99548,100,100330,100,99457,100
2019-06-28 09:53:20.000000000,100045,741,99922,541,100065,100,99914,100,100098,100,99913,100,100119,100,99889,100,100139,100,99865,100,100143,100,99727,100,100151,100,99630,100,100191,100,99611,100,100298,100,99548,100,100330,100,99457,100
2019-06-28 09:53:24.349300399,100045,741,99922,541,100065,100,99914,100,100098,100,99913,100,100119,100,99889,100,100139,100,99865,100,100143,100,99727,100,100151,100,99649,100,100191,100,99630,100,100298,100,99611,100,100330,100,99548,100
2019-06-28 09:53:30.000000000,100045,410,99922,210,100065,210,99914,210,100098,210,99913,210,100119,210,99889,210,100139,100,99865,100,100143,100,99727,100,100151,100,99649,100,100191,100,99630,100,100298,100,99611,100,100330,100,99548,100
2019-06-28 09:53:40.000000000,100045,520,99922,320,100065,320,99914,320,100098,100,99913,100,100119,100,99889,100,100139,100,99865,100,100143,100,99727,100,100151,100,99649,100,100191,100,99630,100,100298,100,99611,100,100330,100,99548,100
2019-06-28 09:53:42.556995210,99978,100,99922,320,100045,520,99914,320,100065,320,99913,100,100098,100,99889,100,100119,100,99865,100,100139,100,99727,100,100143,100,99649,100,100151,100,99630,100,100191,100,99611,100,100298,100,99548,100
2019-06-28 09:53:50.000000000,99978,210,99922,210,100045,410,99914,210,100065,210,99913,210,100098,210,99889,210,100119,100,99865,100,100139,100,99727,100,100143,100,99649,100,100151,100,99630,100,100191,100,99611,100,100298,100,99548,100
2019-06-28 09:54:00.000000000,99978,320,99922,320,100045,520,99914,320,100065,100,99913,100,100098,100,99889,100,100119,100,99865,100,100139,100,99727,100,100143,100,99649,100,100151,100,99630,100,100191,100,99611,100,100298,100,99548,100
2019-06-28 09:54:02.551514325,99971,100,99922,320,99978,320,99914,320,100045,520,99913,100,100065,100,99889,100,100098,100,99865,100,100119,100,99727,100,100139,100,99649,100,100143,100,99630,100,100151,100,99611,100,100191,100,99548,100
2019-06-28 09:54:10.000000000,99971,541,99922,541,99978,100,99914,100,100045,300,99913,100,100065,100,99889,100,100098,100,99865,100,100119,100,99727,100,100139,100,99649,100,100143,100,99630,100,100151,100,99611,100,100191,100,99548,100
2019-06-28 09:54:20.000000000,99971,250,99922,250,99978,246,99914,246,100045,446,99913,246,100065,100,99889,100,100098,100,99865,100,100119,100,99727,100,100139,100,99649,100,100143,100,99630,100,100151,100,99611,100,100191,100,99548,100
2019-06-28 09:54:30.000000000,99971,250,99922,250,99978,246,99914,246,100045,446,99913,246,100065,100,99889,100,100098,100,99865,100,100119,100,99727,100,100139,100,99649,100,100143,100,99630,100,100151,100,99611,100,100191,100,99548,100
2019-06-28 09:54:40.000000000,99971,541,99922,541,99978,100,99914,100,100045,300,99913,100,100065,100,99889,100,100098,100,99865,100,100119,100,99727,100,100139,100,99649,100,100143,100,99630,100,100151,100,99611,100,100191,100,99548,100
2019-06-28 09:54:40.896515407,99971,541,99922,541,99978,100,99914,100,100045,300,99913,100,100065,100,99889,100,100098,100,99865,100,100119,100,99727,100,100139,100,99649,100,100143,100,99630,100,100151,100,99611,100,100191,100,99548,100
2019-06-28 09:54:48.550962808,99971,541,99922,441,99978,100,99914,100,100045,300,99913,100,100065,100,99889,100,100098,100,99865,100,100119,100,99727,100,100139,100,99649,100,100143,100,99630,100,100151,100,99611,100,100191,100,99548,100
2019-06-28 09:54:50.000000000,99971,210,99914,210,99978,210,99913,210,100045,410,99889,210,100065,210,99865,210,100098,100,99727,100,100119,100,99649,100,100139,100,99630,100,100143,100,99611,100,100151,100,99548,100,100191,100,99505,100
2019-06-28 09:54:59.300426175,99944,100,99914,210,99971,210,99913,210,99978,210,99889,210,100045,410,99865,210,100065,110,99727,100,100098,100,99649,100,100119,100,99630,100,100139,100,99611,100,100143,100,99548,100,100151,100,99505,100
2019-06-28 09:55:00.000000000,99944,541,99914,541,99971,100,99913,100,99978,100,99889,100,100045,300,99865,100,100098,100,99727,100,100119,100,99649,100,100139,100,99630,100,100143,100,99611,100,100151,100,99548,100,100191,100,99505,100
2019-06-28 09:55:10.000000000,99944,210,99914,210,99971,210,99913,210,99978,210,99889,210,100045,410,99865,210,100098,100,99727,100,100119,100,99649,100,100139,100,99630,100,100143,100,99611,100,100151,100,99548,100,100191,100,99505,100
2019-06-28 09:55:11.833628386,99944,210,99914,210,99971,210,99913,210,99978,210,99889,210,100045,410,99865,210,100098,100,99727,100,100139,100,99649,100,100143,100,99630,100,100151,100,99611,100,100191,100,99548,100,100298,100,99505,100
2019-06-28 09:55:16.156121164,99944,210,99914,210,99971,210,99913,210,99978,210,99889,210,100045,410,99865,210,100098,100,99727,100,100139,100,99714,100,100143,100,99649,100,100151,100,99630,100,100191,100,99611,100,100298,100,99548,100
2019-06-28 09:55:20.000000000,99944,210,99914,210,99971,210,99913,210,99978,210,99889,210,100045,410,99865,210,100098,100,99727,100,100139,100,99714,100,100143,100,99649,100,100151,100,99630,100,100191,100,99611,100,100298,100,99548,100
2019-06-28 09:55:20.344197372,99944,210,99914,110,99971,210,99913,210,99978,210,99889,210,100045,410,99865,210,100098,100,99727,100,100139,100,99714,100,100143,100,99649,100,100151,100,99630,100,100191,100,99548,100,100298,100,99505,100
2019-06-28 09:55:20.669078080,99944,210,99914,10,99971,210,99913,210,99978,210,99889,210,100045,410,99865,210,100098,100,99727,100,100139,100,99714,100,100143,100,99649,100,100151,100,99630,100,100191,100,99548,100,100298,100,99505,100
2019-06-28 09:55:30.000000000,99944,541,99913,541,99971,100,99889,100,99978,100,99865,100,100045,300,99727,100,100098,100,99714,100,100139,100,99649,100,100143,100,99630,100,100151,100,99548,100,100191,100,99505,100,100298,100,99457,100
2019-06-28 09:55:40.000000000,99944,541,99913,541,99971,100,99889,100,99978,100,99865,100,100045,300,99727,100,100098,100,99714,100,100139,100,99649,100,100143,100,99630,100,100151,100,99548,100,100191,100,99505,100,100298,100,99457,100
2019-06-28 09:55:47.535627355,99944,541,99913,541,99971,100,99889,100,99978,100,99865,100,100045,300,99727,100,100098,100,99714,100,100139,100,99649,100,100143,100,99640,100,100151,100,99548,100,100191,100,99505,100,100298,100,99457,100
2019-06-28 09:55:50.000000000,99944,541,99913,541,99971,100,99889,100,99978,100,99865,100,100045,300,99727,100,100098,100,99714,100,100139,100,99649,100,100143,100,99640,100,100151,100,99548,100,100191,100,99505,100,100298,100,99457,100
2019-06-28 09:55:53.316049074,99944,541,99913,441,99971,100,99889,100,99978,100,99865,100,100045,300,99727,100,100098,100,99714,100,100139,100,99649,100,100143,100,99640,100,100151,100,99548,100,100298,100,99505,100,100330,100,99457,100
2019-06-28 09:56:00.000000000,99944,320,99889,320,99971,320,99865,320,99978,100,99727,100,100045,300,99714,100,100098,100,99649,100,100139,100,99640,100,100143,100,99548,100,100151,100,99505,100,100298,100,99457,100,100330,100,99349,100
2019-06-28 09:56:03.620082934,99914,100,99889,320,99944,320,99865,320,99971,320,99727,100,99978,100,99714,100,100045,300,99649,100,100098,100,99640,100,100139,100,99548,100,100143,100,99505,100,100151,100,99457,100,100298,100,99349,100
2019-06-28 09:56:06.715518806,99914,100,99889,220,99944,320,99865,320,99971,320,99727,100,99978,100,99714,100,100045,300,99649,100,100098,100,99640,100,100139,100,99548,100,100143,100,99505,100,100151,100,99457,100,100298,100,99349,100
2019-06-28 09:56:07.908917275,99914,100,99889,220,99944,320,99865,220,99971,320,99727,100,99978,100,99714,100,100045,300,99649,100,100098,100,99640,100,100139,100,99577,100,100143,100,99548,100,100151,100,99505,100,100298,100,99457,100
2019-06-28 09:56:10.000000000,99914,210,99727,210,99944,210,99714,210,99971,210,99649,210,99978,210,99640,210,100045,300,99577,100,100098,100,99548,100,100139,100,99505,100,100143,100,99457,100,100151,100,99349,100,100298,100,99320,100
2019-06-28 09:56:16.663518717,99914,210,99727,210,99944,210,99714,210,99971,210,99711,100,99978,210,99649,210,100045,300,99640,210,100098,100,99577,100,100139,100,99548,100,100143,100,99505,100,100151,100,99349,100,100298,100,99320,100
2019-06-28 09:56:20.000000000,99914,541,99727,541,99944,100,99714,100,99971,100,99711,100,99978,100,99649,100,100045,300,99640,100,100098,100,99577,100,100139,100,99548,100,100143,100,99505,100,100151,100,99349,100,100298,100,99320,100
2019-06-28 09:56:30.000000000,99914,250,99727,250,99944,246,99714,246,99971,246,99711,246,99978,100,99649,100,100045,300,99640,100,100098,100,99577,100,100139,100,99548,100,100143,100,99505,100,100151,100,99349,100,100298,100,99320,100
2019-06-28 09:56:39.585634035,99914,250,99727,250,99944,246,99714,246,99971,246,99711,246,99978,100,99649,100,100045,300,99640,100,100098,100,99577,100,100139,100,99548,100,100143,100,99505,100,100151,100,99434,100,100298,100,99349,100
2019-06-28 09:56:40.000000000,99914,320,99727,320,99944,320,99714,320,99971,100,99711,100,99978,100,99649,100,100045,300,99640,100,100098,100,99577,100,100139,100,99548,100,100143,100,99505,100,100151,100,99434,100,100298,100,99349,100
2019-06-28 09:56:50.000000000,99914,250,99727,250,99944,246,99714,246,99971,246,99711,246,99978,100,99649,100,100045,300,99640,100,100098,100,99577,100,100139,100,99548,100,100143,100,99505,100,100151,100,99434,100,100298,100,99349,100
2019-06-28 09:56:53.955740889,99913,100,99727,250,99914,250,99714,246,99944,246,99711,246,99971,146,99649,100,99978,100,99640,100,100045,300,99577,100,100098,100,99548,100,100139,100,99505,100,100143,100,99434,100,100151,100,99349,100
2019-06-28 09:56:56.635656094,99913,100,99789,100,99914,250,99727,250,99944,246,99714,246,99971,146,99711,246,99978,100,99649,100,100045,300,99640,100,100098,100,99577,100,100139,100,99548,100,100143,100,99505,100,100151,100,99434,100
2019-06-28 09:57:00.000000000,99913,320,99789,320,99914,320,99727,320,99944,100,99714,100,99978,100,99711,100,100045,300,99649,100,100098,100,99640,100,100139,100,99577,100,100143,100,99548,100,100151,100,99505,100,100298,100,99434,100
2019-06-28 09:57:10.000000000,99913,188,99789,188,99914,188,99727,188,99944,188,99714,188,99978,188,99711,188,100045,388,99649,188,100098,100,99640,100,100139,100,99577,100,100143,100,99548,100,100151,100,99505,100,100298,100,99434,100
2019-06-28 09:57:20.000000000,99913,210,99789,210,99914,210,99727,210,99944,210,99714,210,99978,210,99711,210,100045,300,99649,100,100098,100,99640,100,100139,100,99577,100,100143,100,99548,100,100151,100,99505,100,100298,100,99434,100
2019-06-28 09:57:21.943844991,99913,210,99789,110,99914,210,99727,210,99944,210,99714,210,99978,210,99711,210,100045,300,99649,100,100098,100,99640,100,100139,100,99577,100,100143,100,99548,100,100151,100,99505,100,100298,100,99434,100
2019-06-28 09:57:28.930153268,99889,100,99789,110,99913,210,99727,210,99914,210,99714,210,99944,210,99711,210,99978,210,99649,100,100045,200,99640,100,100098,100,99577,100,100139,100,99548,100,100143,100,99505,100,100151,100,99434,100
2019-06-28 09:57:30.000000000,99889,541,99727,541,99913,100,99714,100,99914,100,99711,100,99944,100,99649,100,99978,100,99640,100,100045,200,99577,100,100098,100,99548,100,100139,100,99505,100,100143,100,99434,100,100151,100,,
2019-06-28 09:57:33.710341202,99889,541,99727,441,99913,100,99714,100,99914,100,99711,100,99944,100,99649,100,99978,100,99640,100,100045,200,99577,100,100098,100,99548,100,100139,100,99505,100,100143,100,99434,100,100151,100,,
2019-06-28 09:57:40.000000000,99889,250,99714,250,99913,246,99711,246,99914,246,99649,246,99944,100,99640,100,99978,100,99577,100,100045,200,99548,100,100098,100,99505,100,100139,100,99434,100,100143,100,,,100151,100,,
2019-06-28 09:57:50.000000000,99889,541,99714,541,99913,100,99711,100,99914,100,99649,100,99944,100,99640,100,99978,100,99577,100,100045,200,99548,100,100098,100,99505,100,100139,100,99434,100,100143,100,,,100151,100,,
2019-06-28 09:58:00.000000000,99889,210,99714,210,99913,210,99711,210,99914,210,99649,210,99944,210,99640,210,99978,100,99577,100,100045,200,99548,100,100098,100,99505,100,100139,100,99434,100,100143,100,,,100151,100,,
2019-06-28 09:58:01.147966232,99889,210,99714,210,99913,210,99711,210,99914,210,99649,210,99944,210,99640,210,99978,100,99577,100,100045,200,99548,100,100098,100,99505,100,100139,100,99434,100,100143,100,99290,100,100151,100,,
2019-06-28 09:58:04.013505829,99889,210,99714,110,99913,210,99711,210,99914,210,99649,210,99944,210,99640,210,99978,100,99577,100,100045,200,99548,100,100098,100,99505,100,100139,100,99434,100,100143,100,99290,100,100151,100,,
2019-06-28 09:58:10.000000000,99889,188,99711,188,99913,188,99649,188,99914,188,99640,188,99944,188,99577,188,99978,188,99548,188,100045,200,99505,100,100098,100,99434,100,100139,100,99290,100,100143,100,,,100151,100,,
2019-06-28 09:58:19.599957090,99889,188,99711,88,99913,188,99649,188,99914,188,99640,188,99944,188,99577,188,99978,188,99548,188,100045,200,99505,100,100098,100,99434,100,100139,100,99290,100,100143,100,,,100151,100,,
2019-06-28 09:58:20.000000000,99889,541,99649,541,99913,100,99640,100,99914,100,99577,100,99944,100,99548,100,99978,100,99505,100,100045,200,99434,100,100098,100,99290,100,100139,100,,,100143,100,,,100151,100,,
2019-06-28 09:58:28.998874396,99714,100,99649,541,99889,541,99640,100,99913,100,99577,100,99914,100,99548,100,99944,100,99505,100,99978,100,99434,100,100045,200,99290,100,100098,100,,,100139,100,,,100143,100,,
2019-06-28 09:58:30.000000000,99714,320,99649,320,99889,320,99640,320,99913,100,99577,100,99914,100,99548,100,99944,100,99505,100,99978,100,99434,100,100045,200,99290,100,100098,100,,,100139,100,,,100143,100,,
2019-06-28 09:58:40.000000000,99714,320,99649,320,99889,320,99640,320,99913,100,99577,100,99914,100,99548,100,99944,100,99505,100,99978,100,99434,100,100045,200,99290,100,100098,100,,,100139,100,,,100143,100,,
2019-06-28 09:58:45.235737053,99714,320,99649,220,99889,320,99640,320,99913,100,99577,100,99914,100,99548,100,99944,100,99505,100,99978,100,99434,100,100045,200,99290,100,100098,100,,,100139,100,,,100143,100,,
2019-06-28 09:58:47.905068821,99714,320,99649,220,99889,320,99640,320,99913,100,99577,100,99914,100,99548,100,99944,100,99505,100,99978,100,99434,100,100045,200,99290,100,100098,100,99279,100,100139,100,,,100143,100,,
2019-06-28 09:58:50.000000000,99714,320,99640,320,99889,320,99577,320,99913,100,99548,100,99914,100,99505,100,99944,100,99434,100,99978,100,99290,100,100045,200,99279,100,100098,100,,,100139,100,,,100143,100,,
2019-06-28 09:59:00.000000000,99714,320,99640,320,99889,320,99577,320,99913,100,99548,100,99914,100,99505,100,99944,100,99434,100,99978,100,99290,100,100045,200,99279,100,100098,100,,,100139,100,,,100143,100,,
2019-06-28 09:59:08.160492050,99714,320,99640,320,99889,320,99594,100,99913,100,99577,320,99914,100,99548,100,99944,100,99505,100,99978,100,99434,100,100045,200,99290,100,100098,100,99279,100,100139,100,,,100143,100,,
2019-06-28 09:59:10.000000000,99714,541,99640,541,99889,100,99594,100,99913,100,99577,100,99914,100,99548,100,99944,100,99505,100,99978,100,99434,100,100045,200,99290,100,100098,100,99279,100,100139,100,,,100143,100,,
2019-06-28 09:59:20.000000000,99714,250,99640,250,99889,246,99594,246,99913,246,99577,246,99914,100,99548,100,99944,100,99505,100,99978,100,99434,100,100045,200,99290,100,100098,100,99279,100,100139,100,,,100143,100,,
2019-06-28 09:59:30.000000000,99714,210,99640,210,99889,210,99594,210,99913,210,99577,210,99914,210,99548,210,99944,100,99505,100,99978,100,99434,100,100045,200,99290,100,100098,100,99279,100,100139,100,,,100143,100,,
2019-06-28 09:59:40.000000000,99714,250,99640,250,99889,246,99594,246,99913,246,99577,246,99914,100,99548,100,99944,100,99505,100,99978,100,99434,100,100045,200,99290,100,100098,100,99279,100,100139,100,,,100143,100,,
2019-06-28 09:59:40.938076024,99714,250,99640,250,99889,246,99594,246,99913,246,99577,246,99914,100,99548,100,99944,100,99505,100,100045,200,99477,100,100098,100,99434,100,100139,100,99290,100,100143,100,99279,100,100151,100,,
2019-06-28 09:59:43.989576974,99714,250,99640,150,99889,246,99594,246,99913,246,99577,246,99914,100,99548,100,99944,100,99505,100,100045,200,99477,100,100098,100,99434,100,100139,100,99290,100,100143,100,99279,100,100151,100,,
2019-06-28 09:59:50.000000000,99714,541,99594,541,99889,100,99577,100,99913,100,99548,100,99914,100,99505,100,99944,100,99477,100,100045,200,99434,100,100098,100,99290,100,100139,100,99279,100,100143,100,,,100151,100,,
2019-06-28 10:00:00.000000000,99714,320,99594,320,99889,320,99577,320,99913,100,99548,100,99914,100,99505,100,99944,100,99477,100,100045,200,99434,100,100098,100,99290,100,100139,100,99279,100,100143,100,,,100151,100,,
2019-06-28 10:00:00.240125319,99714,320,99594,220,99889,320,99577,320,99913,100,99548,100,99914,100,99505,100,99944,100,99434,100,100045,200,99290,100,100098,100,99279,100,100139,100,,,100143,100,,,100151,100,,
2019-06-28 10:00:03.855470876,99714,320,99594,220,99889,320,99577,320,99913,100,99548,100,99914,100,99505,100,99944,100,99434,100,100045,200,99368,100,100098,100,99290,100,100139,100,99279,100,100151,100,,,100330,100,,
2019-06-28 10:00:10.000000000,99714,320,99577,320,99889,320,99548,320,99913,100,99505,100,99914,100,99434,100,99944,100,99368,100,100045,200,99290,100,100098,100,99279,100,100139,100,,,100151,100,,,100330,100,,
2019-06-28 10:00:17.410742688,99714,320,99577,320,99767,100,99548,320,99889,320,99505,100,99913,100,99434,100,99914,100,99368,100,99944,100,99290,100,100045,200,99279,100,100098,100,,,100139,100,,,100151,100,,
2019-06-28 10:00:17.675418812,99714,320,99577,320,99767,100,99560,100,99889,320,99548,320,99913,100,99505,100,99914,100,99434,100,99944,100,99368,100,100045,200,99290,100,100098,100,99279,100,100139,100,,,100151,100,,
2019-06-28 10:00:20.000000000,99714,188,99577,188,99767,188,99560,188,99889,188,99548,188,99913,188,99505,188,99914,188,99434,188,99944,100,99368,100,100045,200,99290,100,100098,100,99279,100,100139,100,,,100151,100,,
2019-06-28 10:00:30.000000000,99714,320,99577,320,99767,320,99560,320,99889,100,99548,100,99913,100,99505,100,99914,100,99434,100,99944,100,99368,100,100045,200,99290,100,100098,100,99279,100,100139,100,,,100151,100,,
2019-06-28 10:00:37.545725430,99714,320,99577,320,99767,320,99560,320,99889,100,99548,100,99913,100,99505,100,99944,100,99434,100,100045,200,99368,100,100098,100,99290,100,100139,100,99279,100,100151,100,,,100330,100,,
2019-06-28 10:00:40.000000000,99714,250,99577,250,99767,246,99560,246,99889,246,99548,246,99913,100,99505,100,99944,100,99434,100,100045,200,99368,100,100098,100,99290,100,100139,100,99279,100,100151,100,,,100330,100,,
2019-06-28 10:00:42.705212360,99714,150,99577,250,99767,246,99560,246,99889,246,99548,246,99913,100,99505,100,99944,100,99434,100,100045,200,99368,100,100098,100,99290,100,100139,100,99279,100,100151,100,,,100330,100,,
2019-06-28 10:00:50.000000000,99767,320,99577,320,99889,320,99560,320,99913,100,99548,100,99944,100,99505,100,100045,200,99434,100,100098,100,99368,100,100139,100,99290,100,100151,100,99279,100,100330,100,,,,,,
2019-06-28 10:00:58.427161208,99615,100,99577,320,99767,320,99560,320,99889,320,99548,100,99913,100,99505,100,99944,100,99434,100,100045,200,99368,100,100098,100,99290,100,100139,100,99279,100,100151,100,,,100330,100,,
2019-06-28 10:01:00.000000000,99615,320,99577,320,99767,320,99560,320,99889,100,99548,100,99913,100,99505,100,99944,100,99434,100,100045,200,99368,100,100098,100,99290,100,100139,100,99279,100,100151,100,,,100330,100,,
2019-06-28 10:01:10.000000000,99615,210,99577,210,99767,210,99560,210,99889,210,99548,210,99913,210,99505,210,99944,100,99434,100,100045,200,99368,100,100098,100,99290,100,100139,100,99279,100,100151,100,,,100330,100,,
2019-06-28 10:01:20.000000000,99615,320,99577,320,99767,320,99560,320,99889,100,99548,100,99913,100,99505,100,99944,100,99434,100,100045,200,99368,100,100098,100,99290,100,100139,100,99279,100,100151,100,,,100330,100,,
2019-06-28 10:01:30.000000000,99615,188,99577,188,99767,188,99560,188,99889,188,99548,188,99913,188,99505,188,99944,188,99434,188,100045,200,99368,100,100098,100,99290,100,100139,100,99279,100,100151,100,,,100330,100,,
2019-06-28 10:01:40.000000000,99615,541,99577,541,99767,100,99560,100,99889,100,99548,100,99913,100,99505,100,99944,100,99434,100,100045,200,99368,100,100098,100,99290,100,100139,100,99279,100,100151,100,,,100330,100,,
2019-06-28 10:01:50.000000000,99615,250,99577,250,99767,246,99560,246,99889,246,99548,246,99913,100,99505,100,99944,100,99434,100,100045,200,99368,100,100098,100,99290,100,100139,100,99279,100,100151,100,,,100330,100,,
2019-06-28 10:02:00.000000000,99615,250,99577,250,99767,246,99560,246,99889,246,99548,246,99913,100,99505,100,99944,100,99434,100,100045,200,99368,100,100098,100,99290,100,100139,100,99279,100,100151,100,,,100330,100,,
2019-06-28 10:02:10.000000000,99615,210,99577,210,99767,210,99560,210,99889,210,99548,210,99913,210,99505,210,99944,100,99434,100,100045,200,99368,100,100098,100,99290,100,100139,100,99279,100,100151,100,,,100330,100,,
2019-06-28 10:02:11.816797682,99615,210,99577,210,99744,100,99560,110,99767,210,99548,210,99889,210,99505,210,99913,210,99434,100,99944,100,99368,100,100045,200,99290,100,100098,100,99279,100,100139,100,,,100151,100,,
2019-06-28 10:02:15.941054552,99615,210,99577,210,99713,100,99560,110,99744,100,99548,210,99767,210,99505,210,99889,210,99434,100,99913,110,99368,100,99944,100,99290,100,100045,200,99279,100,100098,100,,,100139,100,,
2019-06-28 10:02:18.700714972,99615,210,99577,210,99713,100,99560,110,99744,100,99548,210,99767,110,99505,210,99878,100,99434,100,99889,210,99368,100,99913,110,99290,100,99944,100,99279,100,100045,200,,,100098,100,,
2019-06-28 10:02:20.000000000,99615,320,99577,320,99713,320,99548,320,99744,100,99505,100,99878,100,99434,100,99889,100,99368,100,99944,100,99290,100,100045,200,99279,100,100098,100,,,100139,100,,,100151,100,,
2019-06-28 10:02:30.000000000,99615,320,99577,320,99713,320,99548,320,99744,100,99505,100,99878,100,99434,100,99889,100,99368,100,99944,100,99290,100,100045,200,99279,100,100098,100,,,100139,100,,,100151,100,,
2019-06-28 10:02:35.184434066,99615,320,99577,320,99713,320,99569,100,99744,100,99548,320,99878,100,99505,100,99889,100,99434,100,99944,100,99368,100,100045,200,99290,100,100098,100,99279,100,100139,100,,,100151,100,,
2019-06-28 10:02:40.000000000,99615,320,99577,320,99713,320,99569,320,99744,100,99548,100,99878,100,99505,100,99889,100,99434,100,99944,100,99368,100,100045,200,99290,100,100098,100,99279,100,100139,100,,,100151,100,,
2019-06-28 10:02:49.987062230,99615,320,99577,320,99713,320,99569,320,99744,100,99548,100,99878,100,99505,100,99889,100,99434,100,99944,100,99399,100,100045,200,99368,100,100098,100,99290,100,100139,100,99279,100,100151,100,,
2019-06-28 10:02:50.000000000,99615,320,99577,320,99713,320,99569,320,99744,100,99548,100,99878,100,99505,100,99889,100,99434,100,99944,100,99399,100,100045,200,99368,100,100098,100,99290,100,100139,100,99279,100,100151,100,,
2019-06-28 10:02:51.980960314,99615,320,99577,220,99713,320,99569,320,99878,100,99548,100,99889,100,99505,100,99944,100,99434,100,100045,200,99399,100,100098,100,99368,100,100139,100,99290,100,100151,100,99279,100,100330,100,,
2019-06-28 10:02:54.997564332,99615,320,99577,220,99713,320,99569,320,99878,100,99554,100,99889,100,99548,100,99944,100,99505,100,100045,200,99434,100,100098,100,99399,100,100139,100,99368,100,100151,100,99290,100,100330,100,99279,100
2019-06-28 10:02:55.931730646,99615,320,99577,220,99651,100,99569,320,99713,320,99554,100,99878,100,99548,100,99889,100,99505,100,99944,100,99434,100,100045,200,99399,100,100098,100,99368,100,100139,100,99290,100,100151,100,99279,100
2019-06-28 10:02:56.364220683,99615,320,99577,120,99651,100,99569,320,99713,320,99554,100,99878,100,99548,100,99889,100,99505,100,99944,100,99434,100,100045,200,99399,100,100098,100,99368,100,100139,100,99290,100,100151,100,99279,100
2019-06-28 10:02:56.532275938,99615,320,99577,120,99651,100,99569,320,99713,320,99554,100,99878,100,99548,100,99889,100,99505,100,99944,100,99434,100,100045,200,99400,100,100098,100,99399,100,100139,100,99368,100,100151,100,99290,100
2019-06-28 10:03:00.000000000,99615,541,99569,541,99651,100,99554,100,99713,100,99548,100,99878,100,99505,100,99889,100,99434,100,99944,100,99400,100,100045,200,99399,100,100098,100,99368,100,100139,100,99290,100,100151,100,99279,100
2019-06-28 10:03:10.000000000,99615,188,99569,188,99651,188,99554,188,99713,188,99548,188,99878,188,99505,188,99889,188,99434,188,99944,100,99400,100,100045,200,99399,100,100098,100,99368,100,100139,100,99290,100,100151,100,99279,100
2019-06-28 10:03:20.000000000,99615,541,99569,541,99651,100,99554,100,99713,100,99548,100,99878,100,99505,100,99889,100,99434,100,99944,100,99400,100,100045,200,99399,100,100098,100,99368,100,100139,100,99290,100,100151,100,99279,100
2019-06-28 10:03:30.000000000,99615,541,99569,541,99651,100,99554,100,99713,100,99548,100,99878,100,99505,100,99889,100,99434,100,99944,100,99400,100,100045,200,99399,100,100098,100,99368,100,100139,100,99290,100,100151,100,99279,100
2019-06-28 10:03:40.000000000,99615,250,99569,250,99651,246,99554,246,99713,246,99548,246,99878,100,99505,100,99889,100,99434,100,99944,100,99400,100,100045,200,99399,100,100098,100,99368,100,100139,100,99290,100,100151,100,99279,100
2019-06-28 10:03:50.000000000,99615,250,99569,250,99651,246,99554,246,99713,246,99548,246,99878,100,99505,100,99889,100,99434,100,99944,100,99400,100,100045,200,99399,100,100098,100,99368,100,100139,100,99290,100,100151,100,99279,100
2019-06-28 10:03:56.918126498,99615,150,99569,250,99651,246,99554,246,99713,246,99548,146,99878,100,99505,100,99889,100,99434,100,99944,100,99400,100,100045,200,99399,100,100098,100,99368,100,100139,100,99290,100,100151,100,99279,100
2019-06-28 10:04:00.000000000,99651,320,99569,320,99713,320,99554,320,99878,100,99505,100,99889,100,99434,100,99944,100,99400,100,100045,200,99399,100,100098,100,99368,100,100139,100,99290,100,100151,100,99279,100,100330,100,,
2019-06-28 10:04:10.000000000,99651,250,99569,250,99713,246,99554,246,99878,246,99505,246,99889,100,99434,100,99944,100,99400,100,100045,200,99399,100,100098,100,99368,100,100139,100,99290,100,100151,100,99279,100,100330,100,,
2019-06-28 10:04:20.000000000,99651,320,99569,320,99713,320,99554,320,99878,100,99505,100,99889,100,99434,100,99944,100,99400,100,100045,200,99399,100,100098,100,99368,100,100139,100,99290,100,100151,100,99279,100,100330,100,,
2019-06-28 10:04:30.000000000,99651,250,99569,250,99713,246,99554,246,99878,246,99505,246,99889,100,99434,100,99944,100,99400,100,100045,200,99399,100,100098,100,99368,100,100139,100,99290,100,100151,100,99279,100,100330,100,,
2019-06-28 10:04:40.000000000,99651,320,99569,320,99713,320,99554,320,99878,100,99505,100,99889,100,99434,100,99944,100,99400,100,100045,200,99399,100,100098,100,99368,100,100139,100,99290,100,100151,100,99279,100,100330,100,,
2019-06-28 10:04:50.000000000,99651,320,99569,320,99713,320,99554,320,99878,100,99505,100,99889,100,99434,100,99944,100,99400,100,100045,200,99399,100,100098,100,99368,100,100139,100,99290,100,100151,100,99279,100,100330,100,,
2019-06-28 10:05:00.000000000,99651,250,99569,250,99713,246,99554,246,99878,246,99505,246,99889,100,99434,100,99944,100,99400,100,100045,200,99399,100,100098,100,99368,100,100139,100,99290,100,100151,100,99279,100,100330,100,,
2019-06-28 10:05:10.000000000,99651,320,99569,320,99713,320,99554,320,99878,100,99505,100,99889,100,99434,100,99944,100,99400,100,100045,200,99399,100,100098,100,99368,100,100139,100,99290,100,100151,100,99279,100,100330,100,,
2019-06-28 10:05:20.000000000,99651,320,99569,320,99713,320,99554,320,99878,100,99505,100,99889,100,99434,100,99944,100,99400,100,100045,200,99399,100,100098,100,99368,100,100139,100,99290,100,100151,100,99279,100,100330,100,,
2019-06-28 10:05:29.168368215,99651,320,99569,320,99713,320,99554,320,99878,100,99505,100,99889,100,99400,100,99944,100,99399,100,100045,200,99368,100,100098,100,99306,100,100139,100,99290,100,100151,100,99279,100,100330,100,,
2019-06-28 10:05:30.000000000,99651,320,99569,320,99713,320,99554,320,99878,100,99505,100,99889,100,99400,100,99944,100,99399,100,100045,200,99368,100,100098,100,99306,100,100139,100,99290,100,100151,100,99279,100,100330,100,,
2019-06-28 10:05:40.000000000,99651,541,99569,541,99713,100,99554,100,99878,100,99505,100,99889,100,99400,100,99944,100,99399,100,100045,200,99368,100,100098,100,99306,100,100139,100,99290,100,100151,100,99279,100,100330,100,,
2019-06-28 10:05:50.000000000,99651,250,99569,250,99713,246,99554,246,99878,246,99505,246,99889,100,99400,100,99944,100,99399,100,100045,200,99368,100,100098,100,99306,100,100139,100,99290,100,100151,100,99279,100,100330,100,,
2019-06-28 10:06:00.000000000,99651,250,99569,250,99713,246,99554,246,99878,246,99505,246,99889,100,99400,100,99944,100,99399,100,100045,200,99368,100,100098,100,99306,100,100139,100,99290,100,100151,100,99279,100,100330,100,,
2019-06-28 10:06:07.866692737,99651,250,99569,250,99713,246,99554,246,99878,246,99505,246,99889,100,99501,100,99944,100,99400,100,100045,200,99399,100,100098,100,99306,100,100139,100,99290,100,100151,100,99279,100,100330,100,,
2019-06-28 10:06:10.000000000,99651,210,99569,210,99713,210,99554,210,99878,210,99505,210,99889,210,99501,210,99944,100,99400,100,100045,200,99399,100,100098,100,99306,100,100139,100,99290,100,100151,100,99279,100,100330,100,,
2019-06-28 10:06:20.000000000,99651,320,99569,320,99713,320,99554,320,99878,100,99505,100,99889,100,99501,100,99944,100,99400,100,100045,200,99399,100,100098,100,99306,100,100139,100,99290,100,100151,100,99279,100,100330,100,,
2019-06-28 10:06:20.473128126,99651,320,99569,320,99713,320,99554,320,99845,100,99505,100,99878,100,99501,100,99889,100,99400,100,99944,100,99399,100,100045,200,99306,100,100098,100,99290,100,100139,100,99279,100,100151,100,,
2019-06-28 10:06:30.000000000,99651,188,99569,188,99713,188,99554,188,99845,188,99505,188,99878,188,99501,188,99889,188,99400,188,99944,100,99399,100,100045,200,99306,100,100098,100,99290,100,100139,100,99279,100,100151,100,,
2019-06-28 10:06:33.011024190,99651,188,99569,188,99702,100,99554,188,99713,188,99505,188,99845,188,99501,188,99878,188,99400,188,99889,188,99399,100,99944,100,99306,100,100045,200,99290,100,100098,100,99279,100,100139,100,,
2019-06-28 10:06:40.000000000,99651,250,99569,250,99702,246,99554,246,99713,246,99505,246,99845,100,99501,100,99878,100,99400,100,99889,100,99399,100,99944,100,99306,100,100045,200,99290,100,100098,100,99279,100,100139,100,,
2019-06-28 10:06:50.000000000,99651,210,99569,210,99702,210,99554,210,99713,210,99505,210,99845,210,99501,210,99878,100,99400,100,99889,100,99399,100,99944,100,99306,100,100045,200,99290,100,100098,100,99279,100,100139,100,,
2019-06-28 10:06:55.425520995,99651,210,99569,110,99702,210,99554,210,99713,210,99505,210,99845,210,99501,210,99878,100,99400,100,99889,100,99399,100,99944,100,99306,100,100045,200,99290,100,100098,100,99279,100,100139,100,,
2019-06-28 10:07:00.000000000,99651,250,99554,250,99702,246,99505,246,99713,246,99501,246,99845,100,99400,100,99878,100,99399,100,99889,100,99306,100,99944,100,99290,100,100045,200,99279,100,100098,100,,,100139,100,,
2019-06-28 10:07:10.000000000,99651,320,99554,320,99702,320,99505,320,99713,100,99501,100,99845,100,99400,100,99878,100,99399,100,99889,100,99306,100,99944,100,99290,100,100045,200,99279,100,100098,100,,,100139,100,,
