,ask_price_1,ask_size_1,bid_price_1,bid_size_1,ask_price_2,ask_size_2,bid_price_2,bid_size_2,ask_price_3,ask_size_3,bid_price_3,bid_size_3,ask_price_4,ask_size_4,bid_price_4,bid_size_4,ask_price_5,ask_size_5,bid_price_5,bid_size_5,ask_price_6,ask_size_6,bid_price_6,bid_size_6,ask_price_7,ask_size_7,bid_price_7,bid_size_7,ask_price_8,ask_size_8,bid_price_8,bid_size_8,ask_price_9,ask_size_9,bid_price_9,bid_size_9,ask_price_10,ask_size_10,bid_price_10,bid_size_10
2019-06-28 09:30:00.000000000,100070,100,,,,,,,,,,,,,,,,,,,,,,,,,,,,,,,,,,,,,,
2019-06-28 09:30:00.000000001,100070,100,99857,100,,,,,,,,,,,,,,,,,,,,,,,,,,,,,,,,,,,,
2019-06-28 09:30:00.000000002,100018,100,99857,100,100070,100,,,,,,,,,,,,,,,,,,,,,,,,,,,,,,,,,,
2019-06-28 09:30:00.000000004,100018,100,99857,100,100070,100,,,100105,100,,,,,,,,,,,,,,,,,,,,,,,,,,,,,,
2019-06-28 09:30:00.000000005,99961,100,99857,100,100009,100,,,100018,100,,,100070,100,,,100081,100,,,100105,100,,,,,,,,,,,,,,,,,,
2019-06-28 09:30:00.000000010,100009,100,99857,100,100018,100,,,100070,100,,,100081,100,,,100105,100,,,,,,,,,,,,,,,,,,,,,,
2019-06-28 09:30:00.000000013,100009,100,99897,100,100018,100,99857,100,100070,100,,,100081,100,,,100105,100,,,,,,,,,,,,,,,,,,,,,,
2019-06-28 09:30:00.000000014,100009,100,99897,100,100011,100,99857,100,100018,100,,,100070,100,,,100081,100,,,100105,100,,,,,,,,,,,,,,,,,,
2019-06-28 09:30:00.000000015,99930,100,99897,100,100009,100,99857,100,100011,100,,,100018,100,,,100070,100,,,100081,100,,,100105,100,,,,,,,,,,,,,,
2019-06-28 09:30:00.000000017,100009,100,99897,100,100011,100,99857,100,100018,100,,,100070,100,,,100081,100,,,100105,100,,,,,,,,,,,,,,,,,,
2019-06-28 09:30:00.000000022,100009,100,99897,100,100011,100,99857,100,100018,100,,,100064,100,,,100070,100,,,100081,100,,,100105,100,,,,,,,,,,,,,,
2019-06-28 09:30:00.000000023,100009,100,99897,100,100011,100,99857,100,100018,100,,,100064,100,,,100070,100,,,100081,100,,,100082,100,,,100105,100,,,,,,,,,,
2019-06-28 09:30:00.000000026,99961,100,99897,100,99969,100,99857,100,100009,100,,,100011,100,,,100018,100,,,100064,100,,,100070,100,,,100081,100,,,100082,100,,,100105,100,,
2019-06-28 09:30:00.000000027,99969,100,99897,100,100009,100,99857,100,100011,100,,,100018,100,,,100064,100,,,100070,100,,,100081,100,,,100082,100,,,100105,100,,,,,,
2019-06-28 09:30:00.000000028,99969,100,99930,100,100009,100,99897,100,100011,100,99857,100,100018,100,,,100064,100,,,100070,100,,,100081,100,,,100082,100,,,100105,100,,,,,,
2019-06-28 09:30:00.000000030,99969,100,99955,100,100009,100,99930,100,100011,100,99897,100,100018,100,99857,100,100064,100,,,100070,100,,,100081,100,,,100082,100,,,100105,100,,,,,,
2019-06-28 09:30:00.000000031,99969,100,99955,100,100009,100,99930,100,100011,100,99897,100,100018,100,99857,100,100061,100,,,100064,100,,,100070,100,,,100081,100,,,100082,100,,,100105,100,,
2019-06-28 09:30:00.000000032,99969,100,99955,100,100009,100,99930,200,100011,100,99897,100,100018,100,99857,100,100061,100,,,100064,100,,,100070,100,,,100081,100,,,100082,100,,,100105,100,,
2019-06-28 09:30:00.000000033,100009,100,99955,100,100011,100,99930,200,100018,100,99897,100,100061,100,99857,100,100064,100,,,100070,100,,,100081,100,,,100082,100,,,100105,100,,,,,,
2019-06-28 09:30:00.000000037,100009,100,99955,100,100011,100,99930,200,100018,100,99897,100,100019,100,99857,100,100061,100,,,100064,100,,,100070,100,,,100081,100,,,100082,100,,,100105,100,,
2019-06-28 09:30:00.000000038,100011,100,99955,100,100018,100,99930,200,100019,100,99897,100,100061,100,99857,100,100064,100,,,100070,100,,,100081,100,,,100082,100,,,100105,100,,,,,,
2019-06-28 09:30:00.000000040,100011,100,99955,100,100018,100,99931,100,100019,100,99930,200,100061,100,99897,100,100064,100,99857,100,100070,100,,,100081,100,,,100082,100,,,100105,100,,,,,,
2019-06-28 09:30:00.000000041,99967,100,99955,100,100011,100,99931,100,100013,100,99930,200,100018,100,99897,100,100019,100,99857,100,100061,100,,,100064,100,,,100070,100,,,100081,100,,,100082,100,,
2019-06-28 09:30:00.000000043,100011,100,99955,100,100013,100,99931,100,100018,100,99930,200,100019,100,99897,100,100061,100,99857,100,100064,100,,,100070,100,,,100081,100,,,100082,100,,,100105,100,,
2019-06-28 09:30:00.000000045,100013,100,99955,100,100018,100,99931,100,100019,100,99930,200,100061,100,99897,100,100064,100,99857,100,100070,100,,,100081,100,,,100082,100,,,100105,100,,,,,,
2019-06-28 09:30:00.000000047,100013,100,99955,100,100018,100,99931,100,100019,100,99930,200,100035,100,99897,100,100061,100,99857,100,100064,100,,,100070,100,,,100081,100,,,100082,100,,,100105,100,,
2019-06-28 09:30:00.000000049,100013,100,99967,100,100018,100,99955,100,100019,100,99931,100,100035,100,99930,200,100061,100,99897,100,100064,100,99857,100,100070,100,,,100081,100,,,100082,100,,,100105,100,,
2019-06-28 09:30:00.000000050,100011,100,99967,100,100013,100,99955,100,100018,100,99931,100,100019,100,99930,200,100035,100,99897,100,100061,100,99857,100,100064,100,,,100070,100,,,100081,100,,,100082,100,,
2019-06-28 09:30:00.000000051,100011,100,99967,100,100013,100,99955,100,100018,100,99931,100,100019,100,99930,200,100035,100,99897,100,100061,100,99857,100,100064,100,,,100070,100,,,100081,100,,,100082,100,,
2019-06-28 09:30:00.000000052,100011,100,99967,100,100013,100,99955,100,100018,100,99931,100,100019,100,99930,200,100035,100,99897,100,100061,100,99857,100,100064,100,,,100070,100,,,100081,100,,,100082,100,,
2019-06-28 09:30:00.000000053,100011,100,99967,100,100013,100,99955,100,100018,100,99931,100,100019,100,99930,200,100035,100,99897,100,100061,100,99857,100,100064,100,,,100070,100,,,100081,100,,,100082,100,,
2019-06-28 09:30:00.000000055,100011,100,99967,100,100013,100,99955,100,100018,100,99931,100,100019,100,99930,200,100035,100,99897,100,100061,100,99857,100,100064,100,,,100070,100,,,100081,100,,,100082,100,,
2019-06-28 09:30:00.000000056,100011,100,99967,200,100013,100,99955,100,100018,100,99931,100,100019,100,99930,200,100035,100,99897,100,100061,100,99857,100,100064,100,,,100070,100,,,100081,100,,,100082,100,,
2019-06-28 09:30:00.000000058,100004,100,99967,200,100011,100,99955,100,100013,100,99931,100,100018,100,99930,200,100019,100,99897,100,100035,100,99857,100,100061,100,,,100064,100,,,100070,100,,,100081,100,,
2019-06-28 09:30:00.000000061,100011,100,100004,100,100013,100,99967,200,100018,100,99955,100,100019,100,99931,100,100035,100,99930,200,100061,100,99924,100,100064,100,99897,100,100070,100,99857,100,100081,100,,,100082,100,,
2019-06-28 09:30:00.000000066,100010,100,100004,100,100011,100,99967,200,100013,100,99955,100,100018,100,99931,100,100019,100,99930,200,100035,100,99924,100,100044,100,99897,100,100061,100,99857,100,100064,100,,,100070,100,,
2019-06-28 09:30:00.000000068,100011,100,100004,100,100013,100,99967,200,100018,100,99955,100,100019,100,99931,100,100035,100,99930,200,100044,100,99924,100,100061,100,99897,100,100064,100,99857,100,100070,100,,,100076,100,,
2019-06-28 09:30:00.000000071,100011,100,100004,100,100013,100,99984,100,100018,100,99967,200,100019,100,99955,100,100035,100,99931,100,100044,100,99930,200,100061,100,99924,100,100064,100,99897,100,100070,100,99857,100,100076,100,,
2019-06-28 09:30:00.000000072,100010,100,100004,100,100011,100,99984,100,100013,100,99967,200,100018,100,99955,100,100019,100,99931,100,100035,100,99930,200,100044,100,99924,100,100061,100,99897,100,100064,100,99857,100,100070,100,,
2019-06-28 09:30:00.000000073,100010,100,100004,100,100011,100,99984,100,100013,100,99967,200,100018,100,99955,100,100019,100,99931,100,100035,100,99930,200,100044,100,99924,100,100061,100,99897,100,100064,100,99880,100,100070,100,99857,100
2019-06-28 09:30:00.000000076,100010,200,100004,100,100011,100,99984,100,100013,100,99967,200,100018,100,99955,100,100019,100,99931,100,100035,100,99930,200,100044,100,99924,100,100061,100,99897,100,100064,100,99880,100,100070,100,99857,100
2019-06-28 09:30:00.000000078,100010,200,100004,100,100011,100,99984,100,100013,100,99967,200,100018,100,99955,100,100019,100,99931,100,100035,100,99930,200,100044,100,99924,100,100061,100,99897,100,100064,100,99880,100,100068,100,99857,100
2019-06-28 09:30:00.000000080,100010,300,100004,100,100011,100,99984,100,100013,100,99967,200,100018,100,99955,100,100019,100,99931,100,100035,100,99930,200,100044,100,99924,100,100061,100,99897,100,100064,100,99880,100,100068,100,99857,100
2019-06-28 09:30:00.000000082,100010,300,100004,100,100011,100,99984,100,100013,100,99967,200,100018,100,99955,100,100019,100,99931,100,100035,100,99930,200,100044,100,99924,100,100061,100,99897,100,100064,100,99880,100,100068,100,99857,100
2019-06-28 09:30:00.000000085,100010,300,99984,100,100011,100,99967,200,100013,100,99955,100,100018,100,99931,100,100019,100,99930,200,100035,100,99924,100,100044,100,99897,100,100061,100,99880,100,100064,100,99857,100,100068,100,,
2019-06-28 09:30:00.000000087,100010,300,99984,100,100011,100,99967,200,100013,100,99955,100,100018,100,99931,100,100019,100,99930,200,100035,100,99924,100,100037,100,99897,100,100044,100,99880,100,100061,100,99857,100,100064,100,,
2019-06-28 09:30:00.000000090,100010,200,99984,100,100011,100,99967,200,100013,100,99955,100,100018,100,99931,100,100019,100,99930,200,100035,100,99924,100,100037,100,99897,100,100044,100,99880,100,100061,100,99857,100,100064,100,,
2019-06-28 09:30:00.000000092,100010,200,99984,100,100011,100,99967,200,100013,100,99955,100,100018,100,99931,100,100019,100,99930,200,100035,100,99924,100,100037,100,99897,100,100044,100,99880,100,100061,100,99857,100,100064,100,,
2019-06-28 09:30:00.000000093,100010,200,99984,100,100011,100,99967,200,100013,100,99955,200,100018,100,99931,100,100019,100,99930,200,100035,100,99924,100,100037,100,99897,100,100044,100,99880,100,100061,100,99857,100,100064,100,,
2019-06-28 09:30:00.000000097,100009,100,99989,100,100010,200,99984,100,100011,100,99967,200,100013,100,99955,200,100018,100,99931,100,100019,100,99930,200,100035,100,99924,100,100037,100,99897,100,100044,100,99880,100,100061,100,99857,100
2019-06-28 09:30:10.000000000,100009,423,99989,423,100010,200,99984,100,100011,100,99967,200,100013,100,99955,200,100018,100,99931,100,100019,100,99930,200,100035,100,99924,100,100037,100,99897,100,100044,100,99880,100,100061,100,99857,100
2019-06-28 09:30:20.000000000,100009,423,99989,423,100010,200,99984,100,100011,100,99967,200,100013,100,99955,200,100018,100,99931,100,100019,100,99930,200,100035,100,99924,100,100037,100,99897,100,100044,100,99880,100,100061,100,99857,100
2019-06-28 09:30:20.488157024,100009,423,99989,423,100010,200,99984,100,100011,100,99967,200,100013,100,99955,200,100018,100,99930,200,100019,100,99924,100,100035,100,99897,100,100037,100,99880,100,100044,100,99857,100,100061,100,99779,100
2019-06-28 09:30:24.159044553,100009,423,99989,423,100010,200,99984,100,100011,100,99967,200,100013,100,99955,200,100018,100,99930,200,100019,100,99924,100,100035,100,99897,100,100037,100,99880,100,100044,100,99857,100,100061,100,99779,100
2019-06-28 09:30:30.000000000,100009,181,99989,181,100010,281,99984,181,100011,181,99967,281,100013,181,99955,281,100018,100,99930,200,100019,100,99924,100,100035,100,99897,100,100037,100,99880,100,100044,100,99857,100,100061,100,99779,100
2019-06-28 09:30:34.246202720,100009,181,99989,181,100010,281,99984,181,100011,181,99967,281,100013,181,99955,281,100018,100,99930,200,100019,100,99924,100,100035,100,99897,100,100037,100,99880,100,100044,100,99857,100,100061,100,99779,100
2019-06-28 09:30:40.000000000,100009,423,99989,423,100010,200,99984,100,100011,100,99967,200,100013,100,99955,200,100018,100,99930,200,100019,100,99924,100,100035,100,99897,100,100037,100,99880,100,100044,100,99857,100,100061,100,99779,100
2019-06-28 09:30:50.000000000,100009,423,99989,423,100010,200,99984,100,100011,100,99967,200,100013,100,99955,200,100018,100,99930,200,100019,100,99924,100,100035,100,99897,100,100037,100,99880,100,100044,100,99857,100,100061,100,99779,100
2019-06-28 09:30:52.080660318,100009,523,99989,423,100010,200,99984,100,100011,100,99967,200,100013,100,99955,200,100018,100,99930,200,100019,100,99924,100,100035,100,99897,100,100037,100,99880,100,100044,100,99857,100,100061,100,99779,100
2019-06-28 09:30:52.207764455,100009,523,99989,423,100010,200,99984,100,100011,100,99967,200,100013,100,99955,200,100018,100,99930,200,100019,100,99924,100,100035,100,99897,100,100037,100,99880,100,100044,100,99779,100,100061,100,99570,100
2019-06-28 09:31:00.000000000,100009,310,99989,210,100010,307,99984,207,100011,207,99967,307,100013,100,99955,200,100018,100,99930,200,100019,100,99924,100,100035,100,99897,100,100037,100,99880,100,100044,100,99779,100,100061,100,99570,100
2019-06-28 09:31:07.562860062,100009,310,99989,210,100010,307,99984,207,100011,207,99967,307,100013,100,99955,200,100018,100,99930,200,100019,100,99924,100,100035,100,99897,100,100037,100,99880,100,100044,100,99779,100,100061,100,99754,100
2019-06-28 09:31:10.000000000,100009,310,99989,210,100010,307,99984,207,100011,207,99967,307,100013,100,99955,200,100018,100,99930,200,100019,100,99924,100,100035,100,99897,100,100037,100,99880,100,100044,100,99779,100,100061,100,99754,100
2019-06-28 09:31:20.000000000,100009,362,99989,262,100010,362,99984,262,100011,100,99967,200,100013,100,99955,200,100018,100,99930,200,100019,100,99924,100,100035,100,99897,100,100037,100,99880,100,100044,100,99779,100,100061,100,99754,100
2019-06-28 09:31:30.000000000,100009,265,99989,165,100010,265,99984,165,100011,165,99967,265,100013,165,99955,265,100018,165,99930,265,100019,100,99924,100,100035,100,99897,100,100037,100,99880,100,100044,100,99779,100,100061,100,99754,100
2019-06-28 09:31:40.000000000,100009,362,99989,262,100010,362,99984,262,100011,100,99967,200,100013,100,99955,200,100018,100,99930,200,100019,100,99924,100,100035,100,99897,100,100037,100,99880,100,100044,100,99779,100,100061,100,99754,100
2019-06-28 09:31:47.396242680,100009,462,99989,262,100010,362,99984,262,100011,100,99967,200,100013,100,99955,200,100018,100,99930,100,100019,100,99924,100,100035,100,99897,100,100037,100,99880,100,100044,100,99779,100,100061,100,99754,100
2019-06-28 09:31:50.000000000,100009,365,99989,165,100010,265,99984,165,100011,165,99967,265,100013,165,99955,265,100018,165,99930,165,100019,100,99924,100,100035,100,99897,100,100037,100,99880,100,100044,100,99779,100,100061,100,99754,100
2019-06-28 09:32:00.000000000,100009,410,99989,210,100010,307,99984,207,100011,207,99967,307,100013,100,99955,200,100018,100,99930,100,100019,100,99924,100,100035,100,99897,100,100037,100,99880,100,100044,100,99779,100,100061,100,99754,100
2019-06-28 09:32:10.000000000,100009,410,99989,210,100010,307,99984,207,100011,207,99967,307,100013,100,99955,200,100018,100,99930,100,100019,100,99924,100,100035,100,99897,100,100037,100,99880,100,100044,100,99779,100,100061,100,99754,100
2019-06-28 09:32:14.340906701,100009,410,99989,210,100010,307,99984,207,100011,207,99967,307,100013,100,99955,200,100018,100,99930,100,100019,100,99924,100,100035,100,99897,100,100037,100,99880,100,100044,100,99779,100,100061,100,99754,100
2019-06-28 09:32:15.677064195,100009,410,99989,210,100010,307,99984,207,100011,207,99967,307,100013,100,99955,200,100018,100,99930,100,100019,100,99924,100,100035,100,99897,100,100037,100,99779,100,100044,100,99754,100,100061,100,99570,100
2019-06-28 09:32:19.234972103,100009,410,99989,210,100010,307,99984,207,100011,207,99967,307,100013,100,99955,200,100018,100,99930,100,100019,100,99924,100,100037,100,99897,100,100044,100,99779,100,100061,100,99754,100,100064,100,99570,100
2019-06-28 09:32:20.000000000,100009,381,99989,181,100010,281,99984,181,100011,181,99967,281,100013,181,99955,281,100018,100,99930,100,100019,100,99924,100,100037,100,99897,100,100044,100,99779,100,100061,100,99754,100,100064,100,99570,100
2019-06-28 09:32:30.000000000,100009,381,99989,181,100010,281,99984,181,100011,181,99967,281,100013,181,99955,281,100018,100,99930,100,100019,100,99924,100,100037,100,99897,100,100044,100,99779,100,100061,100,99754,100,100064,100,99570,100
2019-06-28 09:32:34.735851554,100009,481,99989,181,100010,281,99984,181,100011,181,99967,281,100013,181,99955,281,100018,100,99930,100,100019,100,99924,100,100037,100,99897,100,100044,100,99779,100,100061,100,99754,100,100064,100,99570,100
2019-06-28 09:32:37.363262790,100009,481,99989,81,100010,281,99984,181,100011,181,99967,281,100013,181,99955,181,100018,100,99930,100,100019,100,99924,100,100037,100,99897,100,100044,100,99779,100,100061,100,99754,100,100064,100,99570,100
2019-06-28 09:32:40.000000000,100009,510,99984,210,100010,307,99967,307,100011,207,99955,207,100013,100,99930,100,100018,100,99924,100,100019,100,99897,100,100037,100,99779,100,100044,100,99754,100,100061,100,99570,100,100064,100,99223,100
2019-06-28 09:32:50.000000000,100009,562,99984,262,100010,362,99967,362,100011,100,99955,100,100013,100,99930,100,100018,100,99924,100,100019,100,99897,100,100037,100,99779,100,100044,100,99754,100,100061,100,99570,100,100064,100,99223,100
2019-06-28 09:33:00.000000000,100009,510,99984,210,100010,307,99967,307,100011,207,99955,207,100013,100,99930,100,100018,100,99924,100,100019,100,99897,100,100037,100,99779,100,100044,100,99754,100,100061,100,99570,100,100064,100,99223,100
2019-06-28 09:33:07.841162623,100008,100,99984,210,100009,510,99967,307,100010,307,99955,207,100011,207,99930,100,100013,100,99924,100,100018,100,99897,100,100019,100,99779,100,100037,100,99754,100,100044,100,99570,100,100061,100,99223,100
2019-06-28 09:33:10.000000000,100008,210,99984,210,100009,507,99967,307,100010,307,99955,207,100011,100,99930,100,100013,100,99924,100,100018,100,99897,100,100019,100,99779,100,100037,100,99754,100,100044,100,99570,100,100061,100,99223,100
2019-06-28 09:33:13.178524134,100008,210,99984,110,100009,507,99967,307,100010,307,99955,207,100011,100,99930,100,100013,100,99924,100,100018,100,99897,100,100019,100,99779,100,100037,100,99754,100,100044,100,99570,100,100061,100,99223,100
2019-06-28 09:33:20.000000000,100008,210,99967,310,100009,507,99955,207,100010,307,99930,207,100011,100,99924,100,100013,100,99897,100,100018,100,99779,100,100019,100,99754,100,100037,100,99570,100,100044,100,99223,100,100061,100,99107,100
2019-06-28 09:33:23.885732376,99989,100,99967,310,100008,210,99955,207,100009,407,99930,207,100010,307,99924,100,100011,100,99897,100,100013,100,99779,100,100018,100,99754,100,100019,100,99570,100,100037,100,99223,100,100044,100,99107,100
2019-06-28 09:33:24.884107481,99989,200,99967,310,100008,210,99955,207,100009,307,99930,207,100010,307,99924,100,100011,100,99897,100,100013,100,99779,100,100018,100,99754,100,100019,100,99570,100,100037,100,99223,100,100044,100,99107,100
2019-06-28 09:33:30.000000000,99989,523,99967,523,100008,100,99955,100,100009,200,99930,100,100010,200,99924,100,100011,100,99897,100,100013,100,99779,100,100018,100,99754,100,100019,100,99570,100,100037,100,99223,100,100044,100,99107,100
2019-06-28 09:33:40.000000000,99989,265,99967,265,100008,165,99955,165,100009,265,99930,165,100010,265,99924,165,100011,165,99897,165,100013,100,99779,100,100018,100,99754,100,100019,100,99570,100,100037,100,99223,100,100044,100,99107,100
2019-06-28 09:33:46.899551324,99989,265,99967,265,100008,165,99955,165,100009,265,99930,165,100010,265,99924,165,100011,165,99897,165,100013,100,99779,100,100018,100,99754,100,100019,100,99570,100,100037,100,99223,100,100044,100,99167,100
2019-06-28 09:33:50.000000000,99989,362,99967,362,100008,262,99955,262,100009,200,99930,100,100010,200,99924,100,100011,100,99897,100,100013,100,99779,100,100018,100,99754,100,100019,100,99570,100,100037,100,99223,100,100044,100,99167,100
2019-06-28 09:33:52.037331010,99989,362,99967,362,100008,262,99955,262,100009,200,99930,100,100010,200,99924,100,100013,100,99897,100,100018,100,99779,100,100019,100,99754,100,100037,100,99570,100,100044,100,99223,100,100061,100,99167,100
2019-06-28 09:34:00.000000000,99989,310,99967,310,100008,207,99955,207,100009,307,99930,207,100010,200,99924,100,100013,100,99897,100,100018,100,99779,100,100019,100,99754,100,100037,100,99570,100,100044,100,99223,100,100061,100,99167,100
2019-06-28 09:34:10.000000000,99989,265,99967,265,100008,165,99955,165,100009,265,99930,165,100010,265,99924,165,100013,165,99897,165,100018,100,99779,100,100019,100,99754,100,100037,100,99570,100,100044,100,99223,100,100061,100,99167,100
2019-06-28 09:34:12.558195127,99989,265,99967,265,100008,165,99955,165,100009,265,99930,165,100010,265,99924,165,100013,165,99897,165,100018,100,99754,100,100019,100,99570,100,100037,100,99223,100,100044,100,99167,100,100061,100,99164,100
2019-06-28 09:34:15.417890787,99989,265,99967,165,100008,165,99955,165,100009,265,99930,165,100010,265,99924,165,100013,165,99897,165,100018,100,99754,100,100019,100,99570,100,100037,100,99223,100,100044,100,99167,100,100061,100,99164,100
2019-06-28 09:34:20.000000000,99989,281,99967,181,100008,181,99955,181,100009,281,99930,181,100010,281,99924,181,100013,100,99897,100,100018,100,99754,100,100019,100,99570,100,100037,100,99223,100,100044,100,99167,100,100061,100,99164,100
2019-06-28 09:34:30.000000000,99989,310,99967,210,100008,207,99955,207,100009,307,99930,207,100010,200,99924,100,100013,100,99897,100,100018,100,99754,100,100019,100,99570,100,100037,100,99223,100,100044,100,99167,100,100061,100,99164,100
2019-06-28 09:34:36.490677121,99989,310,99967,110,100008,207,99955,207,100009,307,99930,207,100010,200,99924,100,100013,100,99897,100,100018,100,99754,100,100019,100,99570,100,100037,100,99223,100,100044,100,99167,100,100061,100,99164,100
2019-06-28 09:34:40.000000000,99989,362,99955,262,100008,262,99930,262,100009,200,99924,100,100010,200,99897,100,100013,100,99754,100,100018,100,99570,100,100019,100,99223,100,100037,100,99167,100,100044,100,99164,100,100061,100,99107,100
2019-06-28 09:34:49.652444102,99989,362,99955,162,100008,262,99930,262,100009,200,99924,100,100010,200,99897,100,100013,100,99754,100,100018,100,99570,100,100019,100,99223,100,100037,100,99167,100,100044,100,99164,100,100061,100,99107,100
2019-06-28 09:34:50.000000000,99989,265,99930,165,100008,165,99924,165,100009,265,99897,165,100010,265,99754,165,100013,165,99570,165,100018,100,99223,100,100019,100,99167,100,100037,100,99164,100,100044,100,99107,100,100061,100,99030,100
2019-06-28 09:35:00.000000000,99989,362,99930,262,100008,262,99924,262,100009,200,99897,100,100010,200,99754,100,100013,100,99570,100,100018,100,99223,100,100019,100,99167,100,100037,100,99164,100,100044,100,99107,100,100061,100,99030,100
2019-06-28 09:35:10.000000000,99989,310,99930,210,100008,207,99924,207,100009,307,99897,207,100010,200,99754,100,100013,100,99570,100,100018,100,99223,100,100019,100,99167,100,100037,100,99164,100,100044,100,99107,100,100061,100,99030,100
2019-06-28 09:35:20.000000000,99989,265,99930,165,100008,165,99924,165,100009,265,99897,165,100010,265,99754,165,100013,165,99570,165,100018,100,99223,100,100019,100,99167,100,100037,100,99164,100,100044,100,99107,100,100061,100,99030,100
2019-06-28 09:35:25.414082352,99989,265,99930,65,100008,165,99924,165,100009,265,99897,165,100010,265,99754,165,100013,165,99570,165,100018,100,99223,100,100019,100,99167,100,100037,100,99164,100,100044,100,99107,100,100061,100,99030,100
2019-06-28 09:35:27.755833484,99989,265,99930,65,100008,165,99924,165,100009,265,99897,165,100010,265,99754,165,100013,165,99570,165,100018,100,99358,100,100019,100,99223,100,100037,100,99167,100,100044,100,99164,100,100061,100,99107,100
2019-06-28 09:35:30.000000000,99989,265,99924,165,100008,165,99897,165,100009,265,99754,165,100010,265,99570,165,100013,165,99358,165,100018,100,99223,100,100019,100,99167,100,100037,100,99164,100,100044,100,99107,100,100061,100,99030,100
2019-06-28 09:35:40.000000000,99989,265,99924,165,100008,165,99897,165,100009,265,99754,165,100010,265,99570,165,100013,165,99358,165,100018,100,99223,100,100019,100,99167,100,100037,100,99164,100,100044,100,99107,100,100061,100,99030,100
2019-06-28 09:35:50.000000000,99989,362,99924,262,100008,262,99897,262,100009,200,99754,100,100010,200,99570,100,100013,100,99358,100,100018,100,99223,100,100019,100,99167,100,100037,100,99164,100,100044,100,99107,100,100061,100,99030,100
2019-06-28 09:36:00.000000000,99989,523,99924,423,100008,100,99897,100,100009,200,99754,100,100010,200,99570,100,100013,100,99358,100,100018,100,99223,100,100019,100,99167,100,100037,100,99164,100,100044,100,99107,100,100061,100,99030,100
2019-06-28 09:36:09.536611653,99955,100,99924,423,99989,523,99897,100,100008,100,99754,100,100009,200,99570,100,100010,200,99358,100,100013,100,99223,100,100018,100,99167,100,100019,100,99164,100,100037,100,99107,100,100044,100,99030,100
2019-06-28 09:36:09.625368281,99955,200,99924,423,99989,523,99897,100,100008,100,99754,100,100009,200,99570,100,100010,200,99358,100,100013,100,99223,100,100018,100,99167,100,100019,100,99164,100,100037,100,99107,100,100044,100,99030,100
2019-06-28 09:36:10.000000000,99955,362,99924,262,99989,362,99897,262,100008,100,99754,100,100009,200,99570,100,100010,200,99358,100,100013,100,99223,100,100018,100,99167,100,100019,100,99164,100,100037,100,99107,100,100044,100,99030,100
2019-06-28 09:36:13.698270348,99955,362,99924,162,99989,362,99897,262,100008,100,99754,100,100009,200,99570,100,100010,200,99358,100,100013,100,99223,100,100018,100,99167,100,100019,100,99164,100,100037,100,99030,100,100044,100,,
2019-06-28 09:36:16.632268695,99955,362,99924,162,99989,362,99897,262,100008,100,99754,100,100009,200,99661,100,100010,200,99570,100,100013,100,99358,100,100018,100,99223,100,100019,100,99167,100,100037,100,99164,100,100044,100,99030,100
2019-06-28 09:36:20.000000000,99955,362,99897,262,99989,362,99754,262,100008,100,99661,100,100009,200,99570,100,100010,200,99358,100,100013,100,99223,100,100018,100,99167,100,100019,100,99164,100,100037,100,99030,100,100044,100,,
2019-06-28 09:36:30.000000000,99955,362,99897,262,99989,362,99754,262,100008,100,99661,100,100009,200,99570,100,100010,200,99358,100,100013,100,99223,100,100018,100,99167,100,100019,100,99164,100,100037,100,99030,100,100044,100,,
2019-06-28 09:36:40.000000000,99955,281,99897,181,99989,281,99754,181,100008,181,99661,181,100009,281,99570,181,100010,200,99358,100,100013,100,99223,100,100018,100,99167,100,100019,100,99164,100,100037,100,99030,100,100044,100,,
2019-06-28 09:36:45.563137780,99955,281,99897,181,99989,281,99754,181,100008,181,99661,181,100009,281,99570,181,100010,200,99358,100,100013,100,99223,100,100018,100,99167,100,100019,100,99164,100,100044,100,99030,100,100061,100,,
2019-06-28 09:36:49.834702811,99955,281,99931,100,99989,281,99897,181,100008,181,99754,181,100009,281,99661,181,100010,200,99570,181,100013,100,99358,100,100018,100,99223,100,100019,100,99167,100,100044,100,99164,100,100061,100,99030,100
2019-06-28 09:36:50.000000000,99955,265,99931,165,99989,265,99897,165,100008,165,99754,165,100009,265,99661,165,100010,265,99570,165,100013,100,99358,100,100018,100,99223,100,100019,100,99167,100,100044,100,99164,100,100061,100,99030,100
2019-06-28 09:37:00.000000000,99955,265,99931,165,99989,265,99897,165,100008,165,99754,165,100009,265,99661,165,100010,265,99570,165,100013,100,99358,100,100018,100,99223,100,100019,100,99167,100,100044,100,99164,100,100061,100,99030,100
2019-06-28 09:37:10.000000000,99955,265,99931,165,99989,265,99897,165,100008,165,99754,165,100009,265,99661,165,100010,265,99570,165,100013,100,99358,100,100018,100,99223,100,100019,100,99167,100,100044,100,99164,100,100061,100,99030,100
2019-06-28 09:37:18.950713122,99955,265,99931,165,99989,265,99897,165,100008,165,99754,165,100009,265,99708,100,100010,265,99661,165,100013,100,99570,165,100018,100,99358,100,100019,100,99223,100,100044,100,99167,100,100061,100,99164,100
2019-06-28 09:37:20.000000000,99955,265,99931,165,99989,265,99897,165,100008,165,99754,165,100009,265,99708,165,100010,265,99661,165,100013,100,99570,100,100018,100,99358,100,100019,100,99223,100,100044,100,99167,100,100061,100,99164,100
2019-06-28 09:37:22.816217071,99955,265,99931,65,99989,265,99897,165,100008,165,99754,165,100009,165,99708,165,100010,265,99661,165,100013,100,99570,100,100018,100,99358,100,100019,100,99223,100,100044,100,99167,100,100061,100,99164,100
2019-06-28 09:37:30.000000000,99955,362,99897,262,99989,362,99754,262,100008,100,99708,100,100009,100,99661,100,100010,200,99570,100,100013,100,99358,100,100018,100,99223,100,100019,100,99167,100,100044,100,99164,100,100061,100,99030,100
2019-06-28 09:37:37.223434863,99955,362,99897,262,99989,362,99849,100,100008,100,99754,262,100009,100,99708,100,100010,200,99661,100,100013,100,99570,100,100018,100,99358,100,100019,100,99223,100,100044,100,99167,100,100061,100,99164,100
2019-06-28 09:37:40.000000000,99955,265,99897,165,99989,265,99849,165,100008,165,99754,165,100009,165,99708,165,100010,265,99661,165,100013,100,99570,100,100018,100,99358,100,100019,100,99223,100,100044,100,99167,100,100061,100,99164,100
2019-06-28 09:37:42.503572354,99955,265,99897,65,99989,265,99849,165,100008,165,99754,165,100009,165,99708,165,100010,265,99661,165,100013,100,99570,100,100018,100,99358,100,100019,100,99223,100,100044,100,99167,100,100061,100,99164,100
2019-06-28 09:37:50.000000000,99955,310,99849,210,99989,307,99754,207,100008,207,99708,207,100009,100,99661,100,100010,200,99570,100,100013,100,99358,100,100018,100,99223,100,100019,100,99167,100,100044,100,99164,100,100061,100,99030,100
2019-06-28 09:37:50.316717386,99955,310,99849,110,99989,307,99754,207,100008,207,99708,207,100009,100,99661,100,100010,200,99570,100,100013,100,99358,100,100018,100,99223,100,100019,100,99167,100,100044,100,99164,100,100061,100,99030,100
2019-06-28 09:37:52.402026981,99955,310,99849,10,99989,307,99754,207,100008,207,99708,207,100009,100,99661,100,100010,200,99570,100,100013,100,99358,100,100018,100,99223,100,100019,100,99167,100,100044,100,99164,100,100061,100,99030,100
2019-06-28 09:38:00.000000000,99955,523,99754,423,99989,200,99708,100,100008,100,99661,100,100009,100,99570,100,100010,200,99358,100,100013,100,99223,100,100018,100,99167,100,100019,100,99164,100,100044,100,99030,100,100061,100,,
2019-06-28 09:38:10.000000000,99955,310,99754,210,99989,307,99708,207,100008,207,99661,207,100009,100,99570,100,100010,200,99358,100,100013,100,99223,100,100018,100,99167,100,100019,100,99164,100,100044,100,99030,100,100061,100,,
2019-06-28 09:38:13.365672901,99955,310,99754,110,99989,307,99708,207,100008,207,99661,207,100009,100,99570,100,100010,200,99358,100,100013,100,99223,100,100018,100,99167,100,100019,100,99164,100,100044,100,99030,100,100061,100,,
2019-06-28 09:38:20.000000000,99955,310,99708,210,99989,307,99661,207,100008,207,99570,207,100009,100,99358,100,100010,200,99223,100,100013,100,99167,100,100018,100,99164,100,100019,100,99030,100,100044,100,,,100061,100,,
2019-06-28 09:38:25.445359613,99955,310,99708,110,99989,307,99661,207,100008,207,99570,207,100009,100,99358,100,100010,200,99223,100,100013,100,99167,100,100018,100,99164,100,100019,100,99030,100,100044,100,,,100061,100,,
2019-06-28 09:38:30.000000000,99955,523,99661,423,99989,200,99570,100,100008,100,99358,100,100009,100,99223,100,100010,200,99167,100,100013,100,99164,100,100018,100,99030,100,100019,100,,,100044,100,,,100061,100,,
2019-06-28 09:38:40.000000000,99955,310,99661,210,99989,307,99570,207,100008,207,99358,207,100009,100,99223,100,100010,200,99167,100,100013,100,99164,100,100018,100,99030,100,100019,100,,,100044,100,,,100061,100,,
2019-06-28 09:38:42.343354064,99955,210,99661,210,99989,307,99570,207,100008,207,99358,207,100009,100,99223,100,100010,200,99167,100,100013,100,99164,100,100018,100,99030,100,100019,100,,,100044,100,,,100061,100,,
2019-06-28 09:38:48.334312046,99955,210,99661,210,99989,307,99570,207,100008,207,99358,207,100009,100,99223,100,100010,200,99181,100,100013,100,99167,100,100018,100,99030,100,100019,100,,,100044,100,,,100061,100,,
2019-06-28 09:38:50.000000000,99955,262,99661,262,99989,362,99570,262,100008,100,99358,100,100009,100,99223,100,100010,200,99181,100,100013,100,99167,100,100018,100,99030,100,100019,100,,,100044,100,,,100061,100,,
2019-06-28 09:39:00.000000000,99955,210,99661,210,99989,307,99570,207,100008,207,99358,207,100009,100,99223,100,100010,200,99181,100,100013,100,99167,100,100018,100,99030,100,100019,100,,,100044,100,,,100061,100,,
2019-06-28 09:39:10.000000000,99955,262,99661,262,99989,362,99570,262,100008,100,99358,100,100009,100,99223,100,100010,200,99181,100,100013,100,99167,100,100018,100,99030,100,100019,100,,,100044,100,,,100061,100,,
2019-06-28 09:39:15.708186214,99955,162,99661,262,99989,362,99570,262,100008,100,99358,100,100009,100,99223,100,100010,200,99181,100,100013,100,99167,100,100018,100,99030,100,100019,100,,,100044,100,,,100061,100,,
2019-06-28 09:39:20.000000000,99989,362,99661,262,100008,262,99570,262,100009,100,99358,100,100010,200,99223,100,100013,100,99181,100,100018,100,99167,100,100019,100,99030,100,100044,100,,,100061,100,,,100064,100,,
2019-06-28 09:39:21.391605607,99989,362,99661,162,100008,262,99570,262,100009,100,99358,100,100010,200,99223,100,100013,100,99181,100,100018,100,99167,100,100019,100,99030,100,100044,100,,,100061,100,,,100064,100,,
2019-06-28 09:39:30.000000000,99989,281,99570,181,100008,181,99358,181,100009,181,99223,181,100010,281,99181,181,100013,100,99167,100,100018,100,99030,100,100019,100,,,100044,100,,,100061,100,,,100064,100,,
2019-06-28 09:39:40.000000000,99989,281,99570,181,100008,181,99358,181,100009,181,99223,181,100010,281,99181,181,100013,100,99167,100,100018,100,99030,100,100019,100,,,100044,100,,,100061,100,,,100064,100,,
2019-06-28 09:39:50.000000000,99989,281,99570,181,100008,181,99358,181,100009,181,99223,181,100010,281,99181,181,100013,100,99167,100,100018,100,99030,100,100019,100,,,100044,100,,,100061,100,,,100064,100,,
2019-06-28 09:39:58.550414289,99708,100,99570,181,99989,281,99358,181,100008,181,99223,181,100009,181,99181,181,100010,281,99167,100,100013,100,99030,100,100018,100,,,100019,100,,,100044,100,,,100061,100,,
2019-06-28 09:40:00.000000000,99708,423,99570,423,99989,200,99358,100,100008,100,99223,100,100009,100,99181,100,100010,200,99167,100,100013,100,99030,100,100018,100,,,100019,100,,,100044,100,,,100061,100,,
2019-06-28 09:40:02.688476801,99708,523,99570,423,99989,200,99358,100,100008,100,99223,100,100009,100,99181,100,100010,100,99167,100,100013,100,99030,100,100018,100,,,100019,100,,,100044,100,,,100061,100,,
2019-06-28 09:40:02.814983119,99708,523,99570,423,99989,200,99358,100,100008,100,99223,100,100009,100,99181,100,100010,100,99167,100,100013,100,99143,100,100018,100,99030,100,100019,100,,,100044,100,,,100061,100,,
2019-06-28 09:40:03.493157358,99708,623,99570,423,99989,200,99358,100,100009,100,99223,100,100010,100,99181,100,100013,100,99167,100,100018,100,99143,100,100019,100,99030,100,100044,100,,,100061,100,,,100064,100,,
2019-06-28 09:40:10.000000000,99708,381,99570,181,99989,281,99358,181,100009,181,99223,181,100010,181,99181,181,100013,100,99167,100,100018,100,99143,100,100019,100,99030,100,100044,100,,,100061,100,,,100064,100,,
2019-06-28 09:40:20.000000000,99708,381,99570,181,99989,281,99358,181,100009,181,99223,181,100010,181,99181,181,100013,100,99167,100,100018,100,99143,100,100019,100,99030,100,100044,100,,,100061,100,,,100064,100,,
2019-06-28 09:40:30.000000000,99708,462,99570,262,99989,362,99358,262,100009,100,99223,100,100010,100,99181,100,100013,100,99167,100,100018,100,99143,100,100019,100,99030,100,100044,100,,,100061,100,,,100064,100,,
2019-06-28 09:40:34.494964241,99708,462,99570,262,99989,362,99358,262,100009,100,99332,100,100010,100,99223,100,100013,100,99181,100,100018,100,99167,100,100019,100,99143,100,100044,100,99030,100,100061,100,,,100064,100,,
2019-06-28 09:40:40.000000000,99708,365,99570,165,99989,265,99358,165,100009,165,99332,165,100010,165,99223,165,100013,165,99181,165,100018,100,99167,100,100019,100,99143,100,100044,100,99030,100,100061,100,,,100064,100,,
2019-06-28 09:40:50.000000000,99708,623,99570,423,99989,200,99358,100,100009,100,99332,100,100010,100,99223,100,100013,100,99181,100,100018,100,99167,100,100019,100,99143,100,100044,100,99030,100,100061,100,,,100064,100,,
2019-06-28 09:41:00.000000000,99708,365,99570,165,99989,265,99358,165,100009,165,99332,165,100010,165,99223,165,100013,165,99181,165,100018,100,99167,100,100019,100,99143,100,100044,100,99030,100,100061,100,,,100064,100,,
2019-06-28 09:41:04.610501506,99708,465,99570,165,99989,265,99358,165,100009,165,99332,165,100010,165,99223,165,100013,165,99181,165,100018,100,99167,100,100019,100,99143,100,100044,100,99030,100,100061,100,,,100064,100,,
2019-06-28 09:41:10.000000000,99708,723,99570,423,99989,200,99358,100,100009,100,99332,100,100010,100,99223,100,100013,100,99181,100,100018,100,99167,100,100019,100,99143,100,100044,100,99030,100,100061,100,,,100064,100,,
2019-06-28 09:41:11.607880135,99669,100,99570,423,99708,723,99358,100,99989,200,99332,100,100009,100,99223,100,100010,100,99181,100,100013,100,99167,100,100018,100,99143,100,100019,100,99030,100,100044,100,,,100061,100,,
2019-06-28 09:41:20.000000000,99669,181,99570,181,99708,481,99358,181,99989,281,99332,181,100009,181,99223,181,100010,100,99181,100,100013,100,99167,100,100018,100,99143,100,100019,100,99030,100,100044,100,,,100061,100,,
2019-06-28 09:41:20.005145131,99669,181,99570,181,99708,481,99358,181,99989,281,99332,181,100009,181,99223,181,100010,100,99181,100,100013,100,99167,100,100019,100,99143,100,100044,100,99030,100,100061,100,,,100064,100,,
2019-06-28 09:41:30.000000000,99669,165,99570,165,99708,465,99358,165,99989,265,99332,165,100009,165,99223,165,100010,165,99181,165,100013,100,99167,100,100019,100,99143,100,100044,100,99030,100,100061,100,,,100064,100,,
2019-06-28 09:41:40.000000000,99669,210,99570,210,99708,507,99358,207,99989,307,99332,207,100009,100,99223,100,100010,100,99181,100,100013,100,99167,100,100019,100,99143,100,100044,100,99030,100,100061,100,,,100064,100,,
2019-06-28 09:41:50.000000000,99669,423,99570,423,99708,400,99358,100,99989,200,99332,100,100009,100,99223,100,100010,100,99181,100,100013,100,99167,100,100019,100,99143,100,100044,100,99030,100,100061,100,,,100064,100,,
2019-06-28 09:42:00.000000000,99669,181,99570,181,99708,481,99358,181,99989,281,99332,181,100009,181,99223,181,100010,100,99181,100,100013,100,99167,100,100019,100,99143,100,100044,100,99030,100,100061,100,,,100064,100,,
2019-06-28 09:42:01.714751111,99570,19,99358,181,99669,181,99332,181,99708,481,99223,181,99989,281,99181,100,100009,181,99167,100,100010,100,99143,100,100013,100,99030,100,100019,100,,,100044,100,,,100061,100,,
2019-06-28 09:42:01.880126957,99570,19,99358,81,99669,181,99332,181,99708,481,99223,181,99989,281,99181,100,100009,181,99167,100,100010,100,99143,100,100013,100,99030,100,100019,100,,,100044,100,,,100061,100,,
2019-06-28 09:42:10.000000000,99570,181,99332,262,99669,262,99223,262,99708,400,99181,100,99989,200,99167,100,100009,100,99143,100,100010,100,99030,100,100013,100,,,100019,100,,,100044,100,,,100061,100,,
2019-06-28 09:42:20.000000000,99570,129,99332,210,99669,207,99223,207,99708,507,99181,207,99989,200,99167,100,100009,100,99143,100,100010,100,99030,100,100013,100,,,100019,100,,,100044,100,,,100061,100,,
2019-06-28 09:42:30.000000000,99570,84,99332,165,99669,165,99223,165,99708,465,99181,165,99989,265,99167,165,100009,165,99143,165,100010,100,99030,100,100013,100,,,100019,100,,,100044,100,,,100061,100,,
2019-06-28 09:42:36.889217561,99570,184,99332,165,99669,165,99223,165,99708,465,99181,165,99989,265,99167,165,100009,165,99143,165,100010,100,99030,100,100013,100,,,100019,100,,,100044,100,,,100061,100,,
2019-06-28 09:42:40.000000000,99570,281,99332,262,99669,262,99223,262,99708,400,99181,100,99989,200,99167,100,100009,100,99143,100,100010,100,99030,100,100013,100,,,100019,100,,,100044,100,,,100061,100,,
2019-06-28 09:42:50.000000000,99570,281,99332,262,99669,262,99223,262,99708,400,99181,100,99989,200,99167,100,100009,100,99143,100,100010,100,99030,100,100013,100,,,100019,100,,,100044,100,,,100061,100,,
2019-06-28 09:42:57.550755131,99570,281,99332,262,99669,262,99223,262,99708,400,99181,100,99989,200,99167,100,100009,100,99143,100,100010,100,99030,100,100013,100,98872,100,100019,100,,,100044,100,,,100061,100,,
2019-06-28 09:43:00.000000000,99570,442,99332,423,99669,100,99223,100,99708,400,99181,100,99989,200,99167,100,100009,100,99143,100,100010,100,99030,100,100013,100,98872,100,100019,100,,,100044,100,,,100061,100,,
2019-06-28 09:43:09.153050639,99570,442,99332,423,99669,100,99223,100,99708,400,99181,100,99989,200,99167,100,100009,100,99143,100,100010,100,99030,100,100013,100,98890,100,100019,100,98872,100,100044,100,,,100061,100,,
2019-06-28 09:43:10.000000000,99570,229,99332,210,99669,207,99223,207,99708,507,99181,207,99989,200,99167,100,100009,100,99143,100,100010,100,99030,100,100013,100,98890,100,100019,100,98872,100,100044,100,,,100061,100,,
2019-06-28 09:43:18.532796096,99570,229,99332,110,99669,207,99223,207,99708,507,99181,207,99989,200,99167,100,100009,100,99143,100,100010,100,99030,100,100013,100,98890,100,100019,100,98872,100,100044,100,,,100061,100,,
2019-06-28 09:43:20.000000000,99570,281,99223,262,99669,262,99181,262,99708,400,99167,100,99989,200,99143,100,100009,100,99030,100,100010,100,98890,100,100013,100,98872,100,100019,100,,,100044,100,,,100061,100,,
2019-06-28 09:43:24.526422947,99358,100,99223,262,99570,281,99181,262,99669,262,99167,100,99708,400,99143,100,99989,200,99030,100,100009,100,98890,100,100010,100,98872,100,100013,100,,,100019,100,,,100044,100,,
2019-06-28 09:43:30.000000000,99358,181,99223,181,99570,200,99181,181,99669,181,99167,181,99708,481,99143,181,99989,200,99030,100,100009,100,98890,100,100010,100,98872,100,100013,100,,,100019,100,,,100044,100,,
2019-06-28 09:43:34.647271658,99358,181,99298,100,99570,200,99223,181,99669,181,99181,181,99708,481,99167,181,99989,200,99143,181,100009,100,99030,100,100010,100,98890,100,100013,100,98872,100,100019,100,,,100044,100,,
2019-06-28 09:43:40.000000000,99358,423,99298,423,99570,119,99223,100,99669,100,99181,100,99708,400,99167,100,99989,200,99143,100,100009,100,99030,100,100010,100,98890,100,100013,100,98872,100,100019,100,,,100044,100,,
2019-06-28 09:43:50.000000000,99358,262,99298,262,99570,281,99223,262,99669,100,99181,100,99708,400,99167,100,99989,200,99143,100,100009,100,99030,100,100010,100,98890,100,100013,100,98872,100,100019,100,,,100044,100,,
2019-06-28 09:43:51.390768644,99358,262,99298,162,99570,281,99223,262,99669,100,99181,100,99708,400,99167,100,99989,200,99143,100,100009,100,99030,100,100010,100,98890,100,100013,100,98872,100,100019,100,,,100044,100,,
2019-06-28 09:43:57.554484395,99358,162,99298,162,99570,281,99223,262,99669,100,99181,100,99708,400,99167,100,99989,200,99143,100,100009,100,99030,100,100010,100,98890,100,100013,100,98872,100,100019,100,,,100044,100,,
2019-06-28 09:44:00.000000000,99570,184,99223,165,99669,165,99181,165,99708,465,99167,165,99989,265,99143,165,100009,165,99030,165,100010,100,98890,100,100013,100,98872,100,100019,100,,,100044,100,,,100061,100,,
2019-06-28 09:44:06.549594269,99332,100,99223,165,99570,184,99181,165,99669,165,99167,165,99708,465,99143,165,99989,265,99030,165,100009,165,98890,100,100010,100,98872,100,100013,100,,,100019,100,,,100044,100,,
2019-06-28 09:44:10.000000000,99332,262,99223,262,99570,281,99181,262,99669,100,99167,100,99708,400,99143,100,99989,200,99030,100,100009,100,98890,100,100010,100,98872,100,100013,100,,,100019,100,,,100044,100,,
2019-06-28 09:44:20.000000000,99332,423,99223,423,99570,119,99181,100,99669,100,99167,100,99708,400,99143,100,99989,200,99030,100,100009,100,98890,100,100010,100,98872,100,100013,100,,,100019,100,,,100044,100,,
2019-06-28 09:44:25.982655653,99328,100,99223,423,99332,423,99181,100,99570,119,99167,100,99669,100,99143,100,99708,400,99030,100,99989,200,98890,100,100009,100,98872,100,100010,100,,,100013,100,,,100019,100,,
2019-06-28 09:44:30.000000000,99328,210,99223,210,99332,207,99181,207,99570,226,99167,207,99669,100,99143,100,99708,400,99030,100,99989,200,98890,100,100009,100,98872,100,100010,100,,,100013,100,,,100019,100,,
2019-06-28 09:44:40.000000000,99328,423,99223,423,99332,100,99181,100,99570,119,99167,100,99669,100,99143,100,99708,400,99030,100,99989,200,98890,100,100009,100,98872,100,100010,100,,,100013,100,,,100019,100,,
2019-06-28 09:44:50.000000000,99328,423,99223,423,99332,100,99181,100,99570,119,99167,100,99669,100,99143,100,99708,400,99030,100,99989,200,98890,100,100009,100,98872,100,100010,100,,,100013,100,,,100019,100,,
2019-06-28 09:45:00.000000000,99328,423,99223,423,99332,100,99181,100,99570,119,99167,100,99669,100,99143,100,99708,400,99030,100,99989,200,98890,100,100009,100,98872,100,100010,100,,,100013,100,,,100019,100,,
2019-06-28 09:45:10.000000000,99328,181,99223,181,99332,181,99181,181,99570,200,99167,181,99669,181,99143,181,99708,400,99030,100,99989,200,98890,100,100009,100,98872,100,100010,100,,,100013,100,,,100019,100,,
2019-06-28 09:45:11.292450596,99328,81,99223,181,99332,181,99181,181,99570,200,99167,181,99669,181,99143,181,99708,400,99030,100,99989,200,98890,100,100009,100,98872,100,100010,100,,,100013,100,,,100019,100,,
2019-06-28 09:45:20.000000000,99332,210,99223,210,99570,226,99181,207,99669,207,99167,207,99708,400,99143,100,99989,200,99030,100,100009,100,98890,100,100010,100,98872,100,100013,100,,,100019,100,,,100044,100,,
2019-06-28 09:45:30.000000000,99332,210,99223,210,99570,226,99181,207,99669,207,99167,207,99708,400,99143,100,99989,200,99030,100,100009,100,98890,100,100010,100,98872,100,100013,100,,,100019,100,,,100044,100,,
2019-06-28 09:45:40.000000000,99332,262,99223,262,99570,281,99181,262,99669,100,99167,100,99708,400,99143,100,99989,200,99030,100,100009,100,98890,100,100010,100,98872,100,100013,100,,,100019,100,,,100044,100,,
2019-06-28 09:45:48.687636007,99332,262,99299,100,99570,281,99223,262,99669,100,99181,262,99708,400,99167,100,99989,200,99143,100,100009,100,99030,100,100010,100,98890,100,100013,100,98872,100,100019,100,,,100044,100,,
2019-06-28 09:45:50.000000000,99332,210,99299,210,99570,226,99223,207,99669,207,99181,207,99708,400,99167,100,99989,200,99143,100,100009,100,99030,100,100010,100,98890,100,100013,100,98872,100,100019,100,,,100044,100,,
2019-06-28 09:46:00.000000000,99332,181,99299,181,99570,200,99223,181,99669,181,99181,181,99708,481,99167,181,99989,200,99143,100,100009,100,99030,100,100010,100,98890,100,100013,100,98872,100,100019,100,,,100044,100,,
2019-06-28 09:46:09.794835687,99332,181,99299,181,99570,200,99256,100,99669,181,99223,181,99708,481,99181,181,99989,200,99167,181,100009,100,99143,100,100010,100,99030,100,100013,100,98890,100,100019,100,98872,100,100044,100,,
2019-06-28 09:46:10.000000000,99332,165,99299,165,99570,184,99256,165,99669,165,99223,165,99708,465,99181,165,99989,265,99167,165,100009,100,99143,100,100010,100,99030,100,100013,100,98890,100,100019,100,98872,100,100044,100,,
2019-06-28 09:46:15.822185459,99327,100,99299,165,99332,165,99256,165,99570,184,99223,165,99669,165,99181,165,99708,465,99167,165,99989,265,99143,100,100009,100,99030,100,100010,100,98890,100,100013,100,98872,100,100019,100,,
2019-06-28 09:46:19.014204348,99327,100,99299,165,99332,165,99256,165,99337,100,99223,165,99570,184,99181,65,99669,165,99167,165,99708,465,99143,100,99989,265,99030,100,100009,100,98890,100,100010,100,98872,100,100013,100,,
2019-06-28 09:46:20.000000000,99327,210,99299,210,99332,207,99256,207,99337,207,99223,207,99570,119,99167,100,99669,100,99143,100,99708,400,99030,100,99989,200,98890,100,100009,100,98872,100,100010,100,,,100013,100,,
2019-06-28 09:46:30.000000000,99327,165,99299,165,99332,165,99256,165,99337,165,99223,165,99570,184,99167,165,99669,165,99143,165,99708,400,99030,100,99989,200,98890,100,100009,100,98872,100,100010,100,,,100013,100,,
2019-06-28 09:46:38.424387746,99327,165,99299,265,99332,165,99256,165,99337,165,99223,165,99570,84,99167,165,99669,165,99143,165,99708,400,99030,100,99989,200,98890,100,100009,100,98872,100,100010,100,,,100013,100,,
2019-06-28 09:46:40.000000000,99327,423,99299,523,99332,100,99256,100,99337,100,99223,100,99570,19,99167,100,99669,100,99143,100,99708,400,99030,100,99989,200,98890,100,100009,100,98872,100,100010,100,,,100013,100,,
2019-06-28 09:46:50.000000000,99327,181,99299,281,99332,181,99256,181,99337,181,99223,181,99570,100,99167,181,99669,100,99143,100,99708,400,99030,100,99989,200,98890,100,100009,100,98872,100,100010,100,,,100013,100,,
2019-06-28 09:47:00.000000000,99327,423,99299,523,99332,100,99256,100,99337,100,99223,100,99570,19,99167,100,99669,100,99143,100,99708,400,99030,100,99989,200,98890,100,100009,100,98872,100,100010,100,,,100013,100,,
2019-06-28 09:47:00.932294503,99327,323,99299,523,99332,100,99256,100,99337,100,99167,100,99570,19,99143,100,99669,100,99030,100,99708,400,98890,100,99989,200,98872,100,100009,100,,,100010,100,,,100013,100,,
2019-06-28 09:47:10.000000000,99332,210,99299,310,99337,207,99256,207,99570,126,99167,207,99669,100,99143,100,99708,400,99030,100,99989,200,98890,100,100009,100,98872,100,100010,100,,,100013,100,,,100019,100,,
2019-06-28 09:47:20.000000000,99332,165,99299,265,99337,165,99256,165,99570,84,99167,165,99669,165,99143,165,99708,465,99030,165,99989,200,98890,100,100009,100,98872,100,100010,100,,,100013,100,,,100019,100,,
2019-06-28 09:47:28.027627998,99332,65,99299,265,99337,165,99256,165,99570,84,99167,165,99669,165,99143,165,99708,465,99030,165,99989,200,98890,100,100009,100,98872,100,100010,100,,,100013,100,,,100019,100,,
2019-06-28 09:47:30.000000000,99337,165,99299,265,99570,84,99256,165,99669,165,99167,165,99708,465,99143,165,99989,265,99030,165,100009,100,98890,100,100010,100,98872,100,100013,100,,,100019,100,,,100044,100,,
2019-06-28 09:47:40.000000000,99337,210,99299,310,99570,126,99256,207,99669,207,99167,207,99708,400,99143,100,99989,200,99030,100,100009,100,98890,100,100010,100,98872,100,100013,100,,,100019,100,,,100044,100,,
2019-06-28 09:47:50.000000000,99337,165,99299,265,99570,84,99256,165,99669,165,99167,165,99708,465,99143,165,99989,265,99030,165,100009,100,98890,100,100010,100,98872,100,100013,100,,,100019,100,,,100044,100,,
2019-06-28 09:47:50.945785699,99337,165,99299,265,99570,84,99256,165,99669,165,99167,165,99708,365,99143,165,99989,265,99030,165,100009,100,98890,100,100010,100,98872,100,100013,100,,,100019,100,,,100044,100,,
2019-06-28 09:47:57.377537998,99337,165,99299,265,99570,84,99256,165,99669,165,99167,165,99708,365,99143,165,99903,100,99030,165,99989,265,98890,100,100009,100,98872,100,100010,100,,,100013,100,,,100019,100,,
2019-06-28 09:48:00.000000000,99337,181,99299,281,99570,100,99256,181,99669,181,99167,181,99708,381,99143,181,99903,100,99030,100,99989,200,98890,100,100009,100,98872,100,100010,100,,,100013,100,,,100019,100,,
2019-06-28 09:48:10.000000000,99337,262,99299,362,99570,181,99256,262,99669,100,99167,100,99708,300,99143,100,99903,100,99030,100,99989,200,98890,100,100009,100,98872,100,100010,100,,,100013,100,,,100019,100,,
2019-06-28 09:48:11.513286592,99337,262,99299,362,99570,181,99256,262,99669,100,99167,100,99708,300,99143,100,99903,100,99030,100,99989,200,98890,100,100009,100,98872,100,100010,100,,,100013,100,,,100019,100,,
2019-06-28 09:48:12.921130348,99337,162,99299,362,99570,181,99256,262,99669,100,99167,100,99708,300,99143,100,99903,100,99030,100,99989,200,98890,100,100009,100,98872,100,100010,100,,,100013,100,,,100019,100,,
2019-06-28 09:48:20.000000000,99570,100,99299,281,99669,181,99256,181,99708,381,99167,181,99903,181,99143,181,99989,200,99030,100,100009,100,98890,100,100010,100,98872,100,100013,100,,,100019,100,,,100044,100,,
2019-06-28 09:48:30.000000000,99570,129,99299,310,99669,207,99256,207,99708,407,99167,207,99903,100,99143,100,99989,200,99030,100,100009,100,98890,100,100010,100,98872,100,100013,100,,,100019,100,,,100044,100,,
2019-06-28 09:48:40.000000000,99570,84,99299,265,99669,165,99256,165,99708,365,99167,165,99903,165,99143,165,99989,265,99030,165,100009,100,98890,100,100010,100,98872,100,100013,100,,,100019,100,,,100044,100,,
2019-06-28 09:48:48.156796461,99570,84,99299,265,99669,165,99256,165,99708,265,99167,165,99903,165,99143,165,99989,265,99030,165,100009,100,98890,100,100010,100,98872,100,100013,100,,,100019,100,,,100044,100,,
2019-06-28 09:48:50.000000000,99570,100,99299,281,99669,181,99256,181,99708,281,99167,181,99903,181,99143,181,99989,200,99030,100,100009,100,98890,100,100010,100,98872,100,100013,100,,,100019,100,,,100044,100,,
2019-06-28 09:49:00.000000000,99570,181,99299,362,99669,262,99256,262,99708,200,99167,100,99903,100,99143,100,99989,200,99030,100,100009,100,98890,100,100010,100,98872,100,100013,100,,,100019,100,,,100044,100,,
2019-06-28 09:49:07.287818417,99570,181,99299,362,99669,262,99256,262,99708,200,99167,100,99903,100,99143,100,99989,200,99030,100,100009,100,98890,100,100010,100,98872,100,100013,100,,,100019,100,,,100044,100,,
2019-06-28 09:49:10.000000000,99570,100,99299,281,99669,181,99256,181,99708,281,99167,181,99903,181,99143,181,99989,200,99030,100,100009,100,98890,100,100010,100,98872,100,100013,100,,,100019,100,,,100044,100,,
2019-06-28 09:49:20.000000000,99570,129,99299,310,99669,207,99256,207,99708,307,99167,207,99903,100,99143,100,99989,200,99030,100,100009,100,98890,100,100010,100,98872,100,100013,100,,,100019,100,,,100044,100,,
2019-06-28 09:49:30.000000000,99570,129,99299,310,99669,207,99256,207,99708,307,99167,207,99903,100,99143,100,99989,200,99030,100,100009,100,98890,100,100010,100,98872,100,100013,100,,,100019,100,,,100044,100,,
2019-06-28 09:49:31.980441049,99570,110,99299,310,99669,207,99256,207,99708,307,99167,207,99903,100,99143,100,99989,200,99030,100,100009,100,98890,100,100010,100,98872,100,100013,100,,,100019,100,,,100044,100,,
2019-06-28 09:49:40.000000000,99669,423,99299,523,99708,200,99256,100,99903,100,99167,100,99989,200,99143,100,100009,100,99030,100,100010,100,98890,100,100013,100,98872,100,100019,100,,,100044,100,,,100064,100,,
2019-06-28 09:49:49.709583817,99669,423,99332,100,99708,200,99299,523,99903,100,99256,100,99989,200,99167,100,100009,100,99143,100,100010,100,99030,100,100013,100,98890,100,100019,100,98872,100,100044,100,,,100064,100,,
2019-06-28 09:49:50.000000000,99669,181,99332,181,99708,281,99299,281,99903,181,99256,181,99989,281,99167,181,100009,100,99143,100,100010,100,99030,100,100013,100,98890,100,100019,100,98872,100,100044,100,,,100064,100,,
2019-06-28 09:50:00.000000000,99669,262,99332,262,99708,362,99299,362,99903,100,99256,100,99989,200,99167,100,100009,100,99143,100,100010,100,99030,100,100013,100,98890,100,100019,100,98872,100,100044,100,,,100064,100,,
2019-06-28 09:50:10.000000000,99669,262,99332,262,99708,362,99299,362,99903,100,99256,100,99989,200,99167,100,100009,100,99143,100,100010,100,99030,100,100013,100,98890,100,100019,100,98872,100,100044,100,,,100064,100,,
2019-06-28 09:50:20.000000000,99669,165,99332,165,99708,265,99299,265,99903,165,99256,165,99989,265,99167,165,100009,165,99143,165,100010,100,99030,100,100013,100,98890,100,100019,100,98872,100,100044,100,,,100064,100,,
2019-06-28 09:50:29.622129818,99669,165,99332,165,99708,265,99299,265,99903,165,99256,165,99989,265,99167,165,100009,165,99143,165,100010,100,99030,100,100013,100,98890,100,100019,100,98872,100,100044,100,,,100064,100,,
2019-06-28 09:50:30.000000000,99669,423,99332,423,99708,200,99299,200,99903,100,99256,100,99989,200,99167,100,100009,100,99143,100,100010,100,99030,100,100013,100,98890,100,100019,100,98872,100,100044,100,,,100064,100,,
2019-06-28 09:50:40.000000000,99669,423,99332,423,99708,200,99299,200,99903,100,99256,100,99989,200,99167,100,100009,100,99143,100,100010,100,99030,100,100013,100,98890,100,100019,100,98872,100,100044,100,,,100064,100,,
2019-06-28 09:50:45.571794566,99669,423,99332,523,99708,200,99299,200,99903,100,99256,100,99989,200,99167,100,100009,100,99143,100,100010,100,99030,100,100013,100,98890,100,100019,100,98872,100,100044,100,,,100064,100,,
2019-06-28 09:50:47.762234367,99669,423,99332,623,99708,200,99299,200,99903,100,99256,100,99989,200,99167,100,100009,100,99143,100,100010,100,99030,100,100013,100,98890,100,100019,100,98872,100,100044,100,,,100064,100,,
2019-06-28 09:50:50.000000000,99669,262,99332,462,99708,362,99299,362,99903,100,99256,100,99989,200,99167,100,100009,100,99143,100,100010,100,99030,100,100013,100,98890,100,100019,100,98872,100,100044,100,,,100064,100,,
2019-06-28 09:50:51.508613100,99669,262,99332,462,99708,362,99299,362,99903,100,99256,100,99989,200,99167,100,100009,100,99143,100,100010,100,99030,100,100013,100,98890,100,100019,100,98872,100,100044,100,,,100064,100,,
2019-06-28 09:50:52.878531938,99669,162,99332,462,99708,362,99299,362,99903,100,99256,100,99989,200,99167,100,100009,100,99143,100,100010,100,99030,100,100013,100,98890,100,100019,100,98872,100,100044,100,,,100064,100,,
2019-06-28 09:50:56.854059699,99669,162,99332,462,99708,362,99299,362,99903,100,99256,100,99989,200,99143,100,100009,100,99030,100,100010,100,98890,100,100013,100,98872,100,100019,100,,,100044,100,,,100064,100,,
2019-06-28 09:51:00.000000000,99708,310,99332,410,99903,207,99299,307,99989,307,99256,207,100009,100,99143,100,100010,100,99030,100,100013,100,98890,100,100019,100,98872,100,100044,100,,,100064,100,,,100081,100,,
2019-06-28 09:51:07.958831499,99708,310,99332,410,99903,207,99299,307,99989,307,99256,207,100009,100,99143,100,100010,100,99030,100,100013,100,98890,100,100019,100,98872,100,100044,100,,,100064,100,,,100081,100,,
2019-06-28 09:51:10.000000000,99708,310,99332,410,99903,207,99299,307,99989,307,99256,207,100009,100,99143,100,100010,100,99030,100,100013,100,98890,100,100019,100,98872,100,100044,100,,,100064,100,,,100081,100,,
2019-06-28 09:51:11.102671081,99708,310,99332,410,99903,207,99299,307,99989,307,99256,207,100009,100,99143,100,100010,100,99030,100,100013,100,98890,100,100019,100,98872,100,100044,100,,,100064,100,,,100081,100,,
2019-06-28 09:51:11.828116837,99708,210,99332,410,99903,207,99299,307,99989,307,99256,207,100009,100,99143,100,100010,100,99030,100,100013,100,98890,100,100019,100,98872,100,100044,100,,,100064,100,,,100081,100,,
2019-06-28 09:51:20.000000000,99708,262,99332,462,99903,262,99299,362,99989,200,99256,100,100009,100,99143,100,100010,100,99030,100,100013,100,98890,100,100019,100,98872,100,100044,100,,,100064,100,,,100081,100,,
2019-06-28 09:51:30.000000000,99708,181,99332,381,99903,181,99299,281,99989,281,99256,181,100009,181,99143,181,100010,100,99030,100,100013,100,98890,100,100019,100,98872,100,100044,100,,,100064,100,,,100081,100,,
2019-06-28 09:51:40.000000000,99708,423,99332,623,99903,100,99299,200,99989,200,99256,100,100009,100,99143,100,100010,100,99030,100,100013,100,98890,100,100019,100,98872,100,100044,100,,,100064,100,,,100081,100,,
2019-06-28 09:51:46.376778950,99708,423,99658,100,99903,100,99332,623,99989,200,99299,200,100009,100,99256,100,100010,100,99143,100,100013,100,99030,100,100019,100,98890,100,100044,100,98872,100,100064,100,,,100081,100,,
2019-06-28 09:51:47.028919676,99708,423,99658,100,99903,100,99645,100,99989,200,99332,623,100009,100,99299,200,100010,100,99256,100,100013,100,99143,100,100019,100,99030,100,100044,100,98890,100,100064,100,98872,100,100081,100,,
2019-06-28 09:51:50.000000000,99708,210,99658,210,99903,207,99645,207,99989,307,99332,407,100009,100,99299,200,100010,100,99256,100,100013,100,99143,100,100019,100,99030,100,100044,100,98890,100,100064,100,98872,100,100081,100,,
2019-06-28 09:51:51.500744466,99708,210,99673,100,99903,207,99658,210,99989,307,99645,207,100009,100,99332,407,100010,100,99299,200,100013,100,99256,100,100019,100,99143,100,100044,100,99030,100,100064,100,98890,100,100081,100,98872,100
2019-06-28 09:52:00.000000000,99708,165,99673,165,99903,165,99658,165,99989,265,99645,165,100009,165,99332,365,100010,165,99299,265,100013,100,99256,100,100019,100,99143,100,100044,100,99030,100,100064,100,98890,100,100081,100,98872,100
2019-06-28 09:52:08.535022289,99708,165,99673,165,99903,165,99658,165,99989,265,99645,165,100009,165,99570,100,100010,165,99332,365,100013,100,99299,265,100019,100,99256,100,100044,100,99143,100,100064,100,99030,100,100081,100,98890,100
2019-06-28 09:52:10.000000000,99708,262,99673,262,99903,262,99658,262,99989,200,99645,100,100009,100,99570,100,100010,100,99332,300,100013,100,99299,200,100019,100,99256,100,100044,100,99143,100,100064,100,99030,100,100081,100,98890,100
2019-06-28 09:52:11.876088262,99708,262,99673,262,99903,262,99658,262,99989,200,99645,100,100009,100,99570,100,100010,100,99458,100,100019,100,99332,300,100044,100,99299,200,100064,100,99256,100,100081,100,99143,100,100082,100,99030,100
2019-06-28 09:52:13.874400981,99708,262,99673,162,99903,262,99658,262,99989,200,99645,100,100009,100,99570,100,100010,100,99458,100,100019,100,99332,300,100044,100,99299,200,100064,100,99256,100,100081,100,99143,100,100082,100,99030,100
2019-06-28 09:52:20.000000000,99708,423,99658,423,99903,100,99645,100,99989,200,99570,100,100009,100,99458,100,100010,100,99332,300,100019,100,99299,200,100044,100,99256,100,100064,100,99143,100,100081,100,99030,100,100082,100,98890,100
2019-06-28 09:52:21.570650416,99708,423,99658,423,99903,100,99645,100,99989,200,99604,100,100009,100,99570,100,100010,100,99458,100,100019,100,99332,300,100044,100,99299,200,100064,100,99256,100,100081,100,99143,100,100111,100,99030,100
2019-06-28 09:52:25.631706108,99708,423,99658,423,99903,100,99645,100,99989,200,99604,100,100009,100,99570,100,100010,100,99511,100,100019,100,99458,100,100044,100,99332,300,100064,100,99299,200,100081,100,99256,100,100111,100,99143,100
2019-06-28 09:52:30.000000000,99708,262,99658,262,99903,262,99645,262,99989,200,99604,100,100009,100,99570,100,100010,100,99511,100,100019,100,99458,100,100044,100,99332,300,100064,100,99299,200,100081,100,99256,100,100111,100,99143,100
2019-06-28 09:52:33.214586469,99708,262,99658,262,99903,262,99645,262,99989,200,99604,100,100009,100,99570,100,100010,100,99516,100,100019,100,99511,100,100044,100,99458,100,100064,100,99332,300,100081,100,99299,200,100111,100,99256,100
2019-06-28 09:52:40.000000000,99708,165,99658,165,99903,165,99645,165,99989,265,99604,165,100009,165,99570,165,100010,165,99516,165,100019,100,99511,100,100044,100,99458,100,100064,100,99332,300,100081,100,99299,200,100111,100,99256,100
2019-06-28 09:52:50.000000000,99708,181,99658,181,99903,181,99645,181,99989,281,99604,181,100009,181,99570,181,100010,100,99516,100,100019,100,99511,100,100044,100,99458,100,100064,100,99332,300,100081,100,99299,200,100111,100,99256,100
2019-06-28 09:53:00.000000000,99708,262,99658,262,99903,262,99645,262,99989,200,99604,100,100009,100,99570,100,100010,100,99516,100,100019,100,99511,100,100044,100,99458,100,100064,100,99332,300,100081,100,99299,200,100111,100,99256,100
2019-06-28 09:53:10.000000000,99708,210,99658,210,99903,207,99645,207,99989,307,99604,207,100009,100,99570,100,100010,100,99516,100,100019,100,99511,100,100044,100,99458,100,100064,100,99332,300,100081,100,99299,200,100111,100,99256,100
2019-06-28 09:53:20.000000000,99708,423,99658,423,99903,100,99645,100,99989,200,99604,100,100009,100,99570,100,100010,100,99516,100,100019,100,99511,100,100044,100,99458,100,100064,100,99332,300,100081,100,99299,200,100111,100,99256,100
2019-06-28 09:53:22.519786815,99708,423,99658,423,99903,100,99645,100,99989,200,99604,100,100009,100,99570,100,100010,100,99516,100,100019,100,99511,100,100044,100,99458,100,100064,100,99332,300,100081,100,99299,200,100111,100,99256,100
2019-06-28 09:53:30.000000000,99708,165,99658,165,99903,165,99645,165,99989,265,99604,165,100009,165,99570,165,100010,165,99516,165,100019,100,99511,100,100044,100,99458,100,100064,100,99332,300,100081,100,99299,200,100111,100,99256,100
2019-06-28 09:53:40.000000000,99708,210,99658,210,99903,207,99645,207,99989,307,99604,207,100009,100,99570,100,100010,100,99516,100,100019,100,99511,100,100044,100,99458,100,100064,100,99332,300,100081,100,99299,200,100111,100,99256,100
2019-06-28 09:53:50.000000000,99708,165,99658,165,99903,165,99645,165,99989,265,99604,165,100009,165,99570,165,100010,165,99516,165,100019,100,99511,100,100044,100,99458,100,100064,100,99332,300,100081,100,99299,200,100111,100,99256,100
2019-06-28 09:53:54.887451713,99708,165,99674,100,99903,165,99658,165,99989,265,99645,165,100009,165,99604,165,100010,165,99570,165,100019,100,99516,165,100044,100,99511,100,100064,100,99458,100,100081,100,99332,300,100111,100,99299,200
2019-06-28 09:53:59.641749044,99708,65,99674,200,99903,165,99658,165,99989,265,99645,165,100009,165,99604,165,100010,165,99570,165,100019,100,99516,165,100044,100,99511,100,100064,100,99458,100,100081,100,99332,300,100111,100,99299,200
2019-06-28 09:54:00.000000000,99903,262,99674,362,99989,362,99658,262,100009,100,99645,100,100010,100,99604,100,100019,100,99570,100,100044,100,99516,100,100064,100,99511,100,100081,100,99458,100,100111,100,99332,300,100113,100,99299,200
2019-06-28 09:54:04.777564029,99903,262,99674,362,99989,362,99658,262,100009,100,99645,100,100010,100,99604,100,100019,100,99570,100,100044,100,99516,100,100064,100,99511,100,100081,100,99458,100,100111,100,99332,200,100113,100,99299,200
2019-06-28 09:54:10.000000000,99903,210,99674,310,99989,307,99658,207,100009,207,99645,207,100010,100,99604,100,100019,100,99570,100,100044,100,99516,100,100064,100,99511,100,100081,100,99458,100,100111,100,99332,200,100113,100,99299,200
2019-06-28 09:54:20.000000000,99903,165,99674,265,99989,265,99658,165,100009,165,99645,165,100010,165,99604,165,100019,165,99570,165,100044,100,99516,100,100064,100,99511,100,100081,100,99458,100,100111,100,99332,200,100113,100,99299,200
2019-06-28 09:54:21.709713738,99903,165,99674,265,99989,265,99658,165,100009,165,99645,165,100010,165,99604,165,100019,165,99570,165,100044,100,99516,100,100064,100,99511,100,100081,100,99458,100,100111,100,99332,200,100113,100,99299,200
2019-06-28 09:54:28.984542273,99903,165,99862,100,99989,265,99674,265,100009,165,99658,165,100010,165,99645,165,100019,165,99604,165,100044,100,99570,165,100064,100,99516,100,100081,100,99511,100,100111,100,99458,100,100113,100,99332,200
2019-06-28 09:54:30.000000000,99903,165,99862,165,99989,265,99674,265,100009,165,99658,165,100010,165,99645,165,100019,165,99604,165,100044,100,99570,100,100064,100,99516,100,100081,100,99511,100,100111,100,99458,100,100113,100,99332,200
2019-06-28 09:54:35.027554358,99903,165,99862,165,99989,265,99674,265,100009,165,99658,165,100010,165,99645,165,100019,165,99604,165,100064,100,99570,100,100081,100,99516,100,100094,100,99511,100,100111,100,99458,100,100113,100,99332,200
2019-06-28 09:54:40.000000000,99903,165,99862,165,99989,265,99674,265,100009,165,99658,165,100010,165,99645,165,100019,165,99604,165,100064,100,99570,100,100081,100,99516,100,100094,100,99511,100,100111,100,99458,100,100113,100,99332,200
2019-06-28 09:54:42.539382920,99903,65,99862,165,99989,265,99674,265,100009,165,99658,165,100010,165,99645,165,100019,165,99604,165,100064,100,99570,100,100081,100,99516,100,100094,100,99511,100,100111,100,99458,100,100119,100,99332,200
2019-06-28 09:54:50.000000000,99989,523,99862,423,100009,100,99674,200,100010,100,99658,100,100019,100,99645,100,100064,100,99604,100,100081,100,99570,100,100094,100,99516,100,100111,100,99511,100,100119,100,99458,100,100132,100,99332,200
2019-06-28 09:55:00.000000000,99989,523,99862,423,100009,100,99674,200,100010,100,99658,100,100019,100,99645,100,100064,100,99604,100,100081,100,99570,100,100094,100,99516,100,100111,100,99511,100,100119,100,99458,100,100132,100,99332,200
2019-06-28 09:55:01.179892525,99989,423,99862,423,100009,100,99674,200,100010,100,99658,100,100019,100,99645,100,100064,100,99604,100,100081,100,99570,100,100094,100,99516,100,100111,100,99511,100,100132,100,99458,100,100137,100,99332,200
2019-06-28 09:55:10.000000000,99989,423,99862,423,100009,100,99674,200,100010,100,99658,100,100019,100,99645,100,100064,100,99604,100,100081,100,99570,100,100094,100,99516,100,100111,100,99511,100,100132,100,99458,100,100137,100,99332,200
2019-06-28 09:55:17.593233382,99989,423,99862,423,100009,100,99674,200,100010,100,99658,100,100019,100,99645,100,100064,100,99604,100,100081,100,99570,100,100094,100,99516,100,100111,100,99511,100,100132,100,99458,100,100137,100,99332,200
2019-06-28 09:55:20.000000000,99989,210,99862,210,100009,207,99674,307,100010,207,99658,207,100019,100,99645,100,100064,100,99604,100,100081,100,99570,100,100094,100,99516,100,100111,100,99511,100,100132,100,99458,100,100137,100,99332,200
2019-06-28 09:55:24.818242441,99989,210,99863,100,100009,207,99862,210,100010,207,99674,307,100019,100,99658,207,100064,100,99645,100,100081,100,99604,100,100094,100,99570,100,100111,100,99516,100,100132,100,99511,100,100137,100,99458,100
2019-06-28 09:55:30.000000000,99989,262,99863,262,100009,262,99862,262,100010,100,99674,200,100019,100,99658,100,100064,100,99645,100,100081,100,99604,100,100094,100,99570,100,100111,100,99516,100,100132,100,99511,100,100137,100,99458,100
2019-06-28 09:55:39.899963124,99989,262,99863,262,100009,262,99862,262,100010,100,99674,200,100064,100,99658,100,100081,100,99645,100,100094,100,99604,100,100111,100,99570,100,100132,100,99516,100,100137,100,99511,100,100138,100,99458,100
2019-06-28 09:55:40.000000000,99989,165,99863,165,100009,165,99862,165,100010,165,99674,265,100064,165,99658,165,100081,165,99645,165,100094,100,99604,100,100111,100,99570,100,100132,100,99516,100,100137,100,99511,100,100138,100,99458,100
2019-06-28 09:55:50.000000000,99989,165,99863,165,100009,165,99862,165,100010,165,99674,265,100064,165,99658,165,100081,165,99645,165,100094,100,99604,100,100111,100,99570,100,100132,100,99516,100,100137,100,99511,100,100138,100,99458,100
2019-06-28 09:56:00.000000000,99989,423,99863,423,100009,100,99862,100,100010,100,99674,200,100064,100,99658,100,100081,100,99645,100,100094,100,99604,100,100111,100,99570,100,100132,100,99516,100,100137,100,99511,100,100138,100,99458,100
2019-06-28 09:56:05.658420337,99989,323,99863,423,100009,100,99862,100,100010,100,99674,200,100064,100,99658,100,100081,100,99645,100,100094,100,99604,100,100111,100,99570,100,100132,100,99516,100,100137,100,99511,100,100138,100,99458,100
2019-06-28 09:56:10.000000000,100009,165,99863,165,100010,165,99862,165,100064,165,99674,265,100081,165,99658,165,100094,165,99645,165,100111,100,99604,100,100132,100,99570,100,100137,100,99516,100,100138,100,99511,100,100255,100,99458,100
2019-06-28 09:56:20.000000000,100009,181,99863,181,100010,181,99862,181,100064,181,99674,281,100081,181,99658,181,100094,100,99645,100,100111,100,99604,100,100132,100,99570,100,100137,100,99516,100,100138,100,99511,100,100255,100,99458,100
2019-06-28 09:56:20.717065946,100009,181,99863,181,100010,181,99862,181,100064,181,99674,281,100081,181,99658,181,100094,100,99645,100,100111,100,99604,100,100132,100,99570,100,100137,100,99516,100,100138,100,99511,100,100241,100,99458,100
2019-06-28 09:56:30.000000000,100009,210,99863,210,100010,207,99862,207,100064,207,99674,307,100081,100,99658,100,100094,100,99645,100,100111,100,99604,100,100132,100,99570,100,100137,100,99516,100,100138,100,99511,100,100241,100,99458,100
2019-06-28 09:56:35.197888431,100009,210,99863,210,100010,207,99862,207,100064,207,99674,307,100078,100,99658,100,100081,100,99645,100,100094,100,99604,100,100111,100,99570,100,100132,100,99516,100,100137,100,99511,100,100138,100,99458,100
2019-06-28 09:56:37.516487628,100009,210,99863,210,100010,207,99862,207,100064,207,99674,307,100078,100,99658,100,100081,100,99645,100,100094,100,99604,100,100109,100,99570,100,100111,100,99516,100,100132,100,99511,100,100137,100,99458,100
2019-06-28 09:56:37.763712551,100009,210,99989,100,100010,207,99863,210,100064,207,99862,207,100078,100,99674,307,100081,100,99658,100,100094,100,99645,100,100109,100,99604,100,100111,100,99570,100,100132,100,99516,100,100137,100,99511,100
2019-06-28 09:56:40.000000000,100009,181,99989,181,100010,181,99863,181,100064,181,99862,181,100078,181,99674,281,100081,100,99658,100,100094,100,99645,100,100109,100,99604,100,100111,100,99570,100,100132,100,99516,100,100137,100,99511,100
2019-06-28 09:56:40.553323401,100009,181,99989,181,100010,181,99863,181,100040,100,99862,181,100064,181,99674,281,100078,181,99658,100,100081,100,99645,100,100094,100,99604,100,100109,100,99570,100,100111,100,99516,100,100132,100,99511,100
2019-06-28 09:56:49.979885027,100009,181,99989,81,100010,181,99863,181,100040,100,99862,181,100064,181,99674,281,100078,181,99658,100,100081,100,99645,100,100094,100,99604,100,100109,100,99570,100,100111,100,99516,100,100132,100,99511,100
2019-06-28 09:56:50.000000000,100009,210,99863,210,100010,207,99862,207,100040,207,99674,307,100064,100,99658,100,100078,100,99645,100,100081,100,99604,100,100094,100,99570,100,100109,100,99516,100,100111,100,99511,100,100132,100,99458,100
2019-06-28 09:56:50.592715714,100009,110,99863,210,100010,207,99862,207,100040,207,99674,307,100078,100,99658,100,100081,100,99645,100,100094,100,99604,100,100109,100,99570,100,100111,100,99516,100,100132,100,99511,100,100137,100,99458,100
2019-06-28 09:57:00.000000000,100010,262,99863,262,100040,262,99862,262,100078,100,99674,200,100081,100,99658,100,100094,100,99645,100,100109,100,99604,100,100111,100,99570,100,100132,100,99516,100,100137,100,99511,100,100138,100,99458,100
2019-06-28 09:57:10.000000000,100010,210,99863,210,100040,207,99862,207,100078,207,99674,307,100081,100,99658,100,100094,100,99645,100,100109,100,99604,100,100111,100,99570,100,100132,100,99516,100,100137,100,99511,100,100138,100,99458,100
2019-06-28 09:57:13.592502330,100010,210,99863,210,100040,207,99862,207,100078,207,99674,307,100081,100,99658,100,100094,100,99645,100,100109,100,99604,100,100111,100,99570,100,100127,100,99516,100,100132,100,99511,100,100137,100,99458,100
2019-06-28 09:57:20.000000000,100010,165,99863,165,100040,165,99862,165,100078,165,99674,265,100081,165,99658,165,100094,165,99645,165,100109,100,99604,100,100111,100,99570,100,100127,100,99516,100,100132,100,99511,100,100137,100,99458,100
2019-06-28 09:57:20.217432945,100010,65,99863,165,100040,165,99862,165,100078,165,99674,265,100081,165,99658,165,100094,165,99645,165,100109,100,99604,100,100111,100,99570,100,100127,100,99516,100,100132,100,99511,100,100137,100,99458,100
2019-06-28 09:57:22.123921414,99989,100,99863,165,100010,65,99862,165,100040,165,99674,265,100078,165,99658,165,100081,165,99645,165,100094,165,99604,100,100109,100,99570,100,100111,100,99516,100,100127,100,99511,100,100132,100,99458,100
2019-06-28 09:57:30.000000000,99989,210,99863,210,100040,207,99862,207,100078,207,99674,307,100081,100,99658,100,100094,100,99645,100,100109,100,99604,100,100111,100,99570,100,100127,100,99516,100,100132,100,99511,100,100137,100,99458,100
2019-06-28 09:57:31.996064292,99989,110,99863,210,100040,207,99862,207,100078,207,99674,307,100081,100,99658,100,100094,100,99645,100,100109,100,99604,100,100111,100,99570,100,100127,100,99516,100,100132,100,99511,100,100137,100,99458,100
2019-06-28 09:57:35.843397958,99989,110,99948,100,100040,107,99863,210,100078,207,99862,207,100081,100,99674,307,100094,100,99658,100,100109,100,99645,100,100111,100,99604,100,100127,100,99570,100,100132,100,99516,100,100137,100,99511,100
2019-06-28 09:57:40.000000000,100078,181,99948,181,100081,181,99863,181,100094,181,99862,181,100109,181,99674,281,100111,100,99658,100,100127,100,99645,100,100132,100,99604,100,100137,100,99570,100,100138,100,99516,100,100241,100,99511,100
2019-06-28 09:57:50.000000000,100078,165,99948,165,100081,165,99863,165,100094,165,99862,165,100109,165,99674,265,100111,165,99658,165,100127,100,99645,100,100132,100,99604,100,100137,100,99570,100,100138,100,99516,100,100241,100,99511,100
2019-06-28 09:58:00.000000000,100078,423,99948,423,100081,100,99863,100,100094,100,99862,100,100109,100,99674,200,100111,100,99658,100,100127,100,99645,100,100132,100,99604,100,100137,100,99570,100,100138,100,99516,100,100241,100,99511,100
2019-06-28 09:58:09.200286027,99988,100,99948,423,100078,423,99863,100,100081,100,99862,100,100094,100,99674,200,100109,100,99658,100,100111,100,99645,100,100127,100,99604,100,100132,100,99570,100,100137,100,99516,100,100138,100,99511,100
2019-06-28 09:58:10.000000000,99988,165,99948,165,100078,165,99863,165,100081,165,99862,165,100094,165,99674,265,100109,165,99658,165,100111,100,99645,100,100127,100,99604,100,100132,100,99570,100,100137,100,99516,100,100138,100,99511,100
2019-06-28 09:58:20.000000000,99988,210,99948,210,100078,207,99863,207,100081,207,99862,207,100094,100,99674,200,100109,100,99658,100,100111,100,99645,100,100127,100,99604,100,100132,100,99570,100,100137,100,99516,100,100138,100,99511,100
2019-06-28 09:58:24.957536299,99988,210,99948,210,100078,207,99863,207,100081,207,99862,207,100094,100,99674,200,100109,100,99658,100,100111,100,99645,100,100127,100,99570,100,100132,100,99516,100,100137,100,99511,100,100138,100,99458,100
2019-06-28 09:58:30.000000000,99988,165,99948,165,100078,165,99863,165,100081,165,99862,165,100094,165,99674,265,100109,165,99658,165,100111,100,99645,100,100127,100,99570,100,100132,100,99516,100,100137,100,99511,100,100138,100,99458,100
2019-06-28 09:58:40.000000000,99988,262,99948,262,100078,262,99863,262,100081,100,99862,100,100094,100,99674,200,100109,100,99658,100,100111,100,99645,100,100127,100,99570,100,100132,100,99516,100,100137,100,99511,100,100138,100,99458,100
2019-06-28 09:58:46.439524229,99988,262,99948,262,100078,262,99863,262,100081,100,99862,100,100094,100,99674,200,100109,100,99658,100,100111,100,99645,100,100127,100,99570,100,100132,100,99516,100,100137,100,99511,100,100138,100,99458,100
2019-06-28 09:58:50.000000000,99988,210,99948,210,100078,207,99863,207,100081,207,99862,207,100094,100,99674,200,100109,100,99658,100,100111,100,99645,100,100127,100,99570,100,100132,100,99516,100,100137,100,99511,100,100138,100,99458,100
2019-06-28 09:59:00.000000000,99988,165,99948,165,100078,165,99863,165,100081,165,99862,165,100094,165,99674,265,100109,165,99658,165,100111,100,99645,100,100127,100,99570,100,100132,100,99516,100,100137,100,99511,100,100138,100,99458,100
2019-06-28 09:59:10.000000000,99988,262,99948,262,100078,262,99863,262,100081,100,99862,100,100094,100,99674,200,100109,100,99658,100,100111,100,99645,100,100127,100,99570,100,100132,100,99516,100,100137,100,99511,100,100138,100,99458,100
2019-06-28 09:59:19.599159655,99988,262,99948,262,100078,262,99863,262,100081,100,99862,100,100094,100,99674,200,100109,100,99658,100,100111,100,99645,100,100127,100,99570,100,100132,100,99516,100,100137,100,99511,100,100138,100,99458,100
2019-06-28 09:59:20.000000000,99988,210,99948,210,100078,207,99863,207,100081,207,99862,207,100094,100,99674,200,100109,100,99658,100,100111,100,99645,100,100127,100,99570,100,100132,100,99516,100,100137,100,99511,100,100138,100,99458,100
2019-06-28 09:59:27.726685345,99988,210,99948,210,100078,207,99863,207,100081,207,99862,207,100094,100,99674,200,100109,100,99658,100,100111,100,99570,100,100127,100,99516,100,100132,100,99511,100,100137,100,99458,100,100138,100,99340,100
2019-06-28 09:59:30.000000000,99988,210,99948,210,100078,207,99863,207,100081,207,99862,207,100094,100,99674,200,100109,100,99658,100,100111,100,99570,100,100127,100,99516,100,100132,100,99511,100,100137,100,99458,100,100138,100,99340,100
2019-06-28 09:59:31.062606560,99988,310,99948,210,100078,207,99863,207,100081,207,99862,207,100094,100,99674,200,100109,100,99658,100,100111,100,99570,100,100127,100,99516,100,100132,100,99511,100,100137,100,99458,100,100138,100,99340,100
2019-06-28 09:59:40.000000000,99988,362,99948,262,100078,262,99863,262,100081,100,99862,100,100094,100,99674,200,100109,100,99658,100,100111,100,99570,100,100127,100,99516,100,100132,100,99511,100,100137,100,99458,100,100138,100,99340,100
2019-06-28 09:59:40.028936506,99988,462,99948,262,100078,262,99863,262,100081,100,99862,100,100094,100,99674,200,100109,100,99658,100,100111,100,99570,100,100127,100,99516,100,100132,100,99511,100,100137,100,99458,100,100138,100,99340,100
2019-06-28 09:59:49.278151066,99988,462,99948,162,100078,262,99863,262,100081,100,99862,100,100094,100,99674,200,100109,100,99658,100,100111,100,99570,100,100127,100,99516,100,100132,100,99511,100,100137,100,99458,100,100138,100,99340,100
2019-06-28 09:59:50.000000000,99988,410,99863,210,100078,207,99862,207,100081,207,99674,307,100094,100,99658,100,100109,100,99570,100,100111,100,99516,100,100127,100,99511,100,100132,100,99458,100,100137,100,99340,100,100138,100,99299,100
2019-06-28 10:00:00.000000000,99988,365,99863,165,100078,165,99862,165,100081,165,99674,265,100094,165,99658,165,100109,165,99570,165,100111,100,99516,100,100127,100,99511,100,100132,100,99458,100,100137,100,99340,100,100138,100,99299,100
2019-06-28 10:00:04.393194534,99988,365,99863,165,100078,165,99862,165,100081,165,99674,265,100094,165,99658,165,100109,165,99570,165,100111,100,99516,100,100127,100,99511,100,100132,100,99458,100,100137,100,99340,100,100138,100,99299,100
2019-06-28 10:00:06.087600333,99988,365,99863,65,100078,165,99862,165,100081,165,99674,265,100094,165,99658,165,100109,165,99570,165,100111,100,99516,100,100127,100,99511,100,100132,100,99458,100,100137,100,99340,100,100138,100,99299,100
2019-06-28 10:00:10.000000000,99988,462,99862,262,100078,262,99674,362,100081,100,99658,100,100094,100,99570,100,100109,100,99516,100,100111,100,99511,100,100127,100,99458,100,100132,100,99340,100,100137,100,99299,100,100138,100,99143,100
2019-06-28 10:00:20.000000000,99988,623,99862,423,100078,100,99674,200,100081,100,99658,100,100094,100,99570,100,100109,100,99516,100,100111,100,99511,100,100127,100,99458,100,100132,100,99340,100,100137,100,99299,100,100138,100,99143,100
2019-06-28 10:00:30.000000000,99988,365,99862,165,100078,165,99674,265,100081,165,99658,165,100094,165,99570,165,100109,165,99516,165,100111,100,99511,100,100127,100,99458,100,100132,100,99340,100,100137,100,99299,100,100138,100,99143,100
2019-06-28 10:00:39.225033239,99988,365,99862,165,100078,165,99674,265,100081,165,99658,165,100094,165,99570,165,100109,165,99516,165,100111,100,99511,100,100127,100,99458,100,100132,100,99340,100,100137,100,99299,100,100138,100,99143,100
2019-06-28 10:00:40.000000000,99988,381,99862,181,100078,181,99674,281,100081,181,99658,181,100094,181,99570,181,100109,100,99516,100,100111,100,99511,100,100127,100,99458,100,100132,100,99340,100,100137,100,99299,100,100138,100,99143,100
2019-06-28 10:00:50.000000000,99988,410,99862,210,100078,207,99674,307,100081,207,99658,207,100094,100,99570,100,100109,100,99516,100,100111,100,99511,100,100127,100,99458,100,100132,100,99340,100,100137,100,99299,100,100138,100,99143,100
2019-06-28 10:01:00.000000000,99988,381,99862,181,100078,181,99674,281,100081,181,99658,181,100094,181,99570,181,100109,100,99516,100,100111,100,99511,100,100127,100,99458,100,100132,100,99340,100,100137,100,99299,100,100138,100,99143,100
2019-06-28 10:01:01.534577127,99988,381,99862,81,100078,181,99674,281,100081,181,99658,181,100094,181,99570,181,100109,100,99516,100,100111,100,99511,100,100127,100,99458,100,100132,100,99340,100,100137,100,99299,100,100138,100,99143,100
2019-06-28 10:01:02.304386619,99863,100,99862,81,99988,381,99674,281,100078,181,99658,181,100081,181,99570,181,100094,181,99516,100,100109,100,99511,100,100111,100,99458,100,100127,100,99340,100,100132,100,99299,100,100137,100,99143,100
2019-06-28 10:01:10.000000000,99863,210,99674,310,99988,407,99658,207,100078,207,99570,207,100081,100,99516,100,100094,100,99511,100,100109,100,99458,100,100111,100,99340,100,100127,100,99299,100,100132,100,99143,100,100137,100,98991,100
2019-06-28 10:01:20.000000000,99863,210,99674,310,99988,407,99658,207,100078,207,99570,207,100081,100,99516,100,100094,100,99511,100,100109,100,99458,100,100111,100,99340,100,100127,100,99299,100,100132,100,99143,100,100137,100,98991,100
2019-06-28 10:01:27.935224552,99863,210,99674,310,99988,407,99658,207,100078,207,99570,207,100081,100,99516,100,100094,100,99511,100,100109,100,99458,100,100111,100,99299,100,100127,100,99143,100,100132,100,98991,100,100137,100,98872,100
2019-06-28 10:01:30.000000000,99863,165,99674,265,99988,365,99658,165,100078,165,99570,165,100081,165,99516,165,100094,165,99511,165,100109,100,99458,100,100111,100,99299,100,100127,100,99143,100,100132,100,98991,100,100137,100,98872,100
2019-06-28 10:01:38.301730488,99863,165,99674,265,99988,365,99658,165,100078,165,99570,165,100081,165,99516,165,100094,165,99511,165,100109,100,99458,100,100111,100,99299,100,100127,100,99143,100,100132,100,98991,100,100137,100,98872,100
2019-06-28 10:01:40.000000000,99863,423,99674,523,99988,300,99658,100,100078,100,99570,100,100081,100,99516,100,100094,100,99511,100,100109,100,99458,100,100111,100,99299,100,100127,100,99143,100,100132,100,98991,100,100137,100,98872,100
2019-06-28 10:01:50.000000000,99863,423,99674,523,99988,300,99658,100,100078,100,99570,100,100081,100,99516,100,100094,100,99511,100,100109,100,99458,100,100111,100,99299,100,100127,100,99143,100,100132,100,98991,100,100137,100,98872,100
2019-06-28 10:02:00.000000000,99863,165,99674,265,99988,365,99658,165,100078,165,99570,165,100081,165,99516,165,100094,165,99511,165,100109,100,99458,100,100111,100,99299,100,100127,100,99143,100,100132,100,98991,100,100137,100,98872,100
2019-06-28 10:02:10.000000000,99863,165,99674,265,99988,365,99658,165,100078,165,99570,165,100081,165,99516,165,100094,165,99511,165,100109,100,99458,100,100111,100,99299,100,100127,100,99143,100,100132,100,98991,100,100137,100,98872,100
2019-06-28 10:02:16.446966378,99863,165,99674,165,99988,365,99658,165,100078,165,99570,165,100081,165,99516,165,100094,165,99511,165,100109,100,99458,100,100111,100,99299,100,100127,100,99143,100,100132,100,98991,100,100137,100,98872,100
2019-06-28 10:02:20.000000000,99863,262,99674,262,99988,462,99658,262,100078,100,99570,100,100081,100,99516,100,100094,100,99511,100,100109,100,99458,100,100111,100,99299,100,100127,100,99143,100,100132,100,98991,100,100137,100,98872,100
2019-06-28 10:02:21.908251154,99863,262,99674,162,99988,462,99658,262,100078,100,99570,100,100081,100,99516,100,100094,100,99511,100,100109,100,99458,100,100111,100,99299,100,100127,100,99143,100,100132,100,98991,100,100137,100,98872,100
2019-06-28 10:02:22.563766115,99863,262,99674,62,99988,362,99658,262,100078,100,99570,100,100081,100,99516,100,100094,100,99511,100,100109,100,99458,100,100111,100,99299,100,100127,100,99143,100,100132,100,98991,100,100137,100,98872,100
2019-06-28 10:02:29.822641024,99863,262,99674,62,99988,362,99658,262,100078,100,99570,100,100081,100,99516,100,100094,100,99511,100,100109,100,99458,100,100111,100,99299,100,100127,100,99143,100,100132,100,98991,100,100137,100,98872,100
2019-06-28 10:02:30.000000000,99863,165,99658,165,99988,265,99570,165,100078,165,99516,165,100081,165,99511,165,100094,165,99458,165,100109,100,99299,100,100111,100,99143,100,100127,100,98991,100,100132,100,98872,100,100137,100,98725,100
2019-06-28 10:02:40.000000000,99863,423,99658,423,99988,200,99570,100,100078,100,99516,100,100081,100,99511,100,100094,100,99458,100,100109,100,99299,100,100111,100,99143,100,100127,100,98991,100,100132,100,98872,100,100137,100,98725,100
2019-06-28 10:02:40.962998431,99674,100,99658,423,99863,423,99570,100,99988,200,99516,100,100078,100,99511,100,100081,100,99458,100,100094,100,99299,100,100109,100,99143,100,100111,100,98991,100,100127,100,98872,100,100132,100,98725,100
2019-06-28 10:02:50.000000000,99674,181,99658,181,99863,181,99570,181,99988,281,99516,181,100078,181,99511,181,100081,100,99458,100,100094,100,99299,100,100109,100,99143,100,100111,100,98991,100,100127,100,98872,100,100132,100,98725,100
2019-06-28 10:02:53.182601540,99674,281,99658,181,99863,181,99570,181,99988,281,99516,181,100078,181,99511,181,100081,100,99458,100,100094,100,99299,100,100109,100,99143,100,100111,100,98991,100,100127,100,98872,100,100132,100,98725,100
2019-06-28 10:03:00.000000000,99674,310,99658,210,99863,207,99570,207,99988,307,99516,207,100078,100,99511,100,100081,100,99458,100,100094,100,99299,100,100109,100,99143,100,100111,100,98991,100,100127,100,98872,100,100132,100,98725,100
2019-06-28 10:03:04.353998158,99674,310,99658,110,99863,207,99570,207,99988,307,99516,207,100078,100,99511,100,100081,100,99458,100,100094,100,99299,100,100109,100,99143,100,100111,100,98991,100,100127,100,98872,100,100137,100,98725,100
2019-06-28 10:03:10.000000000,99674,281,99570,181,99863,181,99516,181,99988,281,99511,181,100078,181,99458,181,100081,100,99299,100,100094,100,99143,100,100109,100,98991,100,100111,100,98872,100,100127,100,98725,100,100137,100,98717,100
2019-06-28 10:03:20.000000000,99674,265,99570,165,99863,165,99516,165,99988,265,99511,165,100078,165,99458,165,100081,165,99299,165,100094,100,99143,100,100109,100,98991,100,100111,100,98872,100,100127,100,98725,100,100137,100,98717,100
2019-06-28 10:03:25.806790123,99674,265,99570,65,99863,165,99516,165,99988,265,99511,165,100078,165,99458,165,100081,165,99299,65,100094,100,99143,100,100109,100,98991,100,100111,100,98872,100,100127,100,98725,100,100137,100,98717,100
2019-06-28 10:03:30.000000000,99674,265,99516,165,99863,165,99511,165,99988,265,99458,165,100078,165,99143,165,100081,165,98991,165,100094,100,98872,100,100109,100,98725,100,100111,100,98717,100,100127,100,98704,100,100137,100,98493,100
2019-06-28 10:03:40.000000000,99674,523,99516,423,99863,100,99511,100,99988,200,99458,100,100078,100,99143,100,100081,100,98991,100,100094,100,98872,100,100109,100,98725,100,100111,100,98717,100,100127,100,98704,100,100137,100,98493,100
2019-06-28 10:03:40.787120195,99674,523,99516,423,99863,100,99511,100,99988,200,99458,100,100078,100,99143,100,100081,100,99023,100,100094,100,98991,100,100109,100,98872,100,100111,100,98725,100,100127,100,98717,100,100137,100,98704,100
2019-06-28 10:03:44.137255396,99674,523,99516,423,99863,100,99511,100,99988,100,99458,100,100078,100,99143,100,100081,100,99023,100,100094,100,98991,100,100109,100,98872,100,100111,100,98725,100,100127,100,98717,100,100137,100,98704,100
2019-06-28 10:03:47.242118183,99674,523,99516,423,99863,100,99511,100,99988,100,99458,100,100078,100,99143,100,100081,100,99023,100,100094,100,98991,100,100109,100,98872,100,100111,100,98770,100,100127,100,98725,100,100137,100,98717,100
2019-06-28 10:03:50.000000000,99674,310,99516,210,99863,207,99511,207,99988,207,99458,207,100078,100,99143,100,100081,100,99023,100,100094,100,98991,100,100109,100,98872,100,100111,100,98770,100,100127,100,98725,100,100137,100,98717,100
2019-06-28 10:04:00.000000000,99674,310,99516,210,99863,207,99511,207,99988,207,99458,207,100078,100,99143,100,100081,100,99023,100,100094,100,98991,100,100109,100,98872,100,100111,100,98770,100,100127,100,98725,100,100137,100,98717,100
2019-06-28 10:04:02.583012035,99674,310,99516,210,99863,107,99511,207,99988,207,99458,207,100078,100,99143,100,100081,100,99023,100,100094,100,98991,100,100109,100,98872,100,100111,100,98770,100,100127,100,98725,100,100137,100,98717,100
2019-06-28 10:04:10.000000000,99674,310,99516,210,99988,207,99511,207,100078,207,99458,207,100081,100,99143,100,100094,100,99023,100,100109,100,98991,100,100111,100,98872,100,100127,100,98770,100,100137,100,98725,100,100241,100,98717,100
2019-06-28 10:04:14.554432258,99658,100,99516,210,99674,310,99511,207,99988,207,99458,207,100078,207,99143,100,100081,100,99023,100,100094,100,98991,100,100109,100,98872,100,100111,100,98770,100,100127,100,98725,100,100137,100,98717,100
2019-06-28 10:04:20.000000000,99658,165,99516,165,99674,265,99511,165,99988,165,99458,165,100078,165,99143,165,100081,165,99023,165,100094,100,98991,100,100109,100,98872,100,100111,100,98770,100,100127,100,98725,100,100137,100,98717,100
2019-06-28 10:04:30.000000000,99658,423,99516,423,99674,200,99511,100,99988,100,99458,100,100078,100,99143,100,100081,100,99023,100,100094,100,98991,100,100109,100,98872,100,100111,100,98770,100,100127,100,98725,100,100137,100,98717,100
2019-06-28 10:04:40.000000000,99658,181,99516,181,99674,281,99511,181,99988,181,99458,181,100078,181,99143,181,100081,100,99023,100,100094,100,98991,100,100109,100,98872,100,100111,100,98770,100,100127,100,98725,100,100137,100,98717,100
2019-06-28 10:04:50.000000000,99658,210,99516,210,99674,307,99511,207,99988,207,99458,207,100078,100,99143,100,100081,100,99023,100,100094,100,98991,100,100109,100,98872,100,100111,100,98770,100,100127,100,98725,100,100137,100,98717,100
2019-06-28 10:04:53.438537624,99658,210,99516,110,99674,307,99511,207,99988,207,99458,207,100078,100,99143,100,100081,100,99023,100,100094,100,98991,100,100109,100,98872,100,100111,100,98770,100,100127,100,98725,100,100137,100,98717,100
2019-06-28 10:05:00.000000000,99658,262,99511,262,99674,362,99458,262,99988,100,99143,100,100078,100,99023,100,100081,100,98991,100,100094,100,98872,100,100109,100,98770,100,100111,100,98725,100,100127,100,98717,100,100137,100,98704,100
2019-06-28 10:05:09.015492517,99658,262,99511,262,99674,362,99458,262,99988,100,99403,100,100078,100,99143,100,100081,100,99023,100,100094,100,98991,100,100109,100,98872,100,100111,100,98770,100,100127,100,98725,100,100137,100,98717,100
2019-06-28 10:05:10.000000000,99658,262,99511,262,99674,362,99458,262,99988,100,99403,100,100078,100,99143,100,100081,100,99023,100,100094,100,98991,100,100109,100,98872,100,100111,100,98770,100,100127,100,98725,100,100137,100,98717,100
2019-06-28 10:05:16.611163367,99658,262,99511,262,99674,362,99458,262,99687,100,99403,100,99988,100,99143,100,100078,100,99023,100,100081,100,98991,100,100094,100,98872,100,100109,100,98725,100,100111,100,98717,100,100127,100,98704,100
2019-06-28 10:05:18.497906276,99658,262,99513,100,99674,362,99511,262,99687,100,99458,262,99988,100,99403,100,100078,100,99143,100,100081,100,99023,100,100094,100,98991,100,100109,100,98872,100,100111,100,98725,100,100127,100,98717,100
2019-06-28 10:05:19.554690108,99658,262,99513,100,99674,362,99511,262,99687,100,99458,262,100078,100,99403,100,100081,100,99143,100,100094,100,99023,100,100109,100,98991,100,100111,100,98872,100,100127,100,98725,100,100137,100,98717,100
2019-06-28 10:05:20.000000000,99658,165,99513,165,99674,265,99511,165,99687,165,99458,165,100078,165,99403,165,100081,165,99143,165,100094,100,99023,100,100109,100,98991,100,100111,100,98872,100,100127,100,98725,100,100137,100,98717,100
2019-06-28 10:05:30.000000000,99658,210,99513,210,99674,307,99511,207,99687,207,99458,207,100078,100,99403,100,100081,100,99143,100,100094,100,99023,100,100109,100,98991,100,100111,100,98872,100,100127,100,98725,100,100137,100,98717,100
2019-06-28 10:05:30.246642058,99658,210,99513,210,99674,307,99511,207,99687,207,99458,207,100078,100,99422,100,100081,100,99403,100,100094,100,99143,100,100109,100,99023,100,100111,100,98991,100,100137,100,98872,100,100241,100,98725,100
2019-06-28 10:05:40.000000000,99658,181,99513,181,99674,281,99511,181,99687,181,99458,181,100078,181,99422,181,100081,100,99403,100,100094,100,99143,100,100109,100,99023,100,100111,100,98991,100,100137,100,98872,100,100241,100,98725,100
2019-06-28 10:05:50.000000000,99658,165,99513,165,99674,265,99511,165,99687,165,99458,165,100078,165,99422,165,100081,165,99403,165,100094,100,99143,100,100109,100,99023,100,100111,100,98991,100,100137,100,98872,100,100241,100,98725,100
2019-06-28 10:06:00.000000000,99658,181,99513,181,99674,281,99511,181,99687,181,99458,181,100078,181,99422,181,100081,100,99403,100,100094,100,99143,100,100109,100,99023,100,100111,100,98991,100,100137,100,98872,100,100241,100,98725,100
2019-06-28 10:06:10.000000000,99658,423,99513,423,99674,200,99511,100,99687,100,99458,100,100078,100,99422,100,100081,100,99403,100,100094,100,99143,100,100109,100,99023,100,100111,100,98991,100,100137,100,98872,100,100241,100,98725,100
2019-06-28 10:06:20.000000000,99658,210,99513,210,99674,307,99511,207,99687,207,99458,207,100078,100,99422,100,100081,100,99403,100,100094,100,99143,100,100109,100,99023,100,100111,100,98991,100,100137,100,98872,100,100241,100,98725,100
2019-06-28 10:06:30.000000000,99658,210,99513,210,99674,307,99511,207,99687,207,99458,207,100078,100,99422,100,100081,100,99403,100,100094,100,99143,100,100109,100,99023,100,100111,100,98991,100,100137,100,98872,100,100241,100,98725,100
2019-06-28 10:06:32.163054719,99658,110,99513,210,99674,307,99511,207,99687,207,99458,207,100078,100,99422,100,100081,100,99403,100,100094,100,99143,100,100109,100,99023,100,100111,100,98991,100,100137,100,98725,100,100241,100,98717,100
2019-06-28 10:06:35.289076100,99658,10,99513,210,99674,307,99511,207,99687,207,99458,207,100078,100,99422,100,100081,100,99403,100,100094,100,99143,100,100109,100,99023,100,100111,100,98991,100,100137,100,98725,100,100241,100,98717,100
2019-06-28 10:06:40.000000000,99674,265,99513,165,99687,165,99511,165,100078,165,99458,165,100081,165,99422,165,100094,165,99403,165,100109,100,99143,100,100111,100,99023,100,100137,100,98991,100,100241,100,98725,100,100255,100,98717,100
2019-06-28 10:06:42.068572301,99674,265,99658,100,99687,165,99513,165,100078,165,99511,165,100081,165,99458,165,100094,165,99422,165,100109,100,99403,165,100111,100,99143,100,100137,100,99023,100,100241,100,98991,100,100255,100,98725,100
2019-06-28 10:06:45.037503317,99674,165,99658,100,99687,165,99513,165,100078,165,99511,165,100081,165,99458,165,100094,165,99422,165,100109,100,99403,165,100111,100,99143,100,100137,100,99023,100,100241,100,98991,100,100255,100,98725,100
2019-06-28 10:06:50.000000000,99674,423,99658,423,99687,100,99513,100,100078,100,99511,100,100081,100,99458,100,100094,100,99422,100,100109,100,99403,100,100111,100,99143,100,100137,100,99023,100,100241,100,98991,100,100255,100,98725,100
2019-06-28 10:07:00.000000000,99674,181,99658,181,99687,181,99513,181,100078,181,99511,181,100081,181,99458,181,100094,100,99422,100,100109,100,99403,100,100111,100,99143,100,100137,100,99023,100,100241,100,98991,100,100255,100,98725,100
2019-06-28 10:07:09.858593273,99674,81,99658,181,99687,181,99513,181,100078,181,99511,181,100081,181,99458,181,100094,100,99422,100,100109,100,99403,100,100111,100,99143,100,100137,100,99023,100,100241,100,98991,100,100255,100,98725,100
2019-06-28 10:07:10.000000000,99687,210,99658,210,100078,207,99513,207,100081,207,99511,207,100094,100,99458,100,100109,100,99422,100,100111,100,99403,100,100137,100,99143,100,100241,100,99023,100,100255,100,98991,100,100407,100,98725,100
2019-06-28 10:07:18.829949765,99687,210,99658,210,100078,207,99513,207,100081,207,99511,207,100094,100,99458,100,100109,100,99422,100,100111,100,99403,100,100137,100,99143,100,100241,100,99023,100,100255,100,98991,100,100307,100,98725,100
2019-06-28 10:07:20.000000000,99687,210,99658,210,100078,207,99513,207,100081,207,99511,207,100094,100,99458,100,100109,100,99422,100,100111,100,99403,100,100137,100,99143,100,100241,100,99023,100,100255,100,98991,100,100307,100,98725,100
2019-06-28 10:07:30.000000000,99687,181,99658,181,100078,181,99513,181,100081,181,99511,181,100094,181,99458,181,100109,100,99422,100,100111,100,99403,100,100137,100,99143,100,100241,100,99023,100,100255,100,98991,100,100307,100,98725,100
2019-06-28 10:07:40.000000000,99687,210,99658,210,100078,207,99513,207,100081,207,99511,207,100094,100,99458,100,100109,100,99422,100,100111,100,99403,100,100137,100,99143,100,100241,100,99023,100,100255,100,98991,100,100307,100,98725,100
2019-06-28 10:07:45.487368836,99687,110,99658,210,100078,207,99513,207,100081,207,99511,207,100094,100,99458,100,100109,100,99422,100,100111,100,99403,100,100241,100,99143,100,100255,100,99023,100,100307,100,98991,100,100407,100,98725,100
2019-06-28 10:07:50.000000000,100078,210,99658,210,100081,207,99513,207,100094,207,99511,207,100109,100,99458,100,100111,100,99422,100,100241,100,99403,100,100255,100,99143,100,100307,100,99023,100,100407,100,98991,100,100529,100,98725,100
2019-06-28 10:07:50.985837149,100078,110,99658,210,100081,207,99513,207,100094,207,99511,207,100109,100,99458,100,100111,100,99422,100,100241,100,99403,100,100255,100,99143,100,100307,100,99023,100,100407,100,98991,100,100529,100,98725,100
2019-06-28 10:07:52.163494300,100078,110,99687,100,100081,207,99658,210,100094,207,99513,207,100109,100,99511,207,100111,100,99458,100,100241,100,99422,100,100255,100,99403,100,100307,100,99143,100,100407,100,99023,100,100529,100,98991,100
