,ask_price_1,ask_size_1,bid_price_1,bid_size_1,ask_price_2,ask_size_2,bid_price_2,bid_size_2,ask_price_3,ask_size_3,bid_price_3,bid_size_3,ask_price_4,ask_size_4,bid_price_4,bid_size_4,ask_price_5,ask_size_5,bid_price_5,bid_size_5,ask_price_6,ask_size_6,bid_price_6,bid_size_6,ask_price_7,ask_size_7,bid_price_7,bid_size_7,ask_price_8,ask_size_8,bid_price_8,bid_size_8,ask_price_9,ask_size_9,bid_price_9,bid_size_9,ask_price_10,ask_size_10,bid_price_10,bid_size_10
2019-06-28 09:30:00.000000000,,,99912,100,,,,,,,,,,,,,,,,,,,,,,,,,,,,,,,,,,,,
2019-06-28 09:30:00.000000001,,,99912,100,,,99855,100,,,,,,,,,,,,,,,,,,,,,,,,,,,,,,,,
2019-06-28 09:30:00.000000002,100021,100,99912,100,,,99855,100,,,,,,,,,,,,,,,,,,,,,,,,,,,,,,,,
2019-06-28 09:30:00.000000003,100021,100,99912,100,,,99887,100,,,99855,100,,,,,,,,,,,,,,,,,,,,,,,,,,,,
2019-06-28 09:30:00.000000004,100021,100,99977,100,,,99931,100,,,99912,100,,,99887,100,,,99855,100,,,,,,,,,,,,,,,,,,,,
2019-06-28 09:30:00.000000005,100075,100,99977,100,,,99931,100,,,99912,100,,,99887,100,,,99855,100,,,,,,,,,,,,,,,,,,,,
2019-06-28 09:30:00.000000006,100075,100,99977,100,,,99931,100,,,99927,100,,,99916,100,,,99912,100,,,99887,100,,,99855,100,,,,,,,,,,,,
2019-06-28 09:30:00.000000007,100069,100,99977,100,100075,100,99931,100,,,99927,100,,,99916,100,,,99914,100,,,99912,100,,,99887,100,,,99855,100,,,,,,,,
2019-06-28 09:30:00.000000008,100075,100,99977,100,100136,100,99931,100,,,99927,100,,,99916,100,,,99914,100,,,99912,100,,,99887,100,,,99855,100,,,,,,,,
2019-06-28 09:30:00.000000009,100069,100,99977,100,100075,100,99931,100,100136,100,99927,100,,,99916,100,,,99914,100,,,99912,100,,,99887,100,,,99855,100,,,99757,100,,,,
2019-06-28 09:30:00.000000011,100008,100,99977,100,100069,100,99931,100,100075,100,99927,100,100136,100,99916,100,,,99914,100,,,99912,100,,,99895,100,,,99887,100,,,99855,100,,,99757,100
2019-06-28 09:30:00.000000013,100008,100,99977,100,100069,100,99955,100,100075,100,99931,100,100136,100,99927,100,,,99916,100,,,99914,100,,,99912,100,,,99895,100,,,99887,100,,,99855,100
2019-06-28 09:30:00.000000014,100008,100,99977,100,100026,100,99955,100,100069,200,99931,100,100075,100,99927,100,100136,100,99916,100,,,99914,100,,,99912,100,,,99895,100,,,99887,100,,,99855,100
2019-06-28 09:30:00.000000018,100008,100,99977,100,100026,100,99955,100,100069,300,99931,100,100075,100,99927,100,100136,100,99916,100,,,99914,100,,,99912,100,,,99895,100,,,99887,100,,,99855,100
2019-06-28 09:30:00.000000019,100008,100,99977,100,100026,100,99955,100,100069,300,99931,100,100075,100,99927,100,100136,100,99916,100,,,99914,100,,,99912,100,,,99895,100,,,99887,100,,,99867,100
2019-06-28 09:30:00.000000022,100008,100,99977,100,100026,100,99955,100,100069,400,99931,100,100075,100,99927,100,100101,100,99916,100,100136,100,99914,100,,,99912,100,,,99895,100,,,99887,100,,,99867,100
2019-06-28 09:30:00.000000023,100008,100,99990,100,100026,100,99977,100,100069,400,99955,100,100075,100,99931,100,100101,100,99927,100,100136,100,99916,100,,,99914,100,,,99912,100,,,99895,100,,,99887,100
2019-06-28 09:30:00.000000025,100008,100,99990,100,100026,100,99977,100,100034,100,99955,100,100069,400,99931,100,100075,100,99927,100,100101,100,99916,100,100136,100,99914,100,,,99912,100,,,99895,100,,,99887,100
2019-06-28 09:30:00.000000035,100008,100,99977,100,100026,100,99955,100,100034,100,99931,100,100069,400,99927,100,100075,100,99916,100,100101,100,99914,100,100136,100,99912,100,,,99895,100,,,99887,100,,,99867,100
2019-06-28 09:30:00.000000038,100008,100,99977,100,100026,100,99955,100,100034,100,99931,100,100068,100,99927,100,100069,400,99916,100,100075,100,99914,100,100101,100,99912,100,100136,100,99895,100,,,99887,100,,,99867,100
2019-06-28 09:30:00.000000041,100008,100,99977,100,100026,100,99955,100,100034,100,99931,100,100068,100,99927,100,100069,400,99916,100,100075,100,99914,100,100101,100,99912,100,100136,100,99910,100,,,99895,100,,,99887,100
2019-06-28 09:30:00.000000043,100008,100,99990,100,100026,100,99977,100,100034,100,99955,100,100068,100,99951,100,100069,400,99931,100,100075,100,99927,100,100101,100,99916,100,100121,100,99914,100,100136,100,99912,100,,,99910,100
2019-06-28 09:30:00.000000044,100008,100,99990,100,100026,100,99977,100,100034,100,99955,100,100068,200,99951,100,100069,400,99931,100,100075,100,99927,100,100101,100,99916,100,100121,100,99914,100,100136,100,99912,100,,,99910,100
2019-06-28 09:30:00.000000049,100008,100,99990,100,100026,100,99977,100,100034,100,99955,100,100068,400,99951,100,100069,400,99931,100,100075,100,99927,100,100101,100,99916,100,100121,100,99914,100,100136,100,99912,100,,,99910,100
2019-06-28 09:30:00.000000052,100008,100,99990,100,100026,100,99984,100,100034,100,99977,100,100068,400,99955,100,100069,400,99951,100,100075,100,99931,100,100101,100,99927,100,100121,100,99916,100,100136,100,99914,100,,,99912,100
2019-06-28 09:30:00.000000054,100026,100,100004,100,100034,100,99990,100,100062,100,99984,100,100068,400,99977,100,100069,400,99955,100,100075,100,99951,100,100101,100,99931,100,100121,100,99927,100,100136,100,99916,100,,,99914,100
2019-06-28 09:30:00.000000055,100026,100,100004,100,100034,100,99990,100,100046,100,99984,100,100062,100,99977,100,100068,400,99955,100,100069,400,99951,100,100075,100,99931,100,100101,100,99927,100,100121,100,99916,100,100136,100,99914,100
2019-06-28 09:30:00.000000057,100026,100,100004,100,100034,100,99990,100,100046,100,99984,100,100062,100,99977,100,100068,400,99955,100,100069,400,99951,100,100075,100,99940,100,100101,100,99931,100,100121,100,99927,100,100136,100,99916,100
2019-06-28 09:30:00.000000063,100026,100,100004,100,100034,100,99990,100,100046,100,99984,100,100062,100,99977,100,100068,400,99955,100,100069,400,99951,100,100075,100,99940,100,100101,100,99931,100,100121,100,99929,100,100136,100,99927,100
2019-06-28 09:30:00.000000064,100008,100,100004,100,100026,100,99990,100,100034,100,99984,100,100046,100,99977,100,100062,100,99955,100,100068,400,99951,100,100069,400,99940,100,100075,100,99931,100,100101,100,99929,100,100121,100,99927,100
2019-06-28 09:30:00.000000065,100008,100,99990,100,100026,100,99984,100,100034,100,99977,100,100046,100,99955,100,100062,100,99951,100,100068,400,99940,100,100069,400,99931,100,100075,100,99929,100,100101,100,99927,100,100121,100,99916,100
2019-06-28 09:30:00.000000067,100008,100,99990,100,100026,100,99984,100,100034,100,99977,100,100046,100,99955,100,100062,100,99951,100,100068,400,99940,100,100069,400,99931,100,100075,100,99929,100,100101,100,99927,200,100121,100,99916,100
2019-06-28 09:30:00.000000068,100008,100,100005,100,100026,100,99990,100,100034,100,99984,100,100046,100,99977,100,100062,100,99955,100,100068,400,99951,100,100069,400,99940,100,100075,100,99931,100,100101,100,99929,100,100121,100,99927,200
2019-06-28 09:30:00.000000070,100008,200,100005,100,100026,100,99990,100,100034,100,99984,100,100046,100,99977,100,100062,100,99955,100,100068,400,99951,100,100069,400,99940,100,100075,100,99931,100,100101,100,99929,100,100121,100,99927,200
2019-06-28 09:30:00.000000071,100008,200,100005,100,100026,100,99990,100,100034,100,99984,100,100046,100,99977,100,100062,100,99955,100,100068,400,99951,100,100069,400,99940,100,100075,100,99931,100,100101,100,99929,100,100121,100,99927,200
2019-06-28 09:30:00.000000072,100008,200,100005,100,100026,100,100004,100,100034,100,99990,100,100046,100,99984,100,100062,100,99977,100,100068,400,99955,100,100069,400,99951,100,100075,100,99940,100,100101,100,99931,100,100121,100,99929,100
2019-06-28 09:30:00.000000073,100008,200,100005,100,100026,100,100004,100,100034,100,99990,100,100046,100,99984,100,100062,100,99977,100,100068,400,99955,100,100069,400,99951,100,100075,100,99940,100,100101,100,99931,100,100121,100,99929,100
2019-06-28 09:30:00.000000081,100008,200,100005,100,100026,100,100004,100,100034,100,99990,100,100046,100,99984,100,100062,100,99977,100,100068,400,99955,100,100069,400,99951,100,100070,100,99940,100,100075,100,99931,100,100101,100,99929,100
2019-06-28 09:30:00.000000083,100008,200,100004,100,100026,100,99990,100,100034,100,99984,100,100046,100,99977,100,100062,100,99955,100,100068,400,99951,100,100069,400,99940,100,100070,100,99931,100,100075,100,99929,100,100101,100,99927,200
2019-06-28 09:30:00.000000084,100008,100,100004,100,100026,100,99990,100,100034,100,99984,100,100046,100,99977,100,100062,100,99955,100,100068,400,99951,100,100069,400,99940,100,100070,100,99931,100,100075,100,99929,100,100101,100,99927,200
2019-06-28 09:30:00.000000086,100008,100,100004,100,100026,100,99990,100,100034,100,99984,100,100046,100,99977,100,100062,100,99955,100,100068,400,99951,100,100069,400,99940,100,100070,100,99931,100,100075,100,99929,100,100101,100,99927,200
2019-06-28 09:30:00.000000087,100026,100,100004,100,100034,100,99990,100,100046,100,99984,100,100062,100,99977,100,100068,400,99955,100,100069,400,99951,100,100070,100,99940,100,100075,100,99931,100,100101,100,99929,100,100121,100,99927,200
2019-06-28 09:30:00.000000091,100026,100,100004,100,100034,100,99990,100,100046,100,99984,100,100062,100,99977,100,100068,400,99955,100,100069,400,99951,100,100070,100,99940,100,100075,100,99931,100,100101,100,99929,100,100102,100,99927,200
2019-06-28 09:30:00.000000096,100026,100,100004,100,100034,100,99990,100,100041,100,99984,100,100046,100,99977,100,100062,100,99955,100,100068,400,99951,100,100069,400,99940,100,100070,100,99931,100,100075,100,99929,100,100101,100,99927,200
2019-06-28 09:30:00.000000097,100026,100,100004,100,100034,100,99990,100,100041,100,99984,100,100046,100,99977,100,100062,100,99964,100,100068,400,99955,100,100069,400,99951,100,100070,100,99940,100,100075,100,99931,100,100101,100,99929,100
2019-06-28 09:30:00.000000098,100026,100,100004,100,100034,100,99990,100,100041,100,99984,100,100046,100,99977,100,100062,100,99964,100,100068,400,99955,100,100069,400,99951,100,100070,100,99940,100,100075,100,99931,100,100101,100,99929,100
2019-06-28 09:30:02.491716899,100026,100,100004,100,100034,100,99990,100,100041,100,99984,100,100046,100,99977,100,100062,100,99964,100,100068,400,99955,100,100069,300,99951,100,100070,100,99940,100,100075,100,99931,100,100101,100,99929,100
2019-06-28 09:30:05.142334453,100008,100,100004,100,100026,100,99990,100,100034,100,99984,100,100041,100,99977,100,100046,100,99964,100,100062,100,99955,100,100068,400,99951,100,100069,300,99940,100,100070,100,99931,100,100075,100,99929,100
2019-06-28 09:30:10.000000000,100008,434,100004,434,100026,100,99990,100,100034,100,99984,100,100041,100,99977,100,100046,100,99964,100,100062,100,99955,100,100068,400,99951,100,100069,300,99940,100,100070,100,99931,100,100075,100,99929,100
2019-06-28 09:30:12.665371492,100008,434,100004,334,100026,100,99990,100,100034,100,99984,100,100041,100,99977,100,100046,100,99964,100,100062,100,99955,100,100068,400,99951,100,100069,300,99940,100,100070,100,99931,100,100075,100,99929,100
2019-06-28 09:30:13.042721670,100008,434,100004,334,100026,100,99990,100,100034,100,99984,100,100041,100,99977,100,100046,100,99964,100,100062,100,99955,100,100068,300,99951,100,100069,300,99940,100,100070,100,99931,100,100075,100,99929,100
2019-06-28 09:30:13.052812278,100008,434,100004,334,100026,100,99990,100,100030,100,99984,100,100034,100,99977,100,100041,100,99964,100,100046,100,99955,100,100062,100,99951,100,100068,300,99940,100,100069,300,99931,100,100070,100,99929,100
2019-06-28 09:30:20.000000000,100008,267,99990,267,100026,267,99984,267,100030,100,99977,100,100034,100,99964,100,100041,100,99955,100,100046,100,99951,100,100062,100,99940,100,100068,300,99931,100,100069,300,99929,100,100070,100,99927,200
2019-06-28 09:30:30.000000000,100008,434,99990,434,100026,100,99984,100,100030,100,99977,100,100034,100,99964,100,100041,100,99955,100,100046,100,99951,100,100062,100,99940,100,100068,300,99931,100,100069,300,99929,100,100070,100,99927,200
2019-06-28 09:30:40.000000000,100008,434,99990,434,100026,100,99984,100,100030,100,99977,100,100034,100,99964,100,100041,100,99955,100,100046,100,99951,100,100062,100,99940,100,100068,300,99931,100,100069,300,99929,100,100070,100,99927,200
2019-06-28 09:30:50.000000000,100008,434,99990,434,100026,100,99984,100,100030,100,99977,100,100034,100,99964,100,100041,100,99955,100,100046,100,99951,100,100062,100,99940,100,100068,300,99931,100,100069,300,99929,100,100070,100,99927,200
2019-06-28 09:31:00.000000000,100008,184,99990,184,100026,184,99984,184,100030,184,99977,184,100034,184,99964,184,100041,100,99955,100,100046,100,99951,100,100062,100,99940,100,100068,300,99931,100,100069,300,99929,100,100070,100,99927,200
2019-06-28 09:31:10.000000000,100008,434,99990,434,100026,100,99984,100,100030,100,99977,100,100034,100,99964,100,100041,100,99955,100,100046,100,99951,100,100062,100,99940,100,100068,300,99931,100,100069,300,99929,100,100070,100,99927,200
2019-06-28 09:31:20.000000000,100008,434,99990,434,100026,100,99984,100,100030,100,99977,100,100034,100,99964,100,100041,100,99955,100,100046,100,99951,100,100062,100,99940,100,100068,300,99931,100,100069,300,99929,100,100070,100,99927,200
2019-06-28 09:31:30.000000000,100008,214,99990,214,100026,210,99984,210,100030,210,99977,210,100034,100,99964,100,100041,100,99955,100,100046,100,99951,100,100062,100,99940,100,100068,300,99931,100,100069,300,99929,100,100070,100,99927,200
2019-06-28 09:31:34.356816256,100008,214,99990,214,100026,210,99984,210,100030,210,99977,210,100034,100,99964,100,100041,100,99955,100,100046,100,99951,100,100062,100,99940,100,100068,300,99931,100,100069,300,99929,100,100070,100,99927,200
2019-06-28 09:31:36.480856618,100008,214,99990,114,100026,210,99984,210,100030,210,99977,210,100034,100,99964,100,100041,100,99955,100,100046,100,99951,100,100062,100,99940,100,100068,300,99931,100,100069,300,99929,100,100070,100,99927,200
2019-06-28 09:31:40.000000000,100008,214,99984,214,100026,210,99977,210,100030,210,99964,210,100034,100,99955,100,100041,100,99951,100,100046,100,99940,100,100062,100,99931,100,100068,300,99929,100,100069,300,99927,200,100070,100,99916,100
2019-06-28 09:31:50.000000000,100008,434,99984,434,100026,100,99977,100,100030,100,99964,100,100034,100,99955,100,100041,100,99951,100,100046,100,99940,100,100062,100,99931,100,100068,300,99929,100,100069,300,99927,200,100070,100,99916,100
2019-06-28 09:32:00.000000000,100008,434,99984,434,100026,100,99977,100,100030,100,99964,100,100034,100,99955,100,100041,100,99951,100,100046,100,99940,100,100062,100,99931,100,100068,300,99929,100,100069,300,99927,200,100070,100,99916,100
2019-06-28 09:32:10.000000000,100008,184,99984,184,100026,184,99977,184,100030,184,99964,184,100034,184,99955,184,100041,100,99951,100,100046,100,99940,100,100062,100,99931,100,100068,300,99929,100,100069,300,99927,200,100070,100,99916,100
2019-06-28 09:32:20.000000000,100008,267,99984,267,100026,267,99977,267,100030,100,99964,100,100034,100,99955,100,100041,100,99951,100,100046,100,99940,100,100062,100,99931,100,100068,300,99929,100,100069,300,99927,200,100070,100,99916,100
2019-06-28 09:32:30.000000000,100008,434,99984,434,100026,100,99977,100,100030,100,99964,100,100034,100,99955,100,100041,100,99951,100,100046,100,99940,100,100062,100,99931,100,100068,300,99929,100,100069,300,99927,200,100070,100,99916,100
2019-06-28 09:32:40.000000000,100008,184,99984,184,100026,184,99977,184,100030,184,99964,184,100034,184,99955,184,100041,100,99951,100,100046,100,99940,100,100062,100,99931,100,100068,300,99929,100,100069,300,99927,200,100070,100,99916,100
2019-06-28 09:32:42.736584438,100007,100,99984,184,100008,184,99977,184,100026,184,99964,184,100030,184,99955,184,100034,184,99951,100,100041,100,99940,100,100046,100,99931,100,100062,100,99929,100,100068,200,99927,200,100069,300,99916,100
2019-06-28 09:32:50.000000000,100007,184,99984,184,100008,184,99977,184,100026,184,99964,184,100030,184,99955,184,100034,100,99951,100,100041,100,99940,100,100046,100,99931,100,100062,100,99929,100,100068,200,99927,200,100069,300,99916,100
2019-06-28 09:33:00.000000000,100007,214,99984,214,100008,210,99977,210,100026,210,99964,210,100030,100,99955,100,100034,100,99951,100,100041,100,99940,100,100046,100,99931,100,100062,100,99929,100,100068,200,99927,200,100069,300,99916,100
2019-06-28 09:33:10.000000000,100007,267,99984,267,100008,267,99977,267,100026,100,99964,100,100030,100,99955,100,100034,100,99951,100,100041,100,99940,100,100046,100,99931,100,100062,100,99929,100,100068,200,99927,200,100069,300,99916,100
2019-06-28 09:33:20.000000000,100007,434,99984,434,100008,100,99977,100,100026,100,99964,100,100030,100,99955,100,100034,100,99951,100,100041,100,99940,100,100046,100,99931,100,100062,100,99929,100,100068,200,99927,200,100069,300,99916,100
2019-06-28 09:33:30.000000000,100007,167,99984,167,100008,167,99977,167,100026,167,99964,167,100030,167,99955,167,100034,167,99951,167,100041,100,99940,100,100046,100,99931,100,100062,100,99929,100,100068,200,99927,200,100069,300,99916,100
2019-06-28 09:33:40.000000000,100007,214,99984,214,100008,210,99977,210,100026,210,99964,210,100030,100,99955,100,100034,100,99951,100,100041,100,99940,100,100046,100,99931,100,100062,100,99929,100,100068,200,99927,200,100069,300,99916,100
2019-06-28 09:33:50.000000000,100007,184,99984,184,100008,184,99977,184,100026,184,99964,184,100030,184,99955,184,100034,100,99951,100,100041,100,99940,100,100046,100,99931,100,100062,100,99929,100,100068,200,99927,200,100069,300,99916,100
2019-06-28 09:33:54.202087529,100007,84,99984,184,100008,184,99977,184,100026,184,99964,184,100030,184,99955,184,100034,100,99951,100,100041,100,99940,100,100046,100,99931,100,100062,100,99929,100,100068,200,99927,200,100069,300,99916,100
2019-06-28 09:34:00.000000000,100008,214,99984,214,100026,210,99977,210,100030,210,99964,210,100034,100,99955,100,100041,100,99951,100,100046,100,99940,100,100062,100,99931,100,100068,200,99929,100,100069,300,99927,200,100070,100,99916,100
2019-06-28 09:34:05.743745506,100008,214,100005,100,100026,210,99984,214,100030,210,99977,210,100034,100,99964,210,100041,100,99955,100,100046,100,99951,100,100062,100,99940,100,100068,200,99931,100,100069,300,99929,100,100070,100,99927,200
2019-06-28 09:34:10.000000000,100008,214,100005,214,100026,210,99984,210,100030,210,99977,210,100034,100,99964,100,100041,100,99955,100,100046,100,99951,100,100062,100,99940,100,100068,200,99931,100,100069,300,99929,100,100070,100,99927,200
2019-06-28 09:34:20.000000000,100008,434,100005,434,100026,100,99984,100,100030,100,99977,100,100034,100,99964,100,100041,100,99955,100,100046,100,99951,100,100062,100,99940,100,100068,200,99931,100,100069,300,99929,100,100070,100,99927,200
2019-06-28 09:34:30.000000000,100008,167,100005,167,100026,167,99984,167,100030,167,99977,167,100034,167,99964,167,100041,167,99955,167,100046,100,99951,100,100062,100,99940,100,100068,200,99931,100,100069,300,99929,100,100070,100,99927,200
2019-06-28 09:34:31.281696452,100008,67,100005,167,100026,167,99984,167,100030,167,99977,167,100034,167,99964,167,100041,167,99955,167,100046,100,99951,100,100062,100,99940,100,100068,200,99931,100,100069,300,99929,100,100075,100,99927,200
2019-06-28 09:34:34.348647884,100008,67,100005,167,100026,67,99984,167,100030,167,99977,167,100034,167,99964,167,100041,167,99955,167,100046,100,99951,100,100062,100,99940,100,100068,200,99931,100,100069,300,99929,100,100075,100,99927,200
2019-06-28 09:34:40.000000000,100030,184,100005,184,100034,184,99984,184,100041,184,99977,184,100046,184,99964,184,100062,100,99955,100,100068,200,99951,100,100069,300,99940,100,100075,100,99931,100,100101,100,99929,100,100102,100,99927,200
2019-06-28 09:34:50.000000000,100030,167,100005,167,100034,167,99984,167,100041,167,99977,167,100046,167,99964,167,100062,167,99955,167,100068,200,99951,100,100069,300,99940,100,100075,100,99931,100,100101,100,99929,100,100102,100,99927,200
2019-06-28 09:35:00.000000000,100030,167,100005,167,100034,167,99984,167,100041,167,99977,167,100046,167,99964,167,100062,167,99955,167,100068,200,99951,100,100069,300,99940,100,100075,100,99931,100,100101,100,99929,100,100102,100,99927,200
2019-06-28 09:35:04.933592756,100030,67,100005,167,100034,167,99984,167,100041,167,99977,167,100046,167,99964,167,100062,167,99955,167,100068,200,99940,100,100069,300,99931,100,100075,100,99929,100,100101,100,99927,200,100102,100,99916,100
2019-06-28 09:35:08.672503386,100030,67,100005,167,100034,167,99984,167,100041,167,99977,167,100046,167,99964,167,100062,167,99955,167,100068,200,99940,100,100069,300,99931,100,100075,100,99929,100,100102,100,99927,200,100121,100,99916,100
2019-06-28 09:35:10.000000000,100034,167,100005,167,100041,167,99984,167,100046,167,99977,167,100062,167,99964,167,100068,267,99955,167,100069,300,99940,100,100075,100,99931,100,100102,100,99929,100,100121,100,99927,200,100130,100,99916,100
2019-06-28 09:35:13.871578231,100034,67,100005,167,100041,167,99984,167,100046,167,99977,167,100062,167,99964,167,100068,267,99955,167,100069,300,99940,100,100075,100,99931,100,100102,100,99929,100,100121,100,99927,200,100130,100,99916,100
2019-06-28 09:35:20.000000000,100041,184,100005,184,100046,184,99984,184,100062,184,99977,184,100068,284,99964,184,100069,300,99955,100,100075,100,99940,100,100102,100,99931,100,100121,100,99929,100,100130,100,99927,200,100131,100,99916,100
2019-06-28 09:35:30.000000000,100041,267,100005,267,100046,267,99984,267,100062,100,99977,100,100068,200,99964,100,100069,300,99955,100,100075,100,99940,100,100102,100,99931,100,100121,100,99929,100,100130,100,99927,200,100131,100,99916,100
2019-06-28 09:35:40.000000000,100041,214,100005,214,100046,210,99984,210,100062,210,99977,210,100068,200,99964,100,100069,300,99955,100,100075,100,99940,100,100102,100,99931,100,100121,100,99929,100,100130,100,99927,200,100131,100,99916,100
2019-06-28 09:35:50.000000000,100041,167,100005,167,100046,167,99984,167,100062,167,99977,167,100068,267,99964,167,100069,367,99955,167,100075,100,99940,100,100102,100,99931,100,100121,100,99929,100,100130,100,99927,200,100131,100,99916,100
2019-06-28 09:36:00.000000000,100041,214,100005,214,100046,210,99984,210,100062,210,99977,210,100068,200,99964,100,100069,300,99955,100,100075,100,99940,100,100102,100,99931,100,100121,100,99929,100,100130,100,99927,200,100131,100,99916,100
2019-06-28 09:36:10.000000000,100041,267,100005,267,100046,267,99984,267,100062,100,99977,100,100068,200,99964,100,100069,300,99955,100,100075,100,99940,100,100102,100,99931,100,100121,100,99929,100,100130,100,99927,200,100131,100,99916,100
2019-06-28 09:36:20.000000000,100041,184,100005,184,100046,184,99984,184,100062,184,99977,184,100068,284,99964,184,100069,300,99955,100,100075,100,99940,100,100102,100,99931,100,100121,100,99929,100,100130,100,99927,200,100131,100,99916,100
2019-06-28 09:36:30.000000000,100041,184,100005,184,100046,184,99984,184,100062,184,99977,184,100068,284,99964,184,100069,300,99955,100,100075,100,99940,100,100102,100,99931,100,100121,100,99929,100,100130,100,99927,200,100131,100,99916,100
2019-06-28 09:36:40.000000000,100041,184,100005,184,100046,184,99984,184,100062,184,99977,184,100068,284,99964,184,100069,300,99955,100,100075,100,99940,100,100102,100,99931,100,100121,100,99929,100,100130,100,99927,200,100131,100,99916,100
2019-06-28 09:36:46.760161775,100041,184,100005,184,100046,184,99984,184,100062,184,99977,184,100068,284,99964,184,100069,200,99955,100,100075,100,99940,100,100102,100,99931,100,100121,100,99929,100,100130,100,99927,200,100131,100,99916,100
2019-06-28 09:36:50.000000000,100041,267,100005,267,100046,267,99984,267,100062,100,99977,100,100068,200,99964,100,100069,200,99955,100,100075,100,99940,100,100102,100,99931,100,100121,100,99929,100,100130,100,99927,200,100131,100,99916,100
2019-06-28 09:37:00.000000000,100041,184,100005,184,100046,184,99984,184,100062,184,99977,184,100068,284,99964,184,100069,200,99955,100,100075,100,99940,100,100102,100,99931,100,100121,100,99929,100,100130,100,99927,200,100131,100,99916,100
2019-06-28 09:37:05.876725126,100041,184,100005,184,100046,184,99984,184,100062,184,99977,184,100068,284,99964,184,100069,200,99955,100,100075,100,99940,100,100102,100,99931,100,100130,100,99929,100,100131,100,99927,200,100151,100,99916,100
2019-06-28 09:37:10.000000000,100041,184,100005,184,100046,184,99984,184,100062,184,99977,184,100068,284,99964,184,100069,200,99955,100,100075,100,99940,100,100102,100,99931,100,100130,100,99929,100,100131,100,99927,200,100151,100,99916,100
2019-06-28 09:37:17.434996427,100041,184,100005,184,100046,184,99984,184,100062,184,99977,184,100068,184,99964,184,100069,200,99955,100,100075,100,99940,100,100102,100,99931,100,100130,100,99929,100,100131,100,99927,200,100151,100,99916,100
2019-06-28 09:37:20.000000000,100041,267,100005,267,100046,267,99984,267,100062,100,99977,100,100068,100,99964,100,100069,200,99955,100,100075,100,99940,100,100102,100,99931,100,100130,100,99929,100,100131,100,99927,200,100151,100,99916,100
2019-06-28 09:37:30.000000000,100041,434,100005,434,100046,100,99984,100,100062,100,99977,100,100068,100,99964,100,100069,200,99955,100,100075,100,99940,100,100102,100,99931,100,100130,100,99929,100,100131,100,99927,200,100151,100,99916,100
2019-06-28 09:37:40.000000000,100041,267,100005,267,100046,267,99984,267,100062,100,99977,100,100068,100,99964,100,100069,200,99955,100,100075,100,99940,100,100102,100,99931,100,100130,100,99929,100,100131,100,99927,200,100151,100,99916,100
2019-06-28 09:37:50.000000000,100041,214,100005,214,100046,210,99984,210,100062,210,99977,210,100068,100,99964,100,100069,200,99955,100,100075,100,99940,100,100102,100,99931,100,100130,100,99929,100,100131,100,99927,200,100151,100,99916,100
2019-06-28 09:37:59.356663749,100041,214,100030,100,100046,210,100005,214,100062,210,99984,210,100068,100,99977,210,100069,200,99964,100,100075,100,99955,100,100102,100,99940,100,100130,100,99929,100,100131,100,99927,200,100151,100,99916,100
2019-06-28 09:38:00.000000000,100041,167,100030,167,100046,167,100005,167,100062,167,99984,167,100068,167,99977,167,100069,267,99964,167,100075,100,99955,100,100102,100,99940,100,100130,100,99929,100,100131,100,99927,200,100151,100,99916,100
2019-06-28 09:38:00.915144477,100041,67,100030,167,100046,167,100005,167,100062,167,99984,167,100068,167,99977,167,100069,267,99964,167,100075,100,99955,100,100102,100,99940,100,100130,100,99929,100,100131,100,99927,200,100151,100,99916,100
2019-06-28 09:38:10.000000000,100046,184,100030,184,100062,184,100005,184,100068,184,99984,184,100069,284,99977,184,100075,100,99964,100,100102,100,99955,100,100130,100,99940,100,100131,100,99929,100,100151,100,99927,200,100161,100,99916,100
2019-06-28 09:38:20.000000000,100046,214,100030,214,100062,210,100005,210,100068,210,99984,210,100069,200,99977,100,100075,100,99964,100,100102,100,99955,100,100130,100,99940,100,100131,100,99929,100,100151,100,99927,200,100161,100,99916,100
2019-06-28 09:38:30.000000000,100046,167,100030,167,100062,167,100005,167,100068,167,99984,167,100069,267,99977,167,100075,167,99964,167,100102,100,99955,100,100130,100,99940,100,100131,100,99929,100,100151,100,99927,200,100161,100,99916,100
2019-06-28 09:38:40.000000000,100046,184,100030,184,100062,184,100005,184,100068,184,99984,184,100069,284,99977,184,100075,100,99964,100,100102,100,99955,100,100130,100,99940,100,100131,100,99929,100,100151,100,99927,200,100161,100,99916,100
2019-06-28 09:38:50.000000000,100046,214,100030,214,100062,210,100005,210,100068,210,99984,210,100069,200,99977,100,100075,100,99964,100,100102,100,99955,100,100130,100,99940,100,100131,100,99929,100,100151,100,99927,200,100161,100,99916,100
2019-06-28 09:38:58.841150845,100046,114,100030,214,100062,210,100005,210,100068,210,99984,210,100069,200,99977,100,100075,100,99964,100,100102,100,99955,100,100130,100,99940,100,100131,100,99929,100,100151,100,99927,200,100161,100,99916,100
2019-06-28 09:39:00.000000000,100062,214,100030,214,100068,210,100005,210,100069,310,99984,210,100075,100,99977,100,100102,100,99964,100,100130,100,99955,100,100131,100,99940,100,100151,100,99929,100,100161,100,99927,200,100227,100,99916,100
2019-06-28 09:39:01.460780712,100062,214,100041,100,100068,210,100030,214,100069,310,100005,210,100075,100,99984,210,100102,100,99977,100,100130,100,99964,100,100131,100,99955,100,100151,100,99940,100,100161,100,99929,100,100227,100,99927,200
2019-06-28 09:39:08.475889886,100062,214,100041,100,100068,210,100030,214,100069,310,100005,210,100075,100,99984,210,100102,100,99977,100,100130,100,99964,100,100131,100,99955,100,100151,100,99940,100,100161,100,99929,100,100227,100,99927,200
2019-06-28 09:39:10.000000000,100062,267,100041,267,100068,267,100030,267,100069,200,100005,100,100075,100,99984,100,100102,100,99977,100,100130,100,99964,100,100131,100,99955,100,100151,100,99940,100,100161,100,99929,100,100227,100,99927,200
2019-06-28 09:39:20.000000000,100062,214,100041,214,100068,210,100030,210,100069,310,100005,210,100075,100,99984,100,100102,100,99977,100,100130,100,99964,100,100131,100,99955,100,100151,100,99940,100,100161,100,99929,100,100227,100,99927,200
2019-06-28 09:39:29.705849081,100062,214,100041,214,100068,210,100030,210,100069,310,100005,210,100075,100,99984,100,100102,100,99977,100,100130,100,99964,100,100131,100,99955,100,100151,100,99940,100,100161,100,99929,100,100227,100,99927,200
2019-06-28 09:39:30.000000000,100062,267,100041,267,100068,267,100030,267,100069,200,100005,100,100075,100,99984,100,100102,100,99977,100,100130,100,99964,100,100131,100,99955,100,100151,100,99940,100,100161,100,99929,100,100227,100,99927,200
2019-06-28 09:39:40.000000000,100062,214,100041,214,100068,210,100030,210,100069,310,100005,210,100075,100,99984,100,100102,100,99977,100,100130,100,99964,100,100131,100,99955,100,100151,100,99940,100,100161,100,99929,100,100227,100,99927,200
2019-06-28 09:39:50.000000000,100062,434,100041,434,100068,100,100030,100,100069,200,100005,100,100075,100,99984,100,100102,100,99977,100,100130,100,99964,100,100131,100,99955,100,100151,100,99940,100,100161,100,99929,100,100227,100,99927,200
2019-06-28 09:40:00.000000000,100062,267,100041,267,100068,267,100030,267,100069,200,100005,100,100075,100,99984,100,100102,100,99977,100,100130,100,99964,100,100131,100,99955,100,100151,100,99940,100,100161,100,99929,100,100227,100,99927,200
2019-06-28 09:40:02.231365568,100062,167,100041,267,100068,267,100030,267,100069,200,100005,100,100075,100,99984,100,100102,100,99977,100,100130,100,99964,100,100131,100,99955,100,100151,100,99940,100,100161,100,99929,100,100227,100,99927,200
2019-06-28 09:40:10.000000000,100068,267,100041,267,100069,367,100030,267,100075,100,100005,100,100102,100,99984,100,100130,100,99977,100,100131,100,99964,100,100151,100,99955,100,100161,100,99940,100,100227,100,99929,100,100251,100,99927,200
2019-06-28 09:40:20.000000000,100068,434,100041,434,100069,200,100030,100,100075,100,100005,100,100102,100,99984,100,100130,100,99977,100,100131,100,99964,100,100151,100,99955,100,100161,100,99940,100,100227,100,99929,100,100251,100,99927,200
2019-06-28 09:40:30.000000000,100068,434,100041,434,100069,200,100030,100,100075,100,100005,100,100102,100,99984,100,100130,100,99977,100,100131,100,99964,100,100151,100,99955,100,100161,100,99940,100,100227,100,99929,100,100251,100,99927,200
2019-06-28 09:40:34.022015488,100068,334,100041,434,100069,200,100030,100,100075,100,100005,100,100102,100,99984,100,100130,100,99977,100,100131,100,99964,100,100151,100,99955,100,100161,100,99940,100,100227,100,99929,100,100251,100,99927,100
2019-06-28 09:40:40.000000000,100069,267,100041,167,100075,167,100030,167,100102,167,100005,167,100130,167,99984,167,100131,167,99977,167,100151,100,99964,100,100161,100,99955,100,100227,100,99940,100,100251,100,99929,100,100718,100,99927,100
2019-06-28 09:40:50.000000000,100069,534,100041,434,100075,100,100030,100,100102,100,100005,100,100130,100,99984,100,100131,100,99977,100,100151,100,99964,100,100161,100,99955,100,100227,100,99940,100,100251,100,99929,100,100718,100,99927,100
2019-06-28 09:40:56.914092787,100069,534,100041,434,100075,100,100030,100,100102,100,100005,100,100130,100,99984,100,100131,100,99977,100,100151,100,99964,100,100161,100,99955,100,100227,100,99940,100,100251,100,99929,100,100315,100,99927,100
2019-06-28 09:41:00.000000000,100069,284,100041,184,100075,184,100030,184,100102,184,100005,184,100130,184,99984,184,100131,100,99977,100,100151,100,99964,100,100161,100,99955,100,100227,100,99940,100,100251,100,99929,100,100315,100,99927,100
2019-06-28 09:41:07.351925670,100069,184,100041,184,100075,184,100030,184,100102,184,100005,184,100130,184,99984,84,100131,100,99977,100,100151,100,99964,100,100161,100,99955,100,100227,100,99940,100,100251,100,99929,100,100315,100,99927,100
2019-06-28 09:41:08.195034355,100069,184,100041,184,100075,184,100030,184,100102,184,100005,184,100130,184,99984,84,100131,100,99977,100,100151,100,99964,100,100161,100,99940,100,100227,100,99929,100,100251,100,99927,100,100315,100,99916,100
2019-06-28 09:41:10.000000000,100069,434,100041,434,100075,100,100030,100,100102,100,100005,100,100130,100,99977,100,100131,100,99964,100,100151,100,99940,100,100161,100,99929,100,100227,100,99927,100,100251,100,99916,100,100315,100,99914,100
2019-06-28 09:41:13.901328078,100069,434,100041,434,100075,100,100005,100,100102,100,99977,100,100130,100,99964,100,100131,100,99940,100,100151,100,99929,100,100161,100,99927,100,100227,100,99916,100,100251,100,99914,100,100315,100,99912,100
2019-06-28 09:41:18.409140147,100067,100,100041,434,100069,434,100005,100,100075,100,99977,100,100102,100,99964,100,100130,100,99940,100,100131,100,99929,100,100151,100,99927,100,100161,100,99916,100,100227,100,99914,100,100251,100,99912,100
2019-06-28 09:41:20.000000000,100067,267,100041,267,100069,267,100005,267,100075,100,99977,100,100102,100,99964,100,100130,100,99940,100,100131,100,99929,100,100151,100,99927,100,100161,100,99916,100,100227,100,99914,100,100251,100,99912,100
2019-06-28 09:41:30.000000000,100067,267,100041,267,100069,267,100005,267,100075,100,99977,100,100102,100,99964,100,100130,100,99940,100,100131,100,99929,100,100151,100,99927,100,100161,100,99916,100,100227,100,99914,100,100251,100,99912,100
2019-06-28 09:41:31.268832951,100046,100,100041,267,100067,267,100005,267,100069,267,99977,100,100075,100,99964,100,100102,100,99940,100,100130,100,99929,100,100131,100,99927,100,100151,100,99916,100,100161,100,99914,100,100227,100,99912,100
2019-06-28 09:41:36.832042907,100046,100,100041,167,100067,267,100005,267,100069,267,99977,100,100075,100,99964,100,100102,100,99940,100,100130,100,99929,100,100131,100,99927,100,100151,100,99916,100,100161,100,99914,100,100227,100,99912,100
2019-06-28 09:41:40.000000000,100046,167,100005,167,100067,167,99977,167,100069,167,99964,167,100075,167,99940,167,100102,167,99929,167,100130,100,99927,100,100131,100,99916,100,100151,100,99914,100,100161,100,99912,100,100227,100,99910,100
2019-06-28 09:41:50.000000000,100046,214,100005,214,100067,210,99977,210,100069,210,99964,210,100075,100,99940,100,100102,100,99929,100,100130,100,99927,100,100131,100,99916,100,100151,100,99914,100,100161,100,99912,100,100227,100,99910,100
2019-06-28 09:41:55.448140530,100046,214,100005,214,100067,210,99977,210,100069,210,99964,210,100075,100,99940,100,100102,100,99929,100,100130,100,99927,100,100131,200,99916,100,100151,100,99914,100,100161,100,99912,100,100227,100,99910,100
2019-06-28 09:42:00.000000000,100046,434,100005,434,100067,100,99977,100,100069,100,99964,100,100075,100,99940,100,100102,100,99929,100,100130,100,99927,100,100131,200,99916,100,100151,100,99914,100,100161,100,99912,100,100227,100,99910,100
2019-06-28 09:42:04.086976239,100046,434,100042,100,100067,100,100005,434,100075,100,99977,100,100102,100,99964,100,100130,100,99940,100,100131,200,99929,100,100151,100,99927,100,100161,100,99916,100,100227,100,99914,100,100251,100,99912,100
2019-06-28 09:42:10.000000000,100046,267,100042,267,100067,267,100005,267,100075,100,99977,100,100102,100,99964,100,100130,100,99940,100,100131,200,99929,100,100151,100,99927,100,100161,100,99916,100,100227,100,99914,100,100251,100,99912,100
2019-06-28 09:42:15.057425062,100046,267,100042,267,100067,267,100005,267,100075,100,99977,100,100102,100,99964,100,100130,100,99940,100,100131,200,99929,100,100151,100,99927,100,100161,100,99916,100,100227,100,99914,100,100251,100,99912,100
2019-06-28 09:42:16.284834401,100046,167,100042,267,100067,267,100005,267,100075,100,99977,100,100102,100,99964,100,100130,100,99940,100,100131,200,99929,100,100151,100,99927,100,100161,100,99916,100,100227,100,99914,100,100251,100,99912,100
2019-06-28 09:42:20.000000000,100067,184,100042,184,100075,184,100005,184,100102,184,99977,184,100130,184,99964,184,100131,200,99940,100,100151,100,99929,100,100161,100,99927,100,100227,100,99916,100,100251,100,99914,100,100312,100,99912,100
2019-06-28 09:42:25.362983988,100067,184,100042,184,100075,184,100005,184,100102,184,99977,184,100130,184,99964,184,100131,200,99940,100,100151,100,99929,100,100161,100,99927,100,100227,100,99916,100,100251,100,99914,100,100312,100,99912,100
2019-06-28 09:42:30.000000000,100067,267,100042,267,100075,267,100005,267,100102,100,99977,100,100130,100,99964,100,100131,200,99940,100,100151,100,99929,100,100161,100,99927,100,100227,100,99916,100,100251,100,99914,100,100312,100,99912,100
2019-06-28 09:42:37.305149439,100067,267,100042,267,100075,267,100005,267,100102,100,99977,100,100130,100,99964,100,100131,200,99940,100,100151,100,99929,100,100161,100,99927,100,100227,100,99916,100,100251,100,99914,100,100312,100,99912,100
2019-06-28 09:42:40.000000000,100067,214,100042,214,100075,210,100005,210,100102,210,99977,210,100130,100,99964,100,100131,200,99940,100,100151,100,99929,100,100161,100,99927,100,100227,100,99916,100,100251,100,99914,100,100312,100,99912,100
2019-06-28 09:42:50.000000000,100067,214,100042,214,100075,210,100005,210,100102,210,99977,210,100130,100,99964,100,100131,200,99940,100,100151,100,99929,100,100161,100,99927,100,100227,100,99916,100,100251,100,99914,100,100312,100,99912,100
2019-06-28 09:43:00.000000000,100067,434,100042,434,100075,100,100005,100,100102,100,99977,100,100130,100,99964,100,100131,200,99940,100,100151,100,99929,100,100161,100,99927,100,100227,100,99916,100,100251,100,99914,100,100312,100,99912,100
2019-06-28 09:43:00.276864223,100067,434,100042,434,100075,100,100005,100,100102,100,99977,100,100130,100,99964,100,100131,200,99940,100,100151,100,99929,100,100161,100,99927,100,100227,100,99916,100,100251,100,99914,100,100278,100,99912,100
2019-06-28 09:43:10.000000000,100067,167,100042,167,100075,167,100005,167,100102,167,99977,167,100130,167,99964,167,100131,267,99940,167,100151,100,99929,100,100161,100,99927,100,100227,100,99916,100,100251,100,99914,100,100278,100,99912,100
2019-06-28 09:43:12.415802535,100067,167,100042,167,100075,167,100005,167,100102,167,99977,167,100130,167,99964,167,100131,267,99940,167,100151,100,99929,100,100161,100,99927,100,100227,100,99916,100,100251,100,99914,100,100278,100,99912,100
2019-06-28 09:43:20.000000000,100067,184,100042,184,100075,184,100005,184,100102,184,99977,184,100130,184,99964,184,100131,200,99940,100,100151,100,99929,100,100161,100,99927,100,100227,100,99916,100,100251,100,99914,100,100278,100,99912,100
2019-06-28 09:43:30.000000000,100067,214,100042,214,100075,210,100005,210,100102,210,99977,210,100130,100,99964,100,100131,200,99940,100,100151,100,99929,100,100161,100,99927,100,100227,100,99916,100,100251,100,99914,100,100278,100,99912,100
2019-06-28 09:43:40.000000000,100067,184,100042,184,100075,184,100005,184,100102,184,99977,184,100130,184,99964,184,100131,200,99940,100,100151,100,99929,100,100161,100,99927,100,100227,100,99916,100,100251,100,99914,100,100278,100,99912,100
2019-06-28 09:43:46.826059659,100045,100,100042,184,100067,184,100005,184,100075,184,99977,184,100102,184,99964,184,100130,184,99940,100,100131,200,99929,100,100151,100,99927,100,100161,100,99916,100,100227,100,99914,100,100251,100,99912,100
2019-06-28 09:43:50.000000000,100045,214,100042,214,100067,210,100005,210,100075,210,99977,210,100102,100,99964,100,100130,100,99940,100,100131,200,99929,100,100151,100,99927,100,100161,100,99916,100,100227,100,99914,100,100251,100,99912,100
2019-06-28 09:44:00.000000000,100045,167,100042,167,100067,167,100005,167,100075,167,99977,167,100102,167,99964,167,100130,167,99940,167,100131,200,99929,100,100151,100,99927,100,100161,100,99916,100,100227,100,99914,100,100251,100,99912,100
2019-06-28 09:44:10.000000000,100045,214,100042,214,100067,210,100005,210,100075,210,99977,210,100102,100,99964,100,100130,100,99940,100,100131,200,99929,100,100151,100,99927,100,100161,100,99916,100,100227,100,99914,100,100251,100,99912,100
2019-06-28 09:44:20.000000000,100045,434,100042,434,100067,100,100005,100,100075,100,99977,100,100102,100,99964,100,100130,100,99940,100,100131,200,99929,100,100151,100,99927,100,100161,100,99916,100,100227,100,99914,100,100251,100,99912,100
2019-06-28 09:44:25.789984587,100045,434,100042,434,100067,100,100005,100,100075,100,99977,100,100102,100,99964,100,100130,100,99940,100,100131,200,99929,100,100151,100,99927,100,100161,100,99916,100,100227,100,99914,100,100251,100,99912,100
2019-06-28 09:44:30.000000000,100045,184,100042,184,100067,184,100005,184,100075,184,99977,184,100102,184,99964,184,100130,100,99940,100,100131,200,99929,100,100151,100,99927,100,100161,100,99916,100,100227,100,99914,100,100251,100,99912,100
2019-06-28 09:44:40.000000000,100045,167,100042,167,100067,167,100005,167,100075,167,99977,167,100102,167,99964,167,100130,167,99940,167,100131,200,99929,100,100151,100,99927,100,100161,100,99916,100,100227,100,99914,100,100251,100,99912,100
2019-06-28 09:44:46.641664153,100045,67,100042,167,100067,167,100005,167,100075,167,99977,167,100102,167,99964,167,100130,167,99940,167,100131,200,99929,100,100151,100,99927,100,100161,100,99916,100,100227,100,99914,100,100251,100,99912,100
2019-06-28 09:44:46.652993647,100045,67,100042,167,100067,167,100005,167,100075,167,99977,167,100102,167,99964,167,100130,167,99940,67,100131,200,99929,100,100151,100,99927,100,100161,100,99916,100,100214,100,99914,100,100227,100,99912,100
2019-06-28 09:44:50.000000000,100067,434,100042,434,100075,100,100005,100,100102,100,99977,100,100130,100,99964,100,100131,200,99929,100,100151,100,99927,100,100161,100,99916,100,100214,100,99914,100,100227,100,99912,100,100251,100,99910,100
2019-06-28 09:44:56.152844205,100067,434,100042,434,100075,100,100005,100,100102,100,99977,100,100130,100,99964,100,100131,200,99929,100,100161,100,99927,100,100214,100,99916,100,100227,100,99914,100,100251,100,99912,100,100278,100,99910,100
2019-06-28 09:45:00.000000000,100067,184,100042,184,100075,184,100005,184,100102,184,99977,184,100130,184,99964,184,100131,200,99929,100,100161,100,99927,100,100214,100,99916,100,100227,100,99914,100,100251,100,99912,100,100278,100,99910,100
2019-06-28 09:45:10.000000000,100067,214,100042,214,100075,210,100005,210,100102,210,99977,210,100130,100,99964,100,100131,200,99929,100,100161,100,99927,100,100214,100,99916,100,100227,100,99914,100,100251,100,99912,100,100278,100,99910,100
2019-06-28 09:45:20.000000000,100067,184,100042,184,100075,184,100005,184,100102,184,99977,184,100130,184,99964,184,100131,200,99929,100,100161,100,99927,100,100214,100,99916,100,100227,100,99914,100,100251,100,99912,100,100278,100,99910,100
2019-06-28 09:45:30.000000000,100067,184,100042,184,100075,184,100005,184,100102,184,99977,184,100130,184,99964,184,100131,200,99929,100,100161,100,99927,100,100214,100,99916,100,100227,100,99914,100,100251,100,99912,100,100278,100,99910,100
2019-06-28 09:45:40.000000000,100067,434,100042,434,100075,100,100005,100,100102,100,99977,100,100130,100,99964,100,100131,200,99929,100,100161,100,99927,100,100214,100,99916,100,100227,100,99914,100,100251,100,99912,100,100278,100,99910,100
2019-06-28 09:45:45.068589765,100067,434,100043,100,100075,100,100042,434,100102,100,100005,100,100130,100,99977,100,100131,200,99964,100,100214,100,99929,100,100227,100,99927,100,100251,100,99916,100,100278,100,99914,100,100312,100,99912,100
2019-06-28 09:45:50.000000000,100067,434,100043,434,100075,100,100042,100,100102,100,100005,100,100130,100,99977,100,100131,200,99964,100,100214,100,99929,100,100227,100,99927,100,100251,100,99916,100,100278,100,99914,100,100312,100,99912,100
2019-06-28 09:45:58.515370359,100067,434,100043,334,100075,100,100042,100,100102,100,100005,100,100130,100,99977,100,100131,200,99964,100,100214,100,99929,100,100226,100,99927,100,100227,100,99916,100,100251,100,99914,100,100278,100,99912,100
2019-06-28 09:46:00.000000000,100067,214,100042,214,100075,210,100005,210,100102,210,99977,210,100130,100,99964,100,100131,200,99929,100,100214,100,99927,100,100226,100,99916,100,100227,100,99914,100,100251,100,99912,100,100278,100,99910,100
2019-06-28 09:46:10.000000000,100067,184,100042,184,100075,184,100005,184,100102,184,99977,184,100130,184,99964,184,100131,200,99929,100,100214,100,99927,100,100226,100,99916,100,100227,100,99914,100,100251,100,99912,100,100278,100,99910,100
2019-06-28 09:46:20.000000000,100067,434,100042,434,100075,100,100005,100,100102,100,99977,100,100130,100,99964,100,100131,200,99929,100,100214,100,99927,100,100226,100,99916,100,100227,100,99914,100,100251,100,99912,100,100278,100,99910,100
2019-06-28 09:46:30.000000000,100067,214,100042,214,100075,210,100005,210,100102,210,99977,210,100130,100,99964,100,100131,200,99929,100,100214,100,99927,100,100226,100,99916,100,100227,100,99914,100,100251,100,99912,100,100278,100,99910,100
2019-06-28 09:46:40.000000000,100067,267,100042,267,100075,267,100005,267,100102,100,99977,100,100130,100,99964,100,100131,200,99929,100,100214,100,99927,100,100226,100,99916,100,100227,100,99914,100,100251,100,99912,100,100278,100,99910,100
2019-06-28 09:46:50.000000000,100067,434,100042,434,100075,100,100005,100,100102,100,99977,100,100130,100,99964,100,100131,200,99929,100,100214,100,99927,100,100226,100,99916,100,100227,100,99914,100,100251,100,99912,100,100278,100,99910,100
2019-06-28 09:47:00.000000000,100067,267,100042,267,100075,267,100005,267,100102,100,99977,100,100130,100,99964,100,100131,200,99929,100,100214,100,99927,100,100226,100,99916,100,100227,100,99914,100,100251,100,99912,100,100278,100,99910,100
2019-06-28 09:47:03.694963840,100067,267,100042,267,100075,267,100005,267,100095,100,99977,100,100102,100,99964,100,100130,100,99929,100,100131,200,99927,100,100214,100,99916,100,100226,100,99914,100,100227,100,99912,100,100251,100,99910,100
2019-06-28 09:47:10.000000000,100067,267,100042,267,100075,267,100005,267,100095,100,99977,100,100102,100,99964,100,100130,100,99929,100,100131,200,99927,100,100214,100,99916,100,100226,100,99914,100,100227,100,99912,100,100251,100,99910,100
2019-06-28 09:47:12.844871043,100067,267,100042,167,100075,267,100005,267,100095,100,99977,100,100102,100,99964,100,100130,100,99929,100,100131,200,99927,100,100214,100,99916,100,100226,100,99914,100,100227,100,99910,100,100251,100,99903,100
2019-06-28 09:47:14.469689393,100067,267,100042,167,100075,267,100005,267,100095,100,99977,100,100102,100,99964,100,100130,100,99929,100,100131,200,99916,100,100214,100,99914,100,100226,100,99910,100,100227,100,99903,100,100251,100,99898,100
2019-06-28 09:47:20.000000000,100067,434,100005,434,100075,100,99977,100,100095,100,99964,100,100102,100,99929,100,100130,100,99916,100,100131,200,99914,100,100214,100,99910,100,100226,100,99903,100,100227,100,99898,100,100251,100,99885,100
2019-06-28 09:47:24.064883726,100067,434,100005,334,100075,100,99977,100,100095,100,99964,100,100102,100,99929,100,100130,100,99916,100,100131,200,99914,100,100214,100,99910,100,100226,100,99903,100,100227,100,99898,100,100251,100,99855,100
2019-06-28 09:47:30.000000000,100067,167,99977,167,100075,167,99964,167,100095,167,99929,167,100102,167,99916,167,100130,167,99914,167,100131,200,99910,100,100214,100,99903,100,100226,100,99898,100,100227,100,99855,100,100251,100,99854,100
2019-06-28 09:47:40.000000000,100067,167,99977,167,100075,167,99964,167,100095,167,99929,167,100102,167,99916,167,100130,167,99914,167,100131,200,99910,100,100214,100,99903,100,100226,100,99898,100,100227,100,99855,100,100251,100,99854,100
2019-06-28 09:47:47.648052176,100043,100,99977,167,100067,167,99964,167,100075,167,99929,167,100095,167,99916,167,100102,167,99914,167,100130,167,99910,100,100131,200,99903,100,100214,100,99898,100,100226,100,99855,100,100227,100,99854,100
2019-06-28 09:47:50.000000000,100043,167,99977,167,100067,167,99964,167,100075,167,99929,167,100095,167,99916,167,100102,167,99914,167,100130,100,99910,100,100131,200,99903,100,100214,100,99898,100,100226,100,99855,100,100227,100,99854,100
2019-06-28 09:47:59.795465165,100043,167,99977,167,100067,167,99964,167,100075,167,99929,167,100095,167,99916,167,100102,167,99914,167,100130,100,99910,100,100131,200,99903,100,100214,100,99898,100,100227,100,99855,100,100251,100,99854,100
2019-06-28 09:48:00.000000000,100043,214,99977,214,100067,210,99964,210,100075,210,99929,210,100095,100,99916,100,100102,100,99914,100,100130,100,99910,100,100131,200,99903,100,100214,100,99898,100,100227,100,99855,100,100251,100,99854,100
2019-06-28 09:48:10.000000000,100043,434,99977,434,100067,100,99964,100,100075,100,99929,100,100095,100,99916,100,100102,100,99914,100,100130,100,99910,100,100131,200,99903,100,100214,100,99898,100,100227,100,99855,100,100251,100,99854,100
2019-06-28 09:48:12.928315645,100043,434,99977,434,100067,100,99964,100,100075,100,99929,100,100095,100,99916,100,100102,100,99914,100,100130,100,99910,100,100131,200,99903,100,100214,100,99898,100,100227,100,99855,100,100251,100,99854,100
2019-06-28 09:48:20.000000000,100043,434,99977,434,100067,100,99964,100,100075,100,99929,100,100095,100,99916,100,100102,100,99914,100,100130,100,99910,100,100131,200,99903,100,100214,100,99898,100,100227,100,99855,100,100251,100,99854,100
2019-06-28 09:48:24.245574626,100043,434,99977,334,100067,100,99964,100,100075,100,99929,100,100095,100,99916,100,100102,100,99914,100,100130,100,99910,100,100131,200,99903,100,100214,100,99898,100,100227,100,99855,100,100251,100,99854,100
2019-06-28 09:48:26.741502049,100043,434,99977,234,100067,100,99964,100,100075,100,99916,100,100095,100,99914,100,100102,100,99910,100,100130,100,99903,100,100131,200,99898,100,100214,100,99855,100,100227,100,99854,100,100251,100,99787,100
2019-06-28 09:48:30.000000000,100043,184,99964,184,100067,184,99916,184,100075,184,99914,184,100095,184,99910,184,100102,100,99903,100,100130,100,99898,100,100131,200,99855,100,100214,100,99854,100,100227,100,99787,100,100251,100,99746,100
2019-06-28 09:48:38.975938211,100043,184,99964,84,100067,184,99916,184,100075,184,99914,184,100095,184,99910,184,100102,100,99903,100,100130,100,99898,100,100131,200,99855,100,100214,100,99854,100,100227,100,99787,100,100251,100,99746,100
2019-06-28 09:48:40.000000000,100043,167,99916,167,100067,167,99914,167,100075,167,99910,167,100095,167,99903,167,100102,167,99898,167,100130,100,99855,100,100131,200,99854,100,100214,100,99787,100,100227,100,99746,100,100251,100,99651,100
2019-06-28 09:48:50.000000000,100043,167,99916,167,100067,167,99914,167,100075,167,99910,167,100095,167,99903,167,100102,167,99898,167,100130,100,99855,100,100131,200,99854,100,100214,100,99787,100,100227,100,99746,100,100251,100,99651,100
2019-06-28 09:49:00.000000000,100043,434,99916,434,100067,100,99914,100,100075,100,99910,100,100095,100,99903,100,100102,100,99898,100,100130,100,99855,100,100131,200,99854,100,100214,100,99787,100,100227,100,99746,100,100251,100,99651,100
2019-06-28 09:49:10.000000000,100043,184,99916,184,100067,184,99914,184,100075,184,99910,184,100095,184,99903,184,100102,100,99898,100,100130,100,99855,100,100131,200,99854,100,100214,100,99787,100,100227,100,99746,100,100251,100,99651,100
2019-06-28 09:49:20.000000000,100043,167,99916,167,100067,167,99914,167,100075,167,99910,167,100095,167,99903,167,100102,167,99898,167,100130,100,99855,100,100131,200,99854,100,100214,100,99787,100,100227,100,99746,100,100251,100,99651,100
2019-06-28 09:49:28.762463419,100043,167,99916,67,100067,167,99914,167,100075,167,99910,167,100095,167,99903,167,100102,167,99898,67,100130,100,99855,100,100131,200,99854,100,100214,100,99787,100,100227,100,99746,100,100251,100,99651,100
2019-06-28 09:49:30.000000000,100043,214,99914,214,100067,210,99910,210,100075,210,99903,210,100095,100,99855,100,100102,100,99854,100,100130,100,99787,100,100131,200,99746,100,100214,100,99651,100,100227,100,99370,100,100251,100,,
2019-06-28 09:49:40.000000000,100043,434,99914,434,100067,100,99910,100,100075,100,99903,100,100095,100,99855,100,100102,100,99854,100,100130,100,99787,100,100131,200,99746,100,100214,100,99651,100,100227,100,99370,100,100251,100,,
2019-06-28 09:49:49.767917443,100043,434,99914,434,100067,100,99910,100,100075,100,99903,100,100095,100,99872,100,100102,100,99855,100,100130,100,99854,100,100131,200,99787,100,100214,100,99746,100,100227,100,99651,100,100251,100,99370,100
2019-06-28 09:49:50.000000000,100043,184,99914,184,100067,184,99910,184,100075,184,99903,184,100095,184,99872,184,100102,100,99855,100,100130,100,99854,100,100131,200,99787,100,100214,100,99746,100,100227,100,99651,100,100251,100,99370,100
2019-06-28 09:49:52.677626054,100043,184,99914,184,100067,184,99910,184,100075,184,99903,184,100095,184,99872,184,100102,100,99855,100,100130,100,99854,100,100131,200,99787,100,100214,100,99746,100,100227,100,99724,100,100251,100,99651,100
2019-06-28 09:49:58.203896986,99975,100,99914,84,100043,184,99910,184,100067,184,99903,184,100075,184,99872,184,100095,184,99855,100,100102,100,99854,100,100130,100,99787,100,100131,200,99746,100,100214,100,99724,100,100227,100,99651,100
2019-06-28 09:50:00.000000000,99975,267,99910,267,100043,267,99903,267,100067,100,99872,100,100075,100,99855,100,100095,100,99854,100,100102,100,99787,100,100130,100,99746,100,100131,200,99724,100,100214,100,99651,100,100227,100,99370,100
2019-06-28 09:50:03.625383836,99975,267,99910,167,100043,267,99903,267,100067,100,99872,100,100075,100,99855,100,100095,100,99854,100,100102,100,99787,100,100130,100,99746,100,100131,200,99724,100,100214,100,99651,100,100227,100,99370,100
2019-06-28 09:50:10.000000000,99975,214,99903,214,100043,210,99872,210,100067,210,99855,210,100075,100,99854,100,100095,100,99787,100,100102,100,99746,100,100130,100,99724,100,100131,200,99651,100,100214,100,99370,100,100227,100,,
2019-06-28 09:50:20.000000000,99975,434,99903,434,100043,100,99872,100,100067,100,99855,100,100075,100,99854,100,100095,100,99787,100,100102,100,99746,100,100130,100,99724,100,100131,200,99651,100,100214,100,99370,100,100227,100,,
2019-06-28 09:50:30.000000000,99975,214,99903,214,100043,210,99872,210,100067,210,99855,210,100075,100,99854,100,100095,100,99787,100,100102,100,99746,100,100130,100,99724,100,100131,200,99651,100,100214,100,99370,100,100227,100,,
2019-06-28 09:50:40.000000000,99975,214,99903,214,100043,210,99872,210,100067,210,99855,210,100075,100,99854,100,100095,100,99787,100,100102,100,99746,100,100130,100,99724,100,100131,200,99651,100,100214,100,99370,100,100227,100,,
2019-06-28 09:50:50.000000000,99975,184,99903,184,100043,184,99872,184,100067,184,99855,184,100075,184,99854,184,100095,100,99787,100,100102,100,99746,100,100130,100,99724,100,100131,200,99651,100,100214,100,99370,100,100227,100,,
2019-06-28 09:51:00.000000000,99975,184,99903,184,100043,184,99872,184,100067,184,99855,184,100075,184,99854,184,100095,100,99787,100,100102,100,99746,100,100130,100,99724,100,100131,200,99651,100,100214,100,99370,100,100227,100,,
2019-06-28 09:51:10.000000000,99975,267,99903,267,100043,267,99872,267,100067,100,99855,100,100075,100,99854,100,100095,100,99787,100,100102,100,99746,100,100130,100,99724,100,100131,200,99651,100,100214,100,99370,100,100227,100,,
2019-06-28 09:51:19.571879206,99975,267,99903,167,100043,267,99872,267,100067,100,99855,100,100075,100,99854,100,100095,100,99787,100,100102,100,99746,100,100130,100,99724,100,100131,200,99651,100,100214,100,99370,100,100227,100,,
2019-06-28 09:51:20.000000000,99975,267,99872,267,100043,267,99855,267,100067,100,99854,100,100075,100,99787,100,100095,100,99746,100,100102,100,99724,100,100130,100,99651,100,100131,200,99370,100,100214,100,,,100227,100,,
2019-06-28 09:51:27.646320041,99975,267,99872,167,100043,267,99855,267,100067,100,99854,100,100075,100,99787,100,100095,100,99746,100,100102,100,99724,100,100130,100,99651,100,100131,200,99370,100,100214,100,,,100227,100,,
2019-06-28 09:51:30.000000000,99975,214,99855,214,100043,210,99854,210,100067,210,99787,210,100075,100,99746,100,100095,100,99724,100,100102,100,99651,100,100130,100,99370,100,100131,200,,,100214,100,,,100227,100,,
2019-06-28 09:51:40.000000000,99975,184,99855,184,100043,184,99854,184,100067,184,99787,184,100075,184,99746,184,100095,100,99724,100,100102,100,99651,100,100130,100,99370,100,100131,200,,,100214,100,,,100227,100,,
2019-06-28 09:51:50.000000000,99975,184,99855,184,100043,184,99854,184,100067,184,99787,184,100075,184,99746,184,100095,100,99724,100,100102,100,99651,100,100130,100,99370,100,100131,200,,,100214,100,,,100227,100,,
2019-06-28 09:51:51.006276176,99903,100,99855,184,99975,184,99854,184,100043,184,99787,184,100067,184,99746,184,100075,184,99724,100,100095,100,99651,100,100102,100,99370,100,100130,100,,,100131,200,,,100214,100,,
2019-06-28 09:51:55.298393122,99903,100,99855,84,99975,184,99854,184,100043,184,99787,184,100067,184,99746,184,100075,184,99724,100,100095,100,99651,100,100102,100,99370,100,100130,100,,,100131,200,,,100214,100,,
2019-06-28 09:51:59.758653729,99855,16,99854,184,99903,100,99787,184,99975,184,99746,184,100043,184,99724,100,100067,184,99651,100,100075,184,99370,100,100095,100,,,100102,100,,,100130,100,,,100131,200,,
2019-06-28 09:52:00.000000000,99855,183,99854,267,99903,267,99787,267,99975,100,99746,100,100043,100,99724,100,100067,100,99651,100,100075,100,99370,100,100095,100,,,100102,100,,,100130,100,,,100131,200,,
2019-06-28 09:52:10.000000000,99855,183,99854,267,99903,267,99787,267,99975,100,99746,100,100043,100,99724,100,100067,100,99651,100,100075,100,99370,100,100095,100,,,100102,100,,,100130,100,,,100131,200,,
2019-06-28 09:52:20.000000000,99855,100,99854,184,99903,184,99787,184,99975,184,99746,184,100043,184,99724,184,100067,100,99651,100,100075,100,99370,100,100095,100,,,100102,100,,,100130,100,,,100131,200,,
2019-06-28 09:52:22.304581052,99855,100,99854,184,99903,184,99787,184,99975,184,99746,184,100043,184,99724,184,100067,100,99651,100,100075,100,99370,100,100095,100,98717,100,100102,100,,,100130,100,,,100131,200,,
2019-06-28 09:52:24.927436873,99855,100,99854,184,99903,184,99787,184,99975,184,99746,184,100043,184,99724,184,100067,100,99651,100,100075,100,99370,100,100095,100,98843,100,100102,100,98717,100,100130,100,,,100131,200,,
2019-06-28 09:52:30.000000000,99855,350,99854,434,99903,100,99787,100,99975,100,99746,100,100043,100,99724,100,100067,100,99651,100,100075,100,99370,100,100095,100,98843,100,100102,100,98717,100,100130,100,,,100131,200,,
2019-06-28 09:52:37.806000432,99855,350,99854,434,99903,100,99787,100,99975,100,99746,100,100043,100,99724,100,100067,100,99651,100,100075,100,99370,100,100095,100,99121,100,100102,100,98843,100,100130,100,98717,100,100131,200,,
2019-06-28 09:52:40.000000000,99855,350,99854,434,99903,100,99787,100,99975,100,99746,100,100043,100,99724,100,100067,100,99651,100,100075,100,99370,100,100095,100,99121,100,100102,100,98843,100,100130,100,98717,100,100131,200,,
2019-06-28 09:52:45.466284967,99855,450,99854,434,99903,100,99787,100,99975,100,99746,100,100043,100,99724,100,100067,100,99651,100,100075,100,99370,100,100095,100,99121,100,100102,100,98843,100,100130,100,98717,100,100131,200,,
2019-06-28 09:52:50.000000000,99855,230,99854,214,99903,210,99787,210,99975,210,99746,210,100043,100,99724,100,100067,100,99651,100,100075,100,99370,100,100095,100,99121,100,100102,100,98843,100,100130,100,98717,100,100131,200,,
2019-06-28 09:52:51.487065547,99855,230,99854,114,99903,210,99787,210,99975,210,99746,210,100043,100,99724,100,100067,100,99651,100,100075,100,99370,100,100095,100,99121,100,100102,100,98843,100,100130,100,98717,100,100131,200,,
2019-06-28 09:52:55.464134043,99855,230,99854,14,99903,210,99787,210,99975,210,99746,210,100043,100,99724,100,100067,100,99651,100,100075,100,99370,100,100095,100,99121,100,100102,100,98843,100,100130,100,98717,100,100131,200,,
2019-06-28 09:52:55.715307034,99855,230,99854,14,99903,210,99787,210,99975,210,99746,210,100043,100,99724,100,100067,100,99651,100,100075,100,99370,100,100095,100,99121,100,100102,100,98981,100,100130,100,98843,100,100131,200,98717,100
2019-06-28 09:53:00.000000000,99855,283,99787,267,99903,267,99746,267,99975,100,99724,100,100043,100,99651,100,100067,100,99370,100,100075,100,99121,100,100095,100,98981,100,100102,100,98843,100,100130,100,98717,100,100131,200,,
2019-06-28 09:53:10.000000000,99855,283,99787,267,99903,267,99746,267,99975,100,99724,100,100043,100,99651,100,100067,100,99370,100,100075,100,99121,100,100095,100,98981,100,100102,100,98843,100,100130,100,98717,100,100131,200,,
2019-06-28 09:53:15.370442489,99855,283,99787,267,99903,267,99746,267,99975,100,99724,100,100043,100,99651,100,100067,100,99370,100,100075,100,99257,100,100095,100,99121,100,100102,100,98981,100,100130,100,98843,100,100131,200,98717,100
2019-06-28 09:53:20.000000000,99855,450,99787,434,99903,100,99746,100,99975,100,99724,100,100043,100,99651,100,100067,100,99370,100,100075,100,99257,100,100095,100,99121,100,100102,100,98981,100,100130,100,98843,100,100131,200,98717,100
2019-06-28 09:53:21.842552325,99855,450,99787,334,99903,100,99746,100,99975,100,99724,100,100043,100,99651,100,100067,100,99370,100,100075,100,99257,100,100095,100,99121,100,100102,100,98981,100,100130,100,98843,100,100131,200,98717,100
2019-06-28 09:53:26.846863870,99855,450,99787,234,99903,100,99746,100,99975,100,99724,100,100043,100,99651,100,100067,100,99257,100,100075,100,99121,100,100095,100,98981,100,100102,100,98843,100,100130,100,98717,100,100131,200,,
2019-06-28 09:53:28.085239527,99855,450,99787,134,99903,100,99746,100,99975,100,99724,100,100043,100,99651,100,100067,100,99257,100,100075,100,99121,100,100095,100,98981,100,100102,100,98843,100,100130,100,98717,100,100131,200,,
2019-06-28 09:53:29.540838944,99855,450,99787,34,99903,100,99746,100,99975,100,99724,100,100043,100,99651,100,100067,100,99257,100,100075,100,99121,100,100095,100,98981,100,100102,100,98843,100,100130,100,98717,100,100131,200,,
2019-06-28 09:53:30.000000000,99855,183,99746,167,99903,167,99724,167,99975,167,99651,167,100043,167,99257,167,100067,167,99121,167,100075,100,98981,100,100095,100,98843,100,100102,100,98717,100,100130,100,,,100131,200,,
2019-06-28 09:53:31.537161139,99855,183,99746,67,99903,167,99724,167,99975,167,99651,167,100043,167,99257,167,100067,167,99121,67,100075,100,98981,100,100095,100,98843,100,100102,100,98717,100,100130,100,,,100131,200,,
2019-06-28 09:53:40.000000000,99855,283,99724,267,99903,267,99651,267,99975,100,99257,100,100043,100,98981,100,100067,100,98843,100,100075,100,98717,100,100095,100,,,100102,100,,,100130,100,,,100131,200,,
2019-06-28 09:53:46.011789877,99855,283,99724,267,99903,267,99651,267,99975,100,99257,100,100043,100,98981,100,100067,100,98843,100,100075,100,98717,100,100082,100,,,100095,100,,,100102,100,,,100130,100,,
2019-06-28 09:53:46.504157395,99855,283,99724,267,99903,267,99651,267,99975,100,99257,100,100067,100,98981,100,100075,100,98843,100,100082,100,98717,100,100095,100,,,100102,100,,,100130,100,,,100131,200,,
2019-06-28 09:53:50.000000000,99855,450,99724,434,99903,100,99651,100,99975,100,99257,100,100067,100,98981,100,100075,100,98843,100,100082,100,98717,100,100095,100,,,100102,100,,,100130,100,,,100131,200,,
2019-06-28 09:54:00.000000000,99855,450,99724,434,99903,100,99651,100,99975,100,99257,100,100067,100,98981,100,100075,100,98843,100,100082,100,98717,100,100095,100,,,100102,100,,,100130,100,,,100131,200,,
2019-06-28 09:54:10.000000000,99855,200,99724,184,99903,184,99651,184,99975,184,99257,184,100067,184,98981,184,100075,100,98843,100,100082,100,98717,100,100095,100,,,100102,100,,,100130,100,,,100131,200,,
2019-06-28 09:54:16.631255981,99855,200,99747,100,99903,184,99724,184,99975,184,99651,184,100067,184,99257,184,100075,100,98981,184,100082,100,98843,100,100095,100,98717,100,100102,100,,,100130,100,,,100131,200,,
2019-06-28 09:54:20.000000000,99855,183,99747,167,99903,167,99724,167,99975,167,99651,167,100067,167,99257,167,100075,167,98981,167,100082,100,98843,100,100095,100,98717,100,100102,100,,,100130,100,,,100131,200,,
2019-06-28 09:54:30.000000000,99855,283,99747,267,99903,267,99724,267,99975,100,99651,100,100067,100,99257,100,100075,100,98981,100,100082,100,98843,100,100095,100,98717,100,100102,100,,,100130,100,,,100131,200,,
2019-06-28 09:54:35.245440169,99855,183,99747,267,99903,267,99724,267,99975,100,99651,100,100067,100,99257,100,100075,100,98981,100,100082,100,98843,100,100095,100,98717,100,100102,100,,,100130,100,,,100131,200,,
2019-06-28 09:54:40.000000000,99855,130,99747,214,99903,210,99724,210,99975,210,99651,210,100067,100,99257,100,100075,100,98981,100,100082,100,98843,100,100095,100,98717,100,100102,100,,,100130,100,,,100131,200,,
2019-06-28 09:54:44.301260993,99855,130,99747,214,99903,210,99724,210,99975,110,99653,100,100067,100,99651,210,100075,100,99257,100,100082,100,98981,100,100095,100,98843,100,100102,100,98717,100,100130,100,,,100131,200,,
2019-06-28 09:54:50.000000000,99855,350,99747,434,99903,100,99724,100,100067,100,99653,100,100075,100,99651,100,100082,100,99257,100,100095,100,98981,100,100102,100,98843,100,100130,100,98717,100,100131,200,,,100214,100,,
2019-06-28 09:54:54.000793159,99855,350,99810,100,99903,100,99747,434,100067,100,99724,100,100075,100,99653,100,100082,100,99651,100,100095,100,99257,100,100102,100,98981,100,100130,100,98843,100,100131,200,98717,100,100214,100,,
2019-06-28 09:55:00.000000000,99855,183,99810,267,99903,267,99747,267,100067,100,99724,100,100075,100,99653,100,100082,100,99651,100,100095,100,99257,100,100102,100,98981,100,100130,100,98843,100,100131,200,98717,100,100214,100,,
2019-06-28 09:55:07.381518189,99855,183,99810,267,99868,100,99747,267,99903,267,99724,100,100067,100,99653,100,100075,100,99651,100,100082,100,99257,100,100095,100,98981,100,100102,100,98843,100,100130,100,98717,100,100131,200,,
2019-06-28 09:55:10.000000000,99855,350,99810,434,99868,100,99747,100,99903,100,99724,100,100067,100,99653,100,100075,100,99651,100,100082,100,99257,100,100095,100,98981,100,100102,100,98843,100,100130,100,98717,100,100131,200,,
2019-06-28 09:55:20.000000000,99855,83,99810,167,99868,167,99747,167,99903,167,99724,167,100067,167,99653,167,100075,167,99651,167,100082,100,99257,100,100095,100,98981,100,100102,100,98843,100,100130,100,98717,100,100131,200,,
2019-06-28 09:55:30.000000000,99855,100,99810,184,99868,184,99747,184,99903,184,99724,184,100067,184,99653,184,100075,100,99651,100,100082,100,99257,100,100095,100,98981,100,100102,100,98843,100,100130,100,98717,100,100131,200,,
2019-06-28 09:55:34.610921519,99854,100,99810,184,99855,100,99747,184,99868,184,99724,184,99903,184,99653,184,100067,184,99651,100,100075,100,99257,100,100082,100,98981,100,100095,100,98843,100,100102,100,98717,100,100130,100,,
2019-06-28 09:55:40.000000000,99854,184,99810,184,99855,100,99747,184,99868,184,99724,184,99903,184,99653,184,100067,100,99651,100,100075,100,99257,100,100082,100,98981,100,100095,100,98843,100,100102,100,98717,100,100130,100,,
2019-06-28 09:55:44.629321097,99854,184,99810,184,99855,100,99747,184,99868,184,99724,184,99903,184,99708,100,100067,100,99653,184,100075,100,99651,100,100082,100,99257,100,100095,100,98981,100,100102,100,98843,100,100130,100,98717,100
2019-06-28 09:55:50.000000000,99854,267,99810,267,99855,183,99747,267,99868,100,99724,100,99903,100,99708,100,100067,100,99653,100,100075,100,99651,100,100082,100,99257,100,100095,100,98981,100,100102,100,98843,100,100130,100,98717,100
2019-06-28 09:55:54.278303917,99854,267,99810,267,99855,183,99747,267,99868,100,99724,100,99903,100,99716,100,100067,100,99708,100,100075,100,99653,100,100082,100,99651,100,100095,100,99257,100,100102,100,98981,100,100130,100,98843,100
2019-06-28 09:56:00.000000000,99854,184,99810,184,99855,100,99747,184,99868,184,99724,184,99903,184,99716,184,100067,100,99708,100,100075,100,99653,100,100082,100,99651,100,100095,100,99257,100,100102,100,98981,100,100130,100,98843,100
2019-06-28 09:56:10.000000000,99854,214,99810,214,99855,126,99747,210,99868,210,99724,210,99903,100,99716,100,100067,100,99708,100,100075,100,99653,100,100082,100,99651,100,100095,100,99257,100,100102,100,98981,100,100130,100,98843,100
2019-06-28 09:56:10.494491770,99854,314,99810,214,99855,126,99747,210,99868,210,99724,210,99903,100,99716,100,100067,100,99708,100,100075,100,99653,100,100082,100,99651,100,100095,100,99257,100,100102,100,98981,100,100130,100,98843,100
2019-06-28 09:56:20.000000000,99854,367,99810,267,99855,183,99747,267,99868,100,99724,100,99903,100,99716,100,100067,100,99708,100,100075,100,99653,100,100082,100,99651,100,100095,100,99257,100,100102,100,98981,100,100130,100,98843,100
2019-06-28 09:56:30.000000000,99854,367,99810,267,99855,183,99747,267,99868,100,99724,100,99903,100,99716,100,100067,100,99708,100,100075,100,99653,100,100082,100,99651,100,100095,100,99257,100,100102,100,98981,100,100130,100,98843,100
2019-06-28 09:56:40.000000000,99854,367,99810,267,99855,183,99747,267,99868,100,99724,100,99903,100,99716,100,100067,100,99708,100,100075,100,99653,100,100082,100,99651,100,100095,100,99257,100,100102,100,98981,100,100130,100,98843,100
2019-06-28 09:56:47.993220028,99854,367,99810,267,99855,183,99748,100,99868,100,99747,267,99903,100,99724,100,100067,100,99716,100,100075,100,99708,100,100082,100,99653,100,100095,100,99651,100,100102,100,99257,100,100130,100,98981,100
2019-06-28 09:56:50.000000000,99854,284,99810,184,99855,100,99748,184,99868,184,99747,184,99903,184,99724,184,100067,100,99716,100,100075,100,99708,100,100082,100,99653,100,100095,100,99651,100,100102,100,99257,100,100130,100,98981,100
2019-06-28 09:57:00.000000000,99854,314,99810,214,99855,126,99748,210,99868,210,99747,210,99903,100,99724,100,100067,100,99716,100,100075,100,99708,100,100082,100,99653,100,100095,100,99651,100,100102,100,99257,100,100130,100,98981,100
2019-06-28 09:57:07.479647110,99854,314,99810,214,99855,126,99748,210,99868,210,99747,210,99903,100,99724,100,100067,100,99716,100,100075,100,99708,100,100082,100,99653,100,100095,100,99651,100,100102,100,99257,100,100130,100,98981,100
2019-06-28 09:57:10.000000000,99854,314,99810,214,99855,126,99748,210,99868,210,99747,210,99903,100,99724,100,100067,100,99716,100,100075,100,99708,100,100082,100,99653,100,100095,100,99651,100,100102,100,99257,100,100130,100,98981,100
2019-06-28 09:57:10.380679815,99854,314,99810,214,99855,126,99748,210,99868,210,99747,210,99903,100,99724,100,100067,100,99716,100,100075,100,99708,100,100082,100,99653,100,100095,100,99651,100,100102,100,99257,100,100130,100,98981,100
2019-06-28 09:57:18.496719469,99854,214,99810,214,99855,126,99748,210,99868,210,99747,210,99903,100,99724,100,100067,100,99716,100,100075,100,99708,100,100082,100,99653,100,100102,100,99651,100,100130,100,99257,100,100131,200,98981,100
2019-06-28 09:57:20.000000000,99854,434,99810,434,99855,16,99748,100,99868,100,99747,100,99903,100,99724,100,100067,100,99716,100,100075,100,99708,100,100082,100,99653,100,100102,100,99651,100,100130,100,99257,100,100131,200,98981,100
2019-06-28 09:57:22.535097783,99854,434,99810,434,99855,16,99748,100,99868,100,99747,100,99903,100,99724,100,100067,100,99716,100,100075,100,99708,100,100082,100,99653,100,100102,100,99257,100,100130,100,98981,100,100131,200,98843,100
2019-06-28 09:57:30.000000000,99854,167,99810,167,99855,83,99748,167,99868,167,99747,167,99903,167,99724,167,100067,167,99716,167,100075,100,99708,100,100082,100,99653,100,100102,100,99257,100,100130,100,98981,100,100131,200,98843,100
2019-06-28 09:57:36.746482676,99854,67,99810,167,99855,83,99748,167,99868,167,99747,167,99903,167,99724,167,100067,167,99716,167,100075,100,99708,100,100082,100,99653,100,100102,100,99257,100,100130,100,98981,100,100131,200,98843,100
2019-06-28 09:57:40.000000000,99855,83,99810,167,99868,167,99748,167,99903,167,99747,167,100067,167,99724,167,100075,167,99716,167,100082,100,99708,100,100102,100,99653,100,100130,100,99257,100,100131,200,98981,100,100214,100,98843,100
2019-06-28 09:57:45.781151916,99855,83,99854,100,99868,167,99810,167,99903,167,99748,167,100067,167,99747,167,100075,167,99724,167,100082,100,99716,167,100102,100,99708,100,100130,100,99653,100,100131,200,99257,100,100214,100,98981,100
2019-06-28 09:57:50.000000000,99855,183,99854,267,99868,267,99810,267,99903,100,99748,100,100067,100,99747,100,100075,100,99724,100,100082,100,99716,100,100102,100,99708,100,100130,100,99653,100,100131,200,99257,100,100214,100,98981,100
2019-06-28 09:58:00.000000000,99855,183,99854,267,99868,267,99810,267,99903,100,99748,100,100067,100,99747,100,100075,100,99724,100,100082,100,99716,100,100102,100,99708,100,100130,100,99653,100,100131,200,99257,100,100214,100,98981,100
2019-06-28 09:58:10.000000000,99855,100,99854,184,99868,184,99810,184,99903,184,99748,184,100067,184,99747,184,100075,100,99724,100,100082,100,99716,100,100102,100,99708,100,100130,100,99653,100,100131,200,99257,100,100214,100,98981,100
2019-06-28 09:58:19.754478194,99855,100,99854,184,99868,184,99810,184,99903,184,99748,184,100067,184,99747,184,100075,100,99724,100,100082,100,99716,100,100102,100,99708,100,100130,100,99653,100,100131,200,99257,100,100214,100,98981,100
2019-06-28 09:58:20.000000000,99855,350,99854,434,99868,100,99810,100,99903,100,99748,100,100067,100,99747,100,100075,100,99724,100,100082,100,99716,100,100102,100,99708,100,100130,100,99653,100,100131,200,99257,100,100214,100,98981,100
2019-06-28 09:58:30.000000000,99855,350,99854,434,99868,100,99810,100,99903,100,99748,100,100067,100,99747,100,100075,100,99724,100,100082,100,99716,100,100102,100,99708,100,100130,100,99653,100,100131,200,99257,100,100214,100,98981,100
2019-06-28 09:58:40.000000000,99855,350,99854,434,99868,100,99810,100,99903,100,99748,100,100067,100,99747,100,100075,100,99724,100,100082,100,99716,100,100102,100,99708,100,100130,100,99653,100,100131,200,99257,100,100214,100,98981,100
2019-06-28 09:58:40.309678728,99855,250,99854,434,99868,100,99810,100,99903,100,99748,100,100067,100,99747,100,100075,100,99724,100,100082,100,99716,100,100102,100,99708,100,100130,100,99653,100,100131,200,99257,100,100214,100,98981,100
2019-06-28 09:58:44.114027719,99855,250,99854,434,99868,100,99810,100,99903,100,99748,100,100075,100,99747,100,100082,100,99724,100,100102,100,99716,100,100130,100,99708,100,100131,200,99653,100,100214,100,99257,100,100251,100,98981,100
2019-06-28 09:58:50.000000000,99868,434,99854,434,99903,100,99810,100,100075,100,99748,100,100082,100,99747,100,100102,100,99724,100,100130,100,99716,100,100131,200,99708,100,100214,100,99653,100,100251,100,99257,100,100312,100,98981,100
2019-06-28 09:59:00.000000000,99868,167,99854,167,99903,167,99810,167,100075,167,99748,167,100082,167,99747,167,100102,167,99724,167,100130,100,99716,100,100131,200,99708,100,100214,100,99653,100,100251,100,99257,100,100312,100,98981,100
2019-06-28 09:59:01.001339821,99868,167,99855,100,99903,167,99854,167,100075,167,99810,167,100082,167,99748,167,100102,167,99747,167,100130,100,99724,167,100131,200,99716,100,100214,100,99708,100,100251,100,99653,100,100312,100,99257,100
2019-06-28 09:59:10.000000000,99868,267,99855,267,99903,267,99854,267,100075,100,99810,100,100082,100,99748,100,100102,100,99747,100,100130,100,99724,100,100131,200,99716,100,100214,100,99708,100,100251,100,99653,100,100312,100,99257,100
2019-06-28 09:59:18.578364877,99868,267,99855,267,99903,267,99854,267,99944,100,99810,100,100075,100,99748,100,100082,100,99747,100,100102,100,99724,100,100130,100,99716,100,100131,200,99708,100,100214,100,99653,100,100251,100,99257,100
2019-06-28 09:59:20.000000000,99868,434,99855,434,99903,100,99854,100,99944,100,99810,100,100075,100,99748,100,100082,100,99747,100,100102,100,99724,100,100130,100,99716,100,100131,200,99708,100,100214,100,99653,100,100251,100,99257,100
2019-06-28 09:59:30.000000000,99868,434,99855,434,99903,100,99854,100,99944,100,99810,100,100075,100,99748,100,100082,100,99747,100,100102,100,99724,100,100130,100,99716,100,100131,200,99708,100,100214,100,99653,100,100251,100,99257,100
2019-06-28 09:59:36.871052680,99868,434,99855,434,99903,100,99854,100,99944,100,99810,100,100075,100,99748,100,100082,100,99747,100,100102,100,99724,100,100130,100,99716,100,100131,200,99708,100,100211,100,99653,100,100214,100,99257,100
2019-06-28 09:59:40.000000000,99868,267,99855,267,99903,267,99854,267,99944,100,99810,100,100075,100,99748,100,100082,100,99747,100,100102,100,99724,100,100130,100,99716,100,100131,200,99708,100,100211,100,99653,100,100214,100,99257,100
2019-06-28 09:59:50.000000000,99868,434,99855,434,99903,100,99854,100,99944,100,99810,100,100075,100,99748,100,100082,100,99747,100,100102,100,99724,100,100130,100,99716,100,100131,200,99708,100,100211,100,99653,100,100214,100,99257,100
2019-06-28 09:59:52.435686093,99868,434,99855,534,99903,100,99854,100,99944,100,99810,100,100075,100,99748,100,100082,100,99747,100,100102,100,99724,100,100130,100,99716,100,100131,200,99708,100,100211,100,99653,100,100214,100,99257,100
2019-06-28 10:00:00.000000000,99868,267,99855,367,99903,267,99854,267,99944,100,99810,100,100075,100,99748,100,100082,100,99747,100,100102,100,99724,100,100130,100,99716,100,100131,200,99708,100,100211,100,99653,100,100214,100,99257,100
2019-06-28 10:00:10.000000000,99868,214,99855,314,99903,210,99854,210,99944,210,99810,210,100075,100,99748,100,100082,100,99747,100,100102,100,99724,100,100130,100,99716,100,100131,200,99708,100,100211,100,99653,100,100214,100,99257,100
2019-06-28 10:00:20.000000000,99868,214,99855,314,99903,210,99854,210,99944,210,99810,210,100075,100,99748,100,100082,100,99747,100,100102,100,99724,100,100130,100,99716,100,100131,200,99708,100,100211,100,99653,100,100214,100,99257,100
2019-06-28 10:00:24.633137253,99868,214,99855,214,99903,210,99854,210,99944,210,99810,210,100075,100,99748,100,100082,100,99747,100,100102,100,99724,100,100130,100,99716,100,100131,200,99708,100,100211,100,99653,100,100214,100,99257,100
2019-06-28 10:00:29.635923100,99868,214,99855,214,99903,210,99854,210,99944,210,99810,210,100075,100,99789,100,100082,100,99748,100,100102,100,99747,100,100130,100,99724,100,100131,200,99716,100,100211,100,99708,100,100214,100,99653,100
2019-06-28 10:00:30.000000000,99868,184,99855,184,99903,184,99854,184,99944,184,99810,184,100075,184,99789,184,100082,100,99748,100,100102,100,99747,100,100130,100,99724,100,100131,200,99716,100,100211,100,99708,100,100214,100,99653,100
2019-06-28 10:00:40.000000000,99868,434,99855,434,99903,100,99854,100,99944,100,99810,100,100075,100,99789,100,100082,100,99748,100,100102,100,99747,100,100130,100,99724,100,100131,200,99716,100,100211,100,99708,100,100214,100,99653,100
2019-06-28 10:00:50.000000000,99868,184,99855,184,99903,184,99854,184,99944,184,99810,184,100075,184,99789,184,100082,100,99748,100,100102,100,99747,100,100130,100,99724,100,100131,200,99716,100,100211,100,99708,100,100214,100,99653,100
2019-06-28 10:01:00.000000000,99868,214,99855,214,99903,210,99854,210,99944,210,99810,210,100075,100,99789,100,100082,100,99748,100,100102,100,99747,100,100130,100,99724,100,100131,200,99716,100,100211,100,99708,100,100214,100,99653,100
2019-06-28 10:01:10.000000000,99868,267,99855,267,99903,267,99854,267,99944,100,99810,100,100075,100,99789,100,100082,100,99748,100,100102,100,99747,100,100130,100,99724,100,100131,200,99716,100,100211,100,99708,100,100214,100,99653,100
2019-06-28 10:01:20.000000000,99868,434,99855,434,99903,100,99854,100,99944,100,99810,100,100075,100,99789,100,100082,100,99748,100,100102,100,99747,100,100130,100,99724,100,100131,200,99716,100,100211,100,99708,100,100214,100,99653,100
2019-06-28 10:01:21.014694252,99868,434,99855,434,99903,100,99854,100,99944,100,99789,100,100075,100,99781,100,100082,100,99748,100,100102,100,99747,100,100130,100,99724,100,100131,200,99716,100,100211,100,99708,100,100214,100,99653,100
2019-06-28 10:01:30.000000000,99868,267,99855,267,99903,267,99854,267,99944,100,99789,100,100075,100,99781,100,100082,100,99748,100,100102,100,99747,100,100130,100,99724,100,100131,200,99716,100,100211,100,99708,100,100214,100,99653,100
2019-06-28 10:01:34.198347553,99868,367,99855,267,99903,267,99854,267,99944,100,99789,100,100075,100,99781,100,100082,100,99748,100,100102,100,99747,100,100130,100,99724,100,100131,200,99716,100,100211,100,99708,100,100214,100,99653,100
2019-06-28 10:01:37.677426255,99868,367,99855,267,99903,267,99854,267,99944,100,99789,100,100075,100,99781,100,100082,100,99748,100,100102,100,99747,100,100130,100,99724,100,100131,200,99716,100,100211,100,99708,100,100214,100,99653,100
2019-06-28 10:01:40.000000000,99868,367,99855,267,99903,267,99854,267,99944,100,99789,100,100075,100,99781,100,100082,100,99748,100,100102,100,99747,100,100130,100,99724,100,100131,200,99716,100,100211,100,99708,100,100214,100,99653,100
2019-06-28 10:01:44.686394815,99868,267,99855,267,99903,267,99854,267,99944,100,99789,100,100075,100,99781,100,100082,100,99748,100,100102,100,99747,100,100130,100,99724,100,100131,200,99716,100,100211,100,99708,100,100214,100,99653,100
2019-06-28 10:01:44.787565531,99868,267,99855,167,99903,267,99854,267,99944,100,99789,100,100075,100,99781,100,100082,100,99748,100,100102,100,99747,100,100130,100,99724,100,100131,200,99716,100,100211,100,99708,100,100214,100,99653,100
2019-06-28 10:01:45.757830158,99868,267,99855,167,99903,267,99854,267,99925,100,99789,100,99944,100,99781,100,100075,100,99748,100,100082,100,99747,100,100102,100,99724,100,100130,100,99716,100,100131,200,99708,100,100211,100,99653,100
2019-06-28 10:01:47.176153555,99868,267,99855,167,99903,267,99854,267,99925,100,99789,100,99944,100,99781,100,100075,100,99748,100,100082,100,99747,100,100102,100,99724,100,100130,100,99718,100,100131,200,99716,100,100211,100,99708,100
2019-06-28 10:01:50.000000000,99868,167,99854,167,99903,167,99789,167,99925,167,99781,167,99944,167,99748,167,100075,167,99747,167,100082,100,99724,100,100102,100,99718,100,100130,100,99716,100,100131,200,99708,100,100211,100,99653,100
2019-06-28 10:01:55.353881591,99867,100,99854,167,99868,167,99789,167,99903,167,99781,167,99925,167,99748,167,99944,167,99747,167,100075,167,99724,100,100082,100,99718,100,100102,100,99716,100,100130,100,99708,100,100131,200,99653,100
2019-06-28 10:01:56.538732093,99867,100,99858,100,99868,167,99854,167,99903,167,99789,67,99925,167,99781,167,99944,167,99748,167,100075,167,99747,167,100082,100,99724,100,100102,100,99718,100,100130,100,99716,100,100131,200,99708,100
2019-06-28 10:02:00.000000000,99867,167,99858,167,99868,167,99854,167,99903,167,99781,167,99925,167,99748,167,99944,167,99747,167,100075,100,99724,100,100082,100,99718,100,100102,100,99716,100,100130,100,99708,100,100131,200,99653,100
2019-06-28 10:02:08.709430536,99867,167,99858,167,99868,167,99854,167,99903,167,99781,167,99925,167,99748,167,99944,167,99747,167,100075,100,99724,100,100082,100,99718,100,100102,100,99716,100,100117,100,99708,100,100130,100,99653,100
2019-06-28 10:02:10.000000000,99867,167,99858,167,99868,167,99854,167,99903,167,99781,167,99925,167,99748,167,99944,167,99747,167,100075,100,99724,100,100082,100,99718,100,100102,100,99716,100,100117,100,99708,100,100130,100,99653,100
2019-06-28 10:02:15.410499702,99867,67,99858,167,99868,167,99854,167,99903,167,99781,167,99925,167,99748,167,99944,167,99747,167,100075,100,99724,100,100082,100,99718,100,100102,100,99716,100,100117,100,99708,100,100130,100,99653,100
2019-06-28 10:02:20.000000000,99868,267,99858,267,99903,267,99854,267,99925,100,99781,100,99944,100,99748,100,100075,100,99747,100,100082,100,99724,100,100102,100,99718,100,100117,100,99716,100,100130,100,99708,100,100131,200,99653,100
2019-06-28 10:02:21.438479815,99868,267,99859,100,99903,267,99858,267,99925,100,99854,167,99944,100,99781,100,100075,100,99748,100,100082,100,99747,100,100102,100,99724,100,100117,100,99718,100,100130,100,99716,100,100131,200,99708,100
2019-06-28 10:02:25.662801195,99868,267,99859,100,99903,267,99858,267,99925,100,99854,167,99944,100,99781,100,100075,100,99748,100,100082,100,99747,100,100102,100,99724,100,100117,100,99718,100,100130,100,99716,100,100131,200,99708,100
2019-06-28 10:02:30.000000000,99868,167,99859,167,99903,167,99858,167,99925,167,99781,167,99944,167,99748,167,100075,167,99747,167,100082,100,99724,100,100102,100,99718,100,100117,100,99716,100,100130,100,99708,100,100131,200,99653,100
2019-06-28 10:02:35.920041041,99868,167,99859,167,99903,167,99858,167,99925,167,99781,167,99944,167,99748,167,100075,167,99747,167,100088,100,99724,100,100102,100,99718,100,100117,100,99716,100,100130,100,99708,100,100131,200,99653,100
2019-06-28 10:02:40.000000000,99868,167,99859,167,99903,167,99858,167,99925,167,99781,167,99944,167,99748,167,100075,167,99747,167,100088,100,99724,100,100102,100,99718,100,100117,100,99716,100,100130,100,99708,100,100131,200,99653,100
2019-06-28 10:02:42.370606744,99868,167,99859,267,99903,167,99858,167,99925,167,99781,167,99944,167,99748,167,100075,167,99747,167,100088,100,99724,100,100102,100,99718,100,100117,100,99716,100,100130,100,99708,100,100131,200,99653,100
2019-06-28 10:02:47.312588161,99868,67,99859,267,99903,167,99858,167,99925,167,99781,167,99944,167,99748,167,100075,167,99747,167,100088,100,99724,100,100102,100,99718,100,100117,100,99716,100,100130,100,99708,100,100131,200,99653,100
2019-06-28 10:02:50.000000000,99903,184,99859,284,99925,184,99858,184,99944,184,99781,184,100075,184,99748,184,100088,100,99747,100,100102,100,99724,100,100117,100,99718,100,100130,100,99716,100,100131,200,99708,100,100211,100,99653,100
2019-06-28 10:02:51.183888275,99903,84,99859,284,99925,184,99858,184,99944,184,99781,184,100075,184,99748,184,100102,100,99747,100,100117,100,99724,100,100130,100,99718,100,100131,200,99716,100,100211,100,99708,100,100226,100,99653,100
2019-06-28 10:02:56.121265155,99903,84,99859,284,99925,184,99858,184,99944,184,99781,184,100075,184,99748,184,100079,100,99747,100,100102,100,99724,100,100117,100,99718,100,100130,100,99716,100,100131,200,99708,100,100211,100,99653,100
2019-06-28 10:03:00.000000000,99925,214,99859,314,99944,210,99858,210,100075,210,99781,210,100079,100,99748,100,100102,100,99747,100,100117,100,99724,100,100130,100,99718,100,100131,200,99716,100,100211,100,99708,100,100226,100,99653,100
2019-06-28 10:03:10.000000000,99925,434,99859,534,99944,100,99858,100,100075,100,99781,100,100079,100,99748,100,100102,100,99747,100,100117,100,99724,100,100130,100,99718,100,100131,200,99716,100,100211,100,99708,100,100226,100,99653,100
2019-06-28 10:03:16.404241652,99925,434,99868,100,99944,100,99859,534,100075,100,99858,100,100079,100,99781,100,100102,100,99748,100,100117,100,99747,100,100130,100,99724,100,100131,200,99718,100,100211,100,99716,100,100226,100,99708,100
2019-06-28 10:03:20.000000000,99925,167,99868,167,99944,167,99859,267,100075,167,99858,167,100079,167,99781,167,100102,167,99748,167,100117,100,99747,100,100130,100,99724,100,100131,200,99718,100,100211,100,99716,100,100226,100,99708,100
2019-06-28 10:03:25.539268557,99925,67,99868,167,99944,167,99859,267,100075,167,99858,167,100079,167,99781,167,100102,167,99748,167,100117,100,99747,100,100130,100,99724,100,100131,200,99718,100,100211,100,99716,100,100226,100,99708,100
2019-06-28 10:03:30.000000000,99944,167,99868,167,100075,167,99859,267,100079,167,99858,167,100102,167,99781,167,100117,167,99748,167,100130,100,99747,100,100131,200,99724,100,100211,100,99718,100,100226,100,99716,100,100251,100,99708,100
2019-06-28 10:03:40.000000000,99944,167,99868,167,100075,167,99859,267,100079,167,99858,167,100102,167,99781,167,100117,167,99748,167,100130,100,99747,100,100131,200,99724,100,100211,100,99718,100,100226,100,99716,100,100251,100,99708,100
2019-06-28 10:03:50.000000000,99944,214,99868,214,100075,210,99859,310,100079,210,99858,210,100102,100,99781,100,100117,100,99748,100,100130,100,99747,100,100131,200,99724,100,100211,100,99718,100,100226,100,99716,100,100251,100,99708,100
2019-06-28 10:03:56.787646804,99944,214,99903,100,100075,210,99868,214,100079,210,99859,310,100102,100,99858,210,100117,100,99781,100,100130,100,99748,100,100131,200,99747,100,100211,100,99724,100,100226,100,99718,100,100251,100,99716,100
2019-06-28 10:03:59.413310986,99944,114,99903,100,100075,210,99868,214,100079,210,99859,310,100102,100,99858,210,100117,100,99781,100,100130,100,99748,100,100131,200,99747,100,100211,100,99724,100,100226,100,99718,100,100251,100,99716,100
2019-06-28 10:04:00.000000000,100075,434,99903,434,100079,100,99868,100,100102,100,99859,200,100117,100,99858,100,100130,100,99781,100,100131,200,99748,100,100211,100,99747,100,100226,100,99724,100,100251,100,99718,100,100621,100,99716,100
2019-06-28 10:04:10.000000000,100075,167,99903,167,100079,167,99868,167,100102,167,99859,267,100117,167,99858,167,100130,167,99781,167,100131,200,99748,100,100211,100,99747,100,100226,100,99724,100,100251,100,99718,100,100621,100,99716,100
2019-06-28 10:04:18.667938943,100075,167,99903,167,100079,167,99868,167,100102,167,99859,267,100117,167,99858,167,100130,167,99781,167,100131,200,99748,100,100211,100,99747,100,100251,100,99724,100,100621,100,99718,100,100623,100,99716,100
2019-06-28 10:04:20.000000000,100075,184,99903,184,100079,184,99868,184,100102,184,99859,284,100117,184,99858,184,100130,100,99781,100,100131,200,99748,100,100211,100,99747,100,100251,100,99724,100,100621,100,99718,100,100623,100,99716,100
2019-06-28 10:04:29.824322720,100075,184,99903,184,100079,184,99868,184,100102,184,99859,284,100117,184,99858,184,100130,100,99781,100,100131,200,99748,100,100144,100,99747,100,100211,100,99724,100,100251,100,99718,100,100621,100,99716,100
2019-06-28 10:04:30.000000000,100075,434,99903,434,100079,100,99868,100,100102,100,99859,200,100117,100,99858,100,100130,100,99781,100,100131,200,99748,100,100144,100,99747,100,100211,100,99724,100,100251,100,99718,100,100621,100,99716,100
2019-06-28 10:04:30.932033287,100075,434,99903,434,100077,100,99868,100,100079,100,99859,200,100117,100,99858,100,100130,100,99781,100,100131,200,99748,100,100144,100,99747,100,100211,100,99724,100,100251,100,99718,100,100621,100,99716,100
2019-06-28 10:04:35.101458399,100075,434,99903,434,100077,100,99868,100,100079,100,99859,200,100117,100,99858,100,100130,100,99781,100,100131,200,99748,100,100144,100,99747,100,100194,100,99724,100,100211,100,99718,100,100251,100,99716,100
2019-06-28 10:04:36.322046769,100075,434,99925,100,100077,100,99903,434,100079,100,99868,100,100117,100,99859,200,100130,100,99858,100,100131,200,99781,100,100144,100,99747,100,100194,100,99724,100,100211,100,99718,100,100251,100,99716,100
2019-06-28 10:04:40.000000000,100075,167,99925,167,100077,167,99903,167,100079,167,99868,167,100117,167,99859,267,100130,167,99858,167,100131,200,99781,100,100144,100,99747,100,100194,100,99724,100,100211,100,99718,100,100251,100,99716,100
2019-06-28 10:04:42.453612775,100075,167,99925,167,100077,167,99903,167,100079,67,99874,100,100117,167,99868,167,100130,167,99859,267,100131,200,99858,167,100144,100,99781,100,100194,100,99747,100,100211,100,99724,100,100251,100,99718,100
2019-06-28 10:04:43.011246885,100075,167,100002,100,100077,167,99925,167,100079,67,99903,167,100117,167,99874,100,100130,167,99868,167,100131,200,99859,267,100144,100,99858,167,100194,100,99781,100,100211,100,99747,100,100251,100,99724,100
2019-06-28 10:04:50.000000000,100075,214,100002,214,100077,210,99925,210,100117,210,99903,210,100130,100,99874,100,100131,200,99868,100,100144,100,99859,200,100194,100,99858,100,100211,100,99781,100,100251,100,99747,100,100623,100,99724,100
2019-06-28 10:04:56.396004345,100075,214,100027,100,100077,210,100002,214,100117,210,99925,210,100130,100,99903,210,100131,200,99868,100,100144,100,99859,200,100194,100,99858,100,100211,100,99781,100,100251,100,99747,100,100623,100,99724,100
2019-06-28 10:05:00.000000000,100075,167,100027,167,100077,167,100002,167,100117,167,99925,167,100130,167,99903,167,100131,267,99868,167,100144,100,99859,200,100194,100,99858,100,100211,100,99781,100,100251,100,99747,100,100623,100,99724,100
2019-06-28 10:05:00.360929379,100075,167,100027,167,100077,167,100002,167,100117,167,99925,167,100130,167,99903,167,100131,267,99868,167,100144,100,99859,200,100194,100,99858,100,100211,100,99827,100,100251,100,99781,100,100623,100,99747,100
2019-06-28 10:05:05.669919095,100075,167,100027,167,100077,167,100002,167,100117,167,99925,167,100130,167,99923,100,100131,267,99903,167,100144,100,99868,167,100194,100,99859,200,100211,100,99858,100,100251,100,99827,100,100623,100,99781,100
2019-06-28 10:05:10.000000000,100075,267,100027,267,100077,267,100002,267,100117,100,99925,100,100130,100,99923,100,100131,200,99903,100,100144,100,99868,100,100194,100,99859,200,100211,100,99858,100,100251,100,99827,100,100623,100,99781,100
2019-06-28 10:05:12.050806869,100075,267,100027,167,100077,267,100002,267,100117,100,99925,100,100130,100,99923,100,100131,200,99903,100,100144,100,99868,100,100194,100,99859,200,100211,100,99858,100,100251,100,99827,100,100623,100,99781,100
2019-06-28 10:05:20.000000000,100075,214,100002,214,100077,210,99925,210,100117,210,99923,210,100130,100,99903,100,100131,200,99868,100,100144,100,99859,200,100194,100,99858,100,100211,100,99827,100,100251,100,99781,100,100623,100,99747,100
2019-06-28 10:05:29.251567723,100075,214,100002,114,100077,210,99925,210,100117,210,99923,210,100130,100,99903,100,100131,200,99868,100,100144,100,99859,200,100194,100,99858,100,100211,100,99827,100,100251,100,99781,100,100623,100,99747,100
2019-06-28 10:05:30.000000000,100075,184,99925,184,100077,184,99923,184,100117,184,99903,184,100130,184,99868,184,100131,200,99859,200,100144,100,99858,100,100194,100,99827,100,100211,100,99781,100,100251,100,99747,100,100623,100,99724,100
2019-06-28 10:05:40.000000000,100075,184,99925,184,100077,184,99923,184,100117,184,99903,184,100130,184,99868,184,100131,200,99859,200,100144,100,99858,100,100194,100,99827,100,100211,100,99781,100,100251,100,99747,100,100623,100,99724,100
2019-06-28 10:05:50.000000000,100075,434,99925,434,100077,100,99923,100,100117,100,99903,100,100130,100,99868,100,100131,200,99859,200,100144,100,99858,100,100194,100,99827,100,100211,100,99781,100,100251,100,99747,100,100623,100,99724,100
2019-06-28 10:05:53.073735455,100027,100,99925,434,100075,434,99923,100,100077,100,99903,100,100117,100,99868,100,100130,100,99859,200,100131,200,99858,100,100144,100,99827,100,100194,100,99781,100,100211,100,99747,100,100251,100,99724,100
2019-06-28 10:06:00.000000000,100027,184,99925,184,100075,184,99923,184,100077,184,99903,184,100117,184,99868,184,100130,100,99859,200,100131,200,99858,100,100144,100,99827,100,100194,100,99781,100,100211,100,99747,100,100251,100,99724,100
2019-06-28 10:06:04.459705643,100027,184,99925,184,100075,84,99923,184,100077,184,99903,184,100117,184,99868,184,100130,100,99859,200,100131,200,99858,100,100144,100,99855,100,100194,100,99827,100,100211,100,99781,100,100251,100,99747,100
2019-06-28 10:06:10.000000000,100027,434,99925,434,100077,100,99923,100,100117,100,99903,100,100130,100,99868,100,100131,200,99859,200,100144,100,99858,100,100194,100,99855,100,100211,100,99827,100,100251,100,99781,100,100623,100,99747,100
2019-06-28 10:06:17.100503873,100027,434,99925,334,100077,100,99923,100,100117,100,99903,100,100130,100,99868,100,100131,200,99859,200,100144,100,99858,100,100194,100,99855,100,100211,100,99827,100,100251,100,99781,100,100623,100,99747,100
2019-06-28 10:06:17.574630178,100027,434,99925,234,100077,100,99923,100,100117,100,99903,100,100130,100,99868,100,100131,200,99859,200,100144,100,99858,100,100194,100,99855,100,100211,100,99827,100,100251,100,99781,100,100623,100,99747,100
2019-06-28 10:06:19.113354819,100027,434,99925,234,100070,100,99923,100,100077,100,99903,100,100117,100,99868,100,100130,100,99859,200,100131,200,99858,100,100144,100,99855,100,100194,100,99827,100,100211,100,99781,100,100251,100,99747,100
2019-06-28 10:06:20.000000000,100027,434,99923,434,100070,100,99903,100,100077,100,99868,100,100117,100,99859,200,100130,100,99858,100,100131,200,99855,100,100144,100,99827,100,100194,100,99781,100,100211,100,99747,100,100251,100,99724,100
2019-06-28 10:06:30.000000000,100027,267,99923,267,100070,267,99903,267,100077,100,99868,100,100117,100,99859,200,100130,100,99858,100,100131,200,99855,100,100144,100,99827,100,100194,100,99781,100,100211,100,99747,100,100251,100,99724,100
2019-06-28 10:06:31.737041665,100027,267,99923,167,100070,267,99903,267,100077,100,99868,100,100117,100,99859,200,100130,100,99858,100,100131,200,99855,100,100144,100,99827,100,100194,100,99781,100,100211,100,99747,100,100251,100,99724,100
2019-06-28 10:06:40.000000000,100027,167,99903,167,100070,167,99868,167,100077,167,99859,267,100117,167,99858,167,100130,167,99855,167,100131,200,99827,100,100144,100,99781,100,100194,100,99747,100,100211,100,99724,100,100251,100,99718,100
2019-06-28 10:06:49.004466358,99925,100,99903,167,100027,167,99868,167,100070,167,99859,267,100077,167,99858,167,100117,167,99855,167,100130,167,99827,100,100131,200,99781,100,100144,100,99747,100,100194,100,99724,100,100211,100,99718,100
2019-06-28 10:06:50.000000000,99925,214,99903,214,100027,210,99868,210,100070,210,99859,310,100077,100,99858,100,100117,100,99855,100,100130,100,99827,100,100131,200,99781,100,100144,100,99747,100,100194,100,99724,100,100211,100,99718,100
2019-06-28 10:07:00.000000000,99925,167,99903,167,100027,167,99868,167,100070,167,99859,267,100077,167,99858,167,100117,167,99855,167,100130,100,99827,100,100131,200,99781,100,100144,100,99747,100,100194,100,99724,100,100211,100,99718,100
2019-06-28 10:07:10.000000000,99925,184,99903,184,100027,184,99868,184,100070,184,99859,284,100077,184,99858,184,100117,100,99855,100,100130,100,99827,100,100131,200,99781,100,100144,100,99747,100,100194,100,99724,100,100211,100,99718,100
2019-06-28 10:07:19.946624953,99925,184,99903,184,100027,184,99868,184,100070,184,99859,284,100077,184,99858,84,100117,100,99855,100,100130,100,99843,100,100131,200,99827,100,100144,100,99781,100,100194,100,99747,100,100211,100,99724,100
2019-06-28 10:07:20.000000000,99925,267,99903,267,100027,267,99868,267,100070,100,99859,200,100077,100,99855,100,100117,100,99843,100,100130,100,99827,100,100131,200,99781,100,100144,100,99747,100,100194,100,99724,100,100211,100,99718,100
2019-06-28 10:07:23.647704673,99925,267,99903,167,100027,267,99868,267,100070,100,99859,200,100077,100,99855,100,100117,100,99843,100,100130,100,99827,100,100131,200,99781,100,100144,100,99747,100,100194,100,99724,100,100211,100,99718,100
2019-06-28 10:07:30.000000000,99925,214,99868,214,100027,210,99859,310,100070,210,99855,210,100077,100,99843,100,100117,100,99827,100,100130,100,99781,100,100131,200,99747,100,100144,100,99724,100,100194,100,99718,100,100211,100,99716,100
2019-06-28 10:07:35.020274734,99925,214,99868,214,100012,100,99859,310,100027,210,99855,210,100070,210,99843,100,100077,100,99827,100,100117,100,99781,100,100130,100,99747,100,100131,200,99724,100,100144,100,99718,100,100194,100,99716,100
2019-06-28 10:07:40.000000000,99925,434,99868,434,100012,100,99859,200,100027,100,99855,100,100070,100,99843,100,100077,100,99827,100,100117,100,99781,100,100130,100,99747,100,100131,200,99724,100,100144,100,99718,100,100194,100,99716,100
2019-06-28 10:07:40.121031640,99925,434,99868,434,99950,100,99859,200,100012,100,99855,100,100027,100,99843,100,100070,100,99827,100,100077,100,99781,100,100117,100,99747,100,100130,100,99724,100,100131,200,99718,100,100144,100,99716,100
2019-06-28 10:07:50.000000000,99925,214,99868,214,99950,210,99859,310,100012,210,99855,210,100027,100,99843,100,100070,100,99827,100,100077,100,99781,100,100117,100,99747,100,100130,100,99724,100,100131,200,99718,100,100144,100,99716,100
