,ask_price_1,ask_size_1,bid_price_1,bid_size_1,ask_price_2,ask_size_2,bid_price_2,bid_size_2,ask_price_3,ask_size_3,bid_price_3,bid_size_3,ask_price_4,ask_size_4,bid_price_4,bid_size_4,ask_price_5,ask_size_5,bid_price_5,bid_size_5,ask_price_6,ask_size_6,bid_price_6,bid_size_6,ask_price_7,ask_size_7,bid_price_7,bid_size_7,ask_price_8,ask_size_8,bid_price_8,bid_size_8,ask_price_9,ask_size_9,bid_price_9,bid_size_9,ask_price_10,ask_size_10,bid_price_10,bid_size_10
2019-06-28 09:30:00.000000000,100013,100,,,,,,,,,,,,,,,,,,,,,,,,,,,,,,,,,,,,,,
2019-06-28 09:30:00.000000001,99980,100,,,100013,100,,,,,,,,,,,,,,,,,,,,,,,,,,,,,,,,,,
2019-06-28 09:30:00.000000003,99980,100,99901,100,100013,100,99899,100,,,,,,,,,,,,,,,,,,,,,,,,,,,,,,,,
2019-06-28 09:30:00.000000004,99980,100,99901,100,100013,100,99899,100,100020,100,,,,,,,,,,,,,,,,,,,,,,,,,,,,,,
2019-06-28 09:30:00.000000005,99980,100,99938,100,100013,100,99901,100,100020,100,99899,100,,,,,,,,,,,,,,,,,,,,,,,,,,,,
2019-06-28 09:30:00.000000007,100013,100,99938,100,100020,100,99901,100,,,99899,100,,,,,,,,,,,,,,,,,,,,,,,,,,,,
2019-06-28 09:30:00.000000008,100013,100,99969,100,100020,100,99938,100,,,99901,100,,,99899,100,,,,,,,,,,,,,,,,,,,,,,,,
2019-06-28 09:30:00.000000009,100013,100,99969,100,100020,100,99938,100,100189,100,99901,100,,,99899,100,,,,,,,,,,,,,,,,,,,,,,,,
2019-06-28 09:30:00.000000010,100013,100,99969,100,100016,100,99938,100,100020,100,99901,100,100189,100,99899,100,,,,,,,,,,,,,,,,,,,,,,,,
2019-06-28 09:30:00.000000011,100013,100,99969,100,100016,100,99938,100,100020,100,99901,100,100189,100,99899,100,,,99878,100,,,,,,,,,,,,,,,,,,,,
2019-06-28 09:30:00.000000015,100013,100,99969,100,100016,100,99938,100,100020,100,99901,100,100189,100,99899,100,100196,100,99878,100,,,,,,,,,,,,,,,,,,,,
2019-06-28 09:30:00.000000017,100013,100,99938,100,100016,100,99901,100,100020,100,99899,100,100065,100,99878,100,100189,100,,,100196,100,,,,,,,,,,,,,,,,,,
2019-06-28 09:30:00.000000018,100013,100,99938,100,100016,100,99901,100,100020,100,99899,100,100065,100,99878,100,100189,100,99830,100,100196,100,,,,,,,,,,,,,,,,,,
2019-06-28 09:30:00.000000020,100013,100,99938,100,100016,100,99901,100,100020,100,99899,100,100065,100,99878,100,100189,100,99847,100,100196,100,99830,100,,,,,,,,,,,,,,,,
2019-06-28 09:30:00.000000022,100013,100,99938,100,100016,100,99901,100,100020,100,99899,100,100065,100,99878,100,100129,100,99847,100,100189,100,99830,100,100196,100,,,,,,,,,,,,,,
2019-06-28 09:30:00.000000028,100013,100,99938,100,100016,100,99912,100,100020,100,99901,100,100065,100,99899,100,100129,100,99878,100,100189,100,99847,100,100196,100,99830,100,,,,,,,,,,,,
2019-06-28 09:30:00.000000030,100013,100,99941,100,100016,100,99938,100,100020,100,99912,100,100065,100,99901,100,100129,100,99899,100,100189,100,99878,100,100196,100,99847,100,,,99830,100,,,,,,,,
2019-06-28 09:30:00.000000031,99998,100,99941,100,100013,100,99938,100,100016,100,99924,100,100020,100,99912,100,100065,100,99901,100,100129,100,99899,100,100189,100,99878,100,100196,100,99847,100,,,99830,100,,,,
2019-06-28 09:30:00.000000033,99944,100,99941,100,99998,100,99938,100,100013,100,99924,100,100016,100,99912,100,100020,100,99901,100,100022,100,99899,100,100065,100,99878,100,100129,100,99847,100,100189,100,99830,100,100196,100,,
2019-06-28 09:30:00.000000036,99998,100,99941,100,100013,100,99938,100,100016,100,99924,100,100020,100,99912,100,100022,100,99901,100,100065,100,99899,100,100129,100,99878,100,100189,100,99847,100,100196,100,99830,100,,,,
2019-06-28 09:30:00.000000037,99998,100,99941,100,100013,100,99938,100,100016,100,99924,100,100020,100,99912,100,100022,100,99901,100,100065,100,99899,100,100098,100,99878,100,100129,100,99847,100,100189,100,99830,100,100196,100,,
2019-06-28 09:30:00.000000042,99998,100,99941,100,100013,100,99938,100,100016,100,99924,100,100020,100,99912,100,100022,100,99901,100,100065,100,99899,100,100088,100,99878,100,100098,100,99847,100,100129,100,99830,100,100189,100,,
2019-06-28 09:30:00.000000043,100013,100,99941,100,100016,100,99938,100,100020,100,99924,100,100022,100,99912,100,100065,100,99901,100,100088,100,99899,100,100098,100,99878,100,100129,100,99847,100,100189,100,99830,100,100196,100,,
2019-06-28 09:30:00.000000047,100006,100,99941,100,100013,100,99938,100,100016,100,99924,100,100020,100,99912,100,100022,100,99901,100,100065,100,99899,100,100088,100,99878,100,100098,100,99847,100,100129,100,99830,100,100189,100,,
2019-06-28 09:30:00.000000048,100006,100,99944,100,100013,100,99941,100,100016,100,99938,100,100020,100,99924,100,100022,100,99912,100,100065,100,99903,100,100088,100,99901,100,100098,100,99899,100,100129,100,99878,100,100189,100,99847,100
2019-06-28 09:30:00.000000051,100006,100,99954,100,100013,100,99944,100,100016,100,99941,100,100020,100,99938,100,100022,100,99924,100,100065,100,99912,100,100088,100,99903,100,100098,100,99901,100,100129,100,99899,100,100189,100,99878,100
2019-06-28 09:30:00.000000052,100013,100,99954,100,100016,100,99944,100,100020,100,99941,100,100022,100,99938,100,100065,100,99924,100,100088,100,99912,100,100098,100,99903,100,100129,100,99901,100,100189,100,99899,100,100196,100,99878,100
2019-06-28 09:30:00.000000058,100013,100,99987,100,100016,100,99954,100,100020,100,99944,100,100022,100,99941,100,100065,100,99938,100,100088,100,99924,100,100098,100,99912,100,100129,100,99903,100,100189,100,99901,100,100196,100,99899,100
2019-06-28 09:30:00.000000060,100013,100,99987,100,100016,100,99954,100,100020,100,99944,100,100022,100,99941,100,100064,100,99938,100,100065,100,99924,100,100088,100,99918,100,100098,100,99912,100,100129,100,99903,100,100189,100,99901,100
2019-06-28 09:30:00.000000064,100013,100,99987,100,100016,100,99954,100,100020,100,99944,100,100022,100,99941,100,100064,100,99938,100,100065,100,99924,100,100088,100,99918,100,100098,100,99912,100,100129,100,99903,100,100189,100,99901,100
2019-06-28 09:30:00.000000066,100013,100,99987,100,100016,100,99954,100,100020,100,99944,100,100022,100,99941,100,100064,100,99938,100,100065,100,99924,100,100088,100,99918,100,100098,100,99912,100,100129,100,99903,100,100189,100,99901,100
2019-06-28 09:30:00.000000067,100013,100,99987,100,100016,100,99958,100,100020,100,99954,100,100022,100,99944,100,100064,100,99941,100,100065,100,99938,100,100088,100,99924,100,100098,100,99918,100,100129,100,99912,100,100189,100,99903,100
2019-06-28 09:30:00.000000068,100006,100,99998,100,100013,100,99987,100,100016,100,99958,100,100020,100,99954,100,100022,100,99944,100,100064,100,99941,100,100065,100,99938,100,100088,100,99924,100,100098,100,99918,100,100129,100,99912,100
2019-06-28 09:30:00.000000071,100006,100,99998,100,100013,100,99987,100,100016,100,99958,100,100020,100,99954,100,100022,100,99944,100,100064,100,99941,100,100065,100,99938,100,100088,100,99924,100,100098,100,99918,100,100129,100,99912,100
2019-06-28 09:30:00.000000073,100006,200,99998,100,100013,100,99987,100,100016,100,99958,100,100020,100,99954,100,100022,100,99944,100,100064,100,99941,100,100065,100,99938,100,100088,100,99924,100,100098,100,99918,100,100129,100,99912,100
2019-06-28 09:30:00.000000075,100006,200,99998,100,100013,100,99987,100,100016,100,99958,100,100020,100,99954,100,100022,100,99944,100,100064,100,99941,100,100065,100,99938,100,100088,100,99924,100,100098,100,99918,100,100102,100,99912,100
2019-06-28 09:30:00.000000078,100006,200,99998,100,100013,100,99987,100,100016,100,99958,100,100020,100,99954,100,100022,100,99944,200,100064,100,99941,100,100065,100,99938,100,100088,100,99924,100,100098,100,99918,100,100102,100,99912,100
2019-06-28 09:30:00.000000079,100006,200,99998,200,100013,100,99987,100,100016,100,99958,100,100020,100,99954,100,100022,100,99944,200,100064,100,99941,100,100065,100,99938,100,100088,100,99924,100,100098,100,99918,100,100102,100,99912,100
2019-06-28 09:30:00.000000084,100006,200,99998,200,100013,100,99987,100,100016,100,99958,100,100020,100,99957,100,100022,100,99954,100,100064,100,99944,200,100065,100,99941,100,100088,100,99938,100,100098,100,99924,100,100102,100,99918,100
2019-06-28 09:30:00.000000088,100006,200,99998,200,100013,100,99987,100,100016,100,99958,100,100020,100,99957,100,100022,100,99954,100,100064,100,99944,200,100065,100,99941,100,100088,100,99938,100,100098,100,99924,100,100102,100,99921,100
2019-06-28 09:30:00.000000090,100006,200,99998,200,100013,100,99987,100,100016,100,99958,100,100020,100,99957,100,100022,100,99954,100,100064,100,99944,200,100065,100,99941,100,100088,100,99938,100,100098,100,99924,100,100100,100,99921,100
2019-06-28 09:30:00.000000091,100006,200,99998,200,100013,100,99987,100,100016,100,99958,100,100020,100,99957,100,100022,100,99954,100,100064,100,99944,200,100065,100,99941,100,100088,100,99938,100,100098,100,99924,100,100100,100,99921,100
2019-06-28 09:30:00.000000094,100006,200,99998,200,100013,100,99987,100,100016,100,99958,100,100020,100,99957,100,100022,100,99954,100,100058,100,99944,200,100064,100,99941,100,100065,100,99938,100,100088,100,99924,100,100098,100,99921,100
2019-06-28 09:30:00.000000097,100005,100,99998,200,100006,200,99987,100,100013,100,99958,100,100016,100,99957,100,100020,100,99954,100,100022,100,99944,200,100058,100,99941,100,100064,100,99938,100,100065,100,99924,100,100088,100,99921,100
2019-06-28 09:30:00.000000099,100005,100,99998,200,100006,200,99987,100,100013,100,99958,100,100016,100,99957,100,100020,100,99954,100,100022,100,99944,200,100058,100,99941,100,100064,100,99938,100,100065,200,99924,100,100088,100,99921,100
2019-06-28 09:30:10.000000000,100005,306,99998,406,100006,406,99987,306,100013,100,99958,100,100016,100,99957,100,100020,100,99954,100,100022,100,99944,200,100058,100,99941,100,100064,100,99938,100,100065,200,99924,100,100088,100,99921,100
2019-06-28 09:30:20.000000000,100005,306,99998,406,100006,406,99987,306,100013,100,99958,100,100016,100,99957,100,100020,100,99954,100,100022,100,99944,200,100058,100,99941,100,100064,100,99938,100,100065,200,99924,100,100088,100,99921,100
2019-06-28 09:30:23.987974916,100005,306,99998,306,100006,406,99987,306,100013,100,99958,100,100020,100,99957,100,100022,100,99954,100,100058,100,99944,200,100064,100,99941,100,100065,200,99938,100,100088,100,99924,100,100098,100,99921,100
2019-06-28 09:30:30.000000000,100005,182,99998,182,100006,282,99987,182,100013,182,99958,182,100020,182,99957,182,100022,182,99954,182,100058,100,99944,200,100064,100,99941,100,100065,200,99938,100,100088,100,99924,100,100098,100,99921,100
2019-06-28 09:30:40.000000000,100005,240,99998,240,100006,336,99987,236,100013,236,99958,236,100020,100,99957,100,100022,100,99954,100,100058,100,99944,200,100064,100,99941,100,100065,200,99938,100,100088,100,99924,100,100098,100,99921,100
2019-06-28 09:30:50.000000000,100005,240,99998,240,100006,336,99987,236,100013,236,99958,236,100020,100,99957,100,100022,100,99954,100,100058,100,99944,200,100064,100,99941,100,100065,200,99938,100,100088,100,99924,100,100098,100,99921,100
2019-06-28 09:31:00.000000000,100005,306,99998,306,100006,406,99987,306,100013,100,99958,100,100020,100,99957,100,100022,100,99954,100,100058,100,99944,200,100064,100,99941,100,100065,200,99938,100,100088,100,99924,100,100098,100,99921,100
2019-06-28 09:31:01.212622102,100005,306,99998,206,100006,406,99987,306,100013,100,99958,100,100020,100,99957,100,100022,100,99954,100,100058,100,99944,200,100064,100,99941,100,100065,200,99938,100,100088,100,99924,100,100100,100,99921,100
2019-06-28 09:31:10.000000000,100005,182,99987,182,100006,282,99958,182,100013,182,99957,182,100020,182,99954,182,100022,182,99944,282,100058,100,99941,100,100064,100,99938,100,100065,200,99924,100,100088,100,99921,100,100100,100,99918,100
2019-06-28 09:31:15.872157189,99998,100,99987,182,100005,182,99958,182,100006,282,99957,182,100013,182,99954,182,100020,182,99944,282,100022,182,99941,100,100058,100,99938,100,100064,100,99924,100,100065,200,99921,100,100088,100,99918,100
2019-06-28 09:31:20.000000000,99998,182,99987,182,100005,182,99958,182,100006,282,99957,182,100013,182,99954,182,100020,182,99944,282,100022,100,99941,100,100058,100,99938,100,100064,100,99924,100,100065,200,99921,100,100088,100,99918,100
2019-06-28 09:31:30.000000000,99998,182,99987,182,100005,182,99958,182,100006,282,99957,182,100013,182,99954,182,100020,182,99944,282,100022,100,99941,100,100058,100,99938,100,100064,100,99924,100,100065,200,99921,100,100088,100,99918,100
2019-06-28 09:31:38.637121209,99998,182,99987,182,100005,182,99958,182,100006,282,99957,182,100013,182,99954,182,100020,182,99944,282,100022,100,99941,100,100058,100,99938,100,100064,100,99924,100,100065,100,99921,100,100088,100,99918,100
2019-06-28 09:31:40.000000000,99998,306,99987,306,100005,306,99958,306,100006,200,99957,100,100013,100,99954,100,100020,100,99944,200,100022,100,99941,100,100058,100,99938,100,100064,100,99924,100,100065,100,99921,100,100088,100,99918,100
2019-06-28 09:31:50.000000000,99998,512,99987,512,100005,100,99958,100,100006,200,99957,100,100013,100,99954,100,100020,100,99944,200,100022,100,99941,100,100058,100,99938,100,100064,100,99924,100,100065,100,99921,100,100088,100,99918,100
2019-06-28 09:31:53.399626601,99998,512,99987,512,100005,100,99958,100,100006,200,99957,100,100013,100,99954,100,100020,100,99944,100,100022,100,99941,100,100058,100,99938,100,100064,100,99924,100,100065,100,99921,100,100088,100,99918,100
2019-06-28 09:31:56.538607832,99998,512,99987,412,100005,100,99958,100,100006,200,99957,100,100013,100,99954,100,100020,100,99944,100,100022,100,99941,100,100058,100,99938,100,100064,100,99924,100,100065,100,99921,100,100088,100,99918,100
2019-06-28 09:32:00.000000000,99998,512,99958,512,100005,100,99957,100,100006,200,99954,100,100013,100,99944,100,100020,100,99941,100,100022,100,99938,100,100058,100,99924,100,100064,100,99921,100,100065,100,99918,100,100088,100,99912,100
2019-06-28 09:32:10.000000000,99998,240,99958,240,100005,236,99957,236,100006,336,99954,236,100013,100,99944,100,100020,100,99941,100,100022,100,99938,100,100058,100,99924,100,100064,100,99921,100,100065,100,99918,100,100088,100,99912,100
2019-06-28 09:32:20.000000000,99998,182,99958,182,100005,182,99957,182,100006,282,99954,182,100013,182,99944,182,100020,182,99941,182,100022,100,99938,100,100058,100,99924,100,100064,100,99921,100,100065,100,99918,100,100088,100,99912,100
2019-06-28 09:32:30.000000000,99998,512,99958,512,100005,100,99957,100,100006,200,99954,100,100013,100,99944,100,100020,100,99941,100,100022,100,99938,100,100058,100,99924,100,100064,100,99921,100,100065,100,99918,100,100088,100,99912,100
2019-06-28 09:32:31.611857388,99998,512,99958,512,100005,100,99957,100,100006,200,99954,100,100013,100,99944,100,100020,100,99941,100,100022,100,99938,100,100058,100,99924,100,100064,100,99921,100,100065,100,99918,100,100088,100,99912,100
2019-06-28 09:32:35.620419606,99998,512,99958,512,100005,100,99957,100,100006,200,99954,100,100013,100,99944,100,100020,100,99941,100,100022,100,99938,100,100058,100,99924,100,100064,100,99921,100,100065,100,99918,100,100088,100,99912,100
2019-06-28 09:32:40.000000000,99998,182,99958,182,100005,182,99957,182,100006,282,99954,182,100013,182,99944,182,100020,182,99941,182,100022,100,99938,100,100058,100,99924,100,100064,100,99921,100,100065,100,99918,100,100088,100,99912,100
2019-06-28 09:32:50.000000000,99998,203,99958,203,100005,203,99957,203,100006,303,99954,203,100013,203,99944,203,100020,100,99941,100,100022,100,99938,100,100058,100,99924,100,100064,100,99921,100,100065,100,99918,100,100088,100,99912,100
2019-06-28 09:33:00.000000000,99998,182,99958,182,100005,182,99957,182,100006,282,99954,182,100013,182,99944,182,100020,182,99941,182,100022,100,99938,100,100058,100,99924,100,100064,100,99921,100,100065,100,99918,100,100088,100,99912,100
2019-06-28 09:33:10.000000000,99998,203,99958,203,100005,203,99957,203,100006,303,99954,203,100013,203,99944,203,100020,100,99941,100,100022,100,99938,100,100058,100,99924,100,100064,100,99921,100,100065,100,99918,100,100088,100,99912,100
2019-06-28 09:33:17.063598690,99998,203,99958,203,100005,203,99957,203,100006,303,99954,203,100013,203,99944,203,100020,100,99941,100,100022,100,99938,100,100058,100,99924,100,100064,100,99921,100,100065,100,99918,100,100088,100,99912,100
2019-06-28 09:33:20.000000000,99998,203,99958,203,100005,203,99957,203,100006,303,99954,203,100013,203,99944,203,100020,100,99941,100,100022,100,99938,100,100058,100,99924,100,100064,100,99921,100,100065,100,99918,100,100088,100,99912,100
2019-06-28 09:33:30.000000000,99998,203,99958,203,100005,203,99957,203,100006,303,99954,203,100013,203,99944,203,100020,100,99941,100,100022,100,99938,100,100058,100,99924,100,100064,100,99921,100,100065,100,99918,100,100088,100,99912,100
2019-06-28 09:33:39.384859693,99998,203,99958,203,100005,203,99957,203,100006,303,99954,203,100013,203,99944,203,100020,100,99941,100,100022,100,99938,100,100058,100,99924,100,100064,100,99921,100,100065,100,99918,100,100088,100,99912,100
2019-06-28 09:33:40.000000000,99998,512,99958,512,100005,100,99957,100,100006,200,99954,100,100013,100,99944,100,100020,100,99941,100,100022,100,99938,100,100058,100,99924,100,100064,100,99921,100,100065,100,99918,100,100088,100,99912,100
2019-06-28 09:33:50.000000000,99998,182,99958,182,100005,182,99957,182,100006,282,99954,182,100013,182,99944,182,100020,182,99941,182,100022,100,99938,100,100058,100,99924,100,100064,100,99921,100,100065,100,99918,100,100088,100,99912,100
2019-06-28 09:34:00.000000000,99998,306,99958,306,100005,306,99957,306,100006,200,99954,100,100013,100,99944,100,100020,100,99941,100,100022,100,99938,100,100058,100,99924,100,100064,100,99921,100,100065,100,99918,100,100088,100,99912,100
2019-06-28 09:34:10.000000000,99998,240,99958,240,100005,236,99957,236,100006,336,99954,236,100013,100,99944,100,100020,100,99941,100,100022,100,99938,100,100058,100,99924,100,100064,100,99921,100,100065,100,99918,100,100088,100,99912,100
2019-06-28 09:34:12.937533998,99998,240,99958,240,100005,236,99957,236,100006,336,99954,236,100013,100,99944,100,100022,100,99941,100,100058,100,99938,100,100064,100,99924,100,100065,100,99921,100,100088,100,99918,100,100100,100,99912,100
2019-06-28 09:34:20.000000000,99998,182,99958,182,100005,182,99957,182,100006,282,99954,182,100013,182,99944,182,100022,182,99941,182,100058,100,99938,100,100064,100,99924,100,100065,100,99921,100,100088,100,99918,100,100100,100,99912,100
2019-06-28 09:34:30.000000000,99998,182,99958,182,100005,182,99957,182,100006,282,99954,182,100013,182,99944,182,100022,182,99941,182,100058,100,99938,100,100064,100,99924,100,100065,100,99921,100,100088,100,99918,100,100100,100,99912,100
2019-06-28 09:34:40.000000000,99998,203,99958,203,100005,203,99957,203,100006,303,99954,203,100013,203,99944,203,100022,100,99941,100,100058,100,99938,100,100064,100,99924,100,100065,100,99921,100,100088,100,99918,100,100100,100,99912,100
2019-06-28 09:34:50.000000000,99998,203,99958,203,100005,203,99957,203,100006,303,99954,203,100013,203,99944,203,100022,100,99941,100,100058,100,99938,100,100064,100,99924,100,100065,100,99921,100,100088,100,99918,100,100100,100,99912,100
2019-06-28 09:35:00.000000000,99998,240,99958,240,100005,236,99957,236,100006,336,99954,236,100013,100,99944,100,100022,100,99941,100,100058,100,99938,100,100064,100,99924,100,100065,100,99921,100,100088,100,99918,100,100100,100,99912,100
2019-06-28 09:35:10.000000000,99998,240,99958,240,100005,236,99957,236,100006,336,99954,236,100013,100,99944,100,100022,100,99941,100,100058,100,99938,100,100064,100,99924,100,100065,100,99921,100,100088,100,99918,100,100100,100,99912,100
2019-06-28 09:35:20.000000000,99998,512,99958,512,100005,100,99957,100,100006,200,99954,100,100013,100,99944,100,100022,100,99941,100,100058,100,99938,100,100064,100,99924,100,100065,100,99921,100,100088,100,99918,100,100100,100,99912,100
2019-06-28 09:35:24.640049005,99998,512,99958,412,100005,100,99957,100,100006,200,99944,100,100013,100,99941,100,100022,100,99938,100,100058,100,99924,100,100064,100,99921,100,100065,100,99918,100,100088,100,99912,100,100100,100,99903,100
2019-06-28 09:35:30.000000000,99998,203,99957,203,100005,203,99944,203,100006,303,99941,203,100013,203,99938,203,100022,100,99924,100,100058,100,99921,100,100064,100,99918,100,100065,100,99912,100,100088,100,99903,100,100100,100,99901,100
2019-06-28 09:35:33.267566560,99998,203,99957,103,100005,203,99944,203,100006,303,99941,203,100013,203,99938,203,100022,100,99924,100,100058,100,99921,100,100064,100,99918,100,100065,100,99912,100,100088,100,99903,100,100100,100,99901,100
2019-06-28 09:35:34.031652041,99998,203,99957,103,100005,203,99944,203,100006,303,99941,203,100013,203,99938,203,100022,100,99924,100,100058,100,99921,100,100064,100,99918,100,100065,100,99912,100,100088,100,99903,100,100100,100,99901,100
2019-06-28 09:35:40.000000000,99998,182,99944,182,100005,182,99941,182,100006,282,99938,182,100013,182,99924,182,100022,182,99921,182,100058,100,99918,100,100064,100,99912,100,100065,100,99903,100,100088,100,99901,100,100100,100,99896,100
2019-06-28 09:35:43.470862681,99998,182,99944,82,100005,182,99941,182,100006,282,99938,182,100013,182,99924,182,100022,182,99921,182,100058,100,99918,100,100064,100,99912,100,100065,100,99903,100,100088,100,99901,100,100100,100,99896,100
2019-06-28 09:35:50.000000000,99998,240,99941,240,100005,236,99938,236,100006,336,99924,236,100013,100,99921,100,100022,100,99918,100,100058,100,99912,100,100064,100,99903,100,100065,100,99901,100,100088,100,99896,100,100100,100,99878,100
2019-06-28 09:35:57.017098898,99957,100,99941,240,99998,240,99938,236,100005,236,99924,236,100006,336,99921,100,100013,100,99918,100,100022,100,99912,100,100058,100,99903,100,100064,100,99896,100,100065,100,99878,100,100088,100,99867,100
2019-06-28 09:36:00.000000000,99957,306,99941,306,99998,306,99938,306,100005,100,99924,100,100006,200,99921,100,100013,100,99918,100,100022,100,99912,100,100058,100,99903,100,100064,100,99896,100,100065,100,99878,100,100088,100,99867,100
2019-06-28 09:36:08.326479983,99957,306,99941,306,99998,306,99938,306,100005,100,99924,100,100006,100,99921,100,100013,100,99918,100,100022,100,99912,100,100058,100,99903,100,100064,100,99896,100,100065,100,99878,100,100088,100,99867,100
2019-06-28 09:36:10.000000000,99957,182,99941,182,99998,182,99938,182,100005,182,99924,182,100006,182,99921,182,100013,182,99918,182,100022,100,99912,100,100058,100,99903,100,100064,100,99896,100,100065,100,99878,100,100088,100,99867,100
2019-06-28 09:36:11.975001245,99957,182,99941,182,99998,82,99938,182,100005,182,99924,182,100006,182,99921,182,100013,182,99918,182,100022,100,99912,100,100058,100,99903,100,100064,100,99896,100,100065,100,99878,100,100088,100,99867,100
2019-06-28 09:36:20.000000000,99957,182,99941,182,100005,182,99938,182,100006,182,99924,182,100013,182,99921,182,100022,182,99918,182,100058,100,99912,100,100064,100,99903,100,100065,100,99896,100,100088,100,99878,100,100100,100,99867,100
2019-06-28 09:36:26.797497450,99957,282,99941,182,100005,82,99938,182,100006,182,99924,182,100013,182,99921,182,100022,182,99918,182,100058,100,99912,100,100064,100,99903,100,100065,100,99896,100,100088,100,99878,100,100100,100,99867,100
2019-06-28 09:36:30.000000000,99957,303,99941,203,100006,203,99938,203,100013,203,99924,203,100022,203,99921,203,100058,100,99918,100,100064,100,99912,100,100065,100,99903,100,100088,100,99896,100,100100,100,99878,100,100134,100,99867,100
2019-06-28 09:36:40.000000000,99957,612,99941,512,100006,100,99938,100,100013,100,99924,100,100022,100,99921,100,100058,100,99918,100,100064,100,99912,100,100065,100,99903,100,100088,100,99896,100,100100,100,99878,100,100134,100,99867,100
2019-06-28 09:36:50.000000000,99957,406,99941,306,100006,306,99938,306,100013,100,99924,100,100022,100,99921,100,100058,100,99918,100,100064,100,99912,100,100065,100,99903,100,100088,100,99896,100,100100,100,99878,100,100134,100,99867,100
2019-06-28 09:36:52.331797950,99957,406,99941,206,100006,306,99938,306,100013,100,99924,100,100022,100,99921,100,100058,100,99918,100,100064,100,99912,100,100065,100,99903,100,100088,100,99896,100,100100,100,99878,100,100134,100,99867,100
2019-06-28 09:36:58.457539036,99944,100,99941,206,99957,406,99938,306,100006,306,99924,100,100013,100,99921,100,100022,100,99918,100,100058,100,99912,100,100064,100,99903,100,100065,100,99896,100,100088,100,99878,100,100100,100,99867,100
2019-06-28 09:37:00.000000000,99944,203,99938,203,99957,303,99924,203,100006,203,99921,203,100013,203,99918,203,100022,100,99912,100,100058,100,99903,100,100064,100,99896,100,100065,100,99878,100,100088,100,99867,100,100100,100,99847,100
2019-06-28 09:37:10.000000000,99944,240,99938,240,99957,336,99924,236,100006,236,99921,236,100013,100,99918,100,100022,100,99912,100,100058,100,99903,100,100064,100,99896,100,100065,100,99878,100,100088,100,99867,100,100100,100,99847,100
2019-06-28 09:37:16.873564195,99944,140,99938,240,99957,336,99924,236,100006,236,99921,236,100013,100,99918,100,100022,100,99903,100,100058,100,99896,100,100064,100,99878,100,100065,100,99867,100,100088,100,99847,100,100100,100,99842,100
2019-06-28 09:37:20.000000000,99957,340,99938,240,100006,236,99924,236,100013,236,99921,236,100022,100,99918,100,100058,100,99903,100,100064,100,99896,100,100065,100,99878,100,100088,100,99867,100,100100,100,99847,100,100134,100,99842,100
2019-06-28 09:37:21.888513498,99957,340,99942,100,100006,236,99938,240,100013,236,99924,236,100022,100,99921,236,100058,100,99918,100,100064,100,99903,100,100065,100,99896,100,100088,100,99878,100,100100,100,99867,100,100134,100,99847,100
2019-06-28 09:37:23.924123027,99957,340,99942,100,100006,236,99938,240,100013,236,99924,236,100022,100,99921,236,100058,100,99918,100,100064,100,99903,100,100065,100,99896,100,100078,100,99878,100,100088,100,99867,100,100100,100,99847,100
2019-06-28 09:37:25.889923236,99957,340,99938,240,100006,236,99924,236,100013,236,99921,236,100022,100,99918,100,100058,100,99903,100,100064,100,99896,100,100065,100,99878,100,100078,100,99867,100,100088,100,99847,100,100100,100,99842,100
2019-06-28 09:37:30.000000000,99957,303,99938,203,100006,203,99924,203,100013,203,99921,203,100022,203,99918,203,100058,100,99903,100,100064,100,99896,100,100065,100,99878,100,100078,100,99867,100,100088,100,99847,100,100100,100,99842,100
2019-06-28 09:37:30.690741448,99957,303,99938,203,100006,203,99924,203,100013,203,99921,203,100022,203,99918,203,100058,100,99903,100,100064,100,99878,100,100065,100,99867,100,100078,100,99847,100,100088,100,99842,100,100100,100,99835,100
2019-06-28 09:37:38.515770174,99957,303,99938,203,100006,203,99924,203,100013,203,99921,203,100022,203,99918,203,100058,100,99878,100,100064,100,99867,100,100065,100,99847,100,100078,100,99842,100,100088,100,99835,100,100100,100,99831,100
2019-06-28 09:37:40.000000000,99957,303,99938,203,100006,203,99924,203,100013,203,99921,203,100022,203,99918,203,100058,100,99878,100,100064,100,99867,100,100065,100,99847,100,100078,100,99842,100,100088,100,99835,100,100100,100,99831,100
2019-06-28 09:37:48.003812950,99957,303,99938,203,100006,203,99924,203,100013,203,99921,203,100022,203,99918,203,100057,100,99878,100,100058,100,99867,100,100064,100,99847,100,100078,100,99842,100,100088,100,99835,100,100100,100,99831,100
2019-06-28 09:37:50.000000000,99957,612,99938,512,100006,100,99924,100,100013,100,99921,100,100022,100,99918,100,100057,100,99878,100,100058,100,99867,100,100064,100,99847,100,100078,100,99842,100,100088,100,99835,100,100100,100,99831,100
2019-06-28 09:37:52.270182267,99957,612,99938,512,100006,100,99924,100,100022,100,99921,100,100057,100,99918,100,100058,100,99878,100,100064,100,99867,100,100078,100,99847,100,100088,100,99842,100,100100,100,99835,100,100134,100,99831,100
2019-06-28 09:38:00.000000000,99957,282,99938,182,100006,182,99924,182,100022,182,99921,182,100057,182,99918,182,100058,182,99878,182,100064,100,99867,100,100078,100,99847,100,100088,100,99842,100,100100,100,99835,100,100134,100,99831,100
2019-06-28 09:38:07.086697014,99943,100,99938,182,99957,282,99924,182,100006,182,99921,182,100022,182,99918,182,100057,182,99878,182,100058,182,99867,100,100064,100,99847,100,100078,100,99842,100,100088,100,99835,100,100100,100,99831,100
2019-06-28 09:38:07.326187280,99943,200,99938,182,99957,282,99924,182,100006,182,99921,182,100022,182,99918,182,100057,182,99878,182,100058,182,99867,100,100064,100,99847,100,100078,100,99842,100,100088,100,99835,100,100100,100,99831,100
2019-06-28 09:38:10.000000000,99943,303,99938,203,99957,303,99924,203,100006,203,99921,203,100022,203,99918,203,100057,100,99878,100,100058,100,99867,100,100064,100,99847,100,100078,100,99842,100,100088,100,99835,100,100100,100,99831,100
2019-06-28 09:38:17.767551514,99943,303,99938,103,99957,303,99924,203,100006,203,99921,203,100022,203,99918,203,100057,100,99878,100,100058,100,99867,100,100064,100,99847,100,100088,100,99842,100,100100,100,99835,100,100134,100,99831,100
2019-06-28 09:38:17.895409074,99943,303,99938,103,99957,303,99924,203,100006,203,99921,203,100022,203,99918,103,100057,100,99878,100,100058,100,99867,100,100064,100,99847,100,100088,100,99842,100,100100,100,99835,100,100134,100,99831,100
2019-06-28 09:38:20.000000000,99943,303,99924,203,99957,303,99921,203,100006,203,99878,203,100022,203,99867,203,100057,100,99847,100,100058,100,99842,100,100064,100,99835,100,100088,100,99831,100,100100,100,99830,100,100134,100,99774,100
2019-06-28 09:38:30.000000000,99943,340,99924,240,99957,336,99921,236,100006,236,99878,236,100022,100,99867,100,100057,100,99847,100,100058,100,99842,100,100064,100,99835,100,100088,100,99831,100,100100,100,99830,100,100134,100,99774,100
2019-06-28 09:38:40.000000000,99943,340,99924,240,99957,336,99921,236,100006,236,99878,236,100022,100,99867,100,100057,100,99847,100,100058,100,99842,100,100064,100,99835,100,100088,100,99831,100,100100,100,99830,100,100134,100,99774,100
2019-06-28 09:38:50.000000000,99943,406,99924,306,99957,406,99921,306,100006,100,99878,100,100022,100,99867,100,100057,100,99847,100,100058,100,99842,100,100064,100,99835,100,100088,100,99831,100,100100,100,99830,100,100134,100,99774,100
2019-06-28 09:39:00.000000000,99943,340,99924,240,99957,336,99921,236,100006,236,99878,236,100022,100,99867,100,100057,100,99847,100,100058,100,99842,100,100064,100,99835,100,100088,100,99831,100,100100,100,99830,100,100134,100,99774,100
2019-06-28 09:39:10.000000000,99943,340,99924,240,99957,336,99921,236,100006,236,99878,236,100022,100,99867,100,100057,100,99847,100,100058,100,99842,100,100064,100,99835,100,100088,100,99831,100,100100,100,99830,100,100134,100,99774,100
2019-06-28 09:39:20.000000000,99943,612,99924,512,99957,200,99921,100,100006,100,99878,100,100022,100,99867,100,100057,100,99847,100,100058,100,99842,100,100064,100,99835,100,100088,100,99831,100,100100,100,99830,100,100134,100,99774,100
2019-06-28 09:39:30.000000000,99943,612,99924,512,99957,200,99921,100,100006,100,99878,100,100022,100,99867,100,100057,100,99847,100,100058,100,99842,100,100064,100,99835,100,100088,100,99831,100,100100,100,99830,100,100134,100,99774,100
2019-06-28 09:39:40.000000000,99943,406,99924,306,99957,406,99921,306,100006,100,99878,100,100022,100,99867,100,100057,100,99847,100,100058,100,99842,100,100064,100,99835,100,100088,100,99831,100,100100,100,99830,100,100134,100,99774,100
2019-06-28 09:39:50.000000000,99943,612,99924,512,99957,200,99921,100,100006,100,99878,100,100022,100,99867,100,100057,100,99847,100,100058,100,99842,100,100064,100,99835,100,100088,100,99831,100,100100,100,99830,100,100134,100,99774,100
2019-06-28 09:40:00.000000000,99943,340,99924,240,99957,336,99921,236,100006,236,99878,236,100022,100,99867,100,100057,100,99847,100,100058,100,99842,100,100064,100,99835,100,100088,100,99831,100,100100,100,99830,100,100134,100,99774,100
2019-06-28 09:40:10.000000000,99943,406,99924,306,99957,406,99921,306,100006,100,99878,100,100022,100,99867,100,100057,100,99847,100,100058,100,99842,100,100064,100,99835,100,100088,100,99831,100,100100,100,99830,100,100134,100,99774,100
2019-06-28 09:40:12.058802214,99943,406,99939,100,99957,406,99924,306,100006,100,99921,306,100022,100,99878,100,100057,100,99867,100,100058,100,99847,100,100064,100,99842,100,100088,100,99835,100,100100,100,99831,100,100134,100,99830,100
2019-06-28 09:40:13.834705134,99943,306,99939,100,99957,406,99924,306,100006,100,99921,306,100022,100,99878,100,100057,100,99867,100,100058,100,99847,100,100064,100,99842,100,100088,100,99835,100,100100,100,99831,100,100134,100,99830,100
2019-06-28 09:40:20.000000000,99943,512,99939,512,99957,200,99924,100,100006,100,99921,100,100022,100,99878,100,100057,100,99867,100,100058,100,99847,100,100064,100,99842,100,100088,100,99835,100,100100,100,99831,100,100134,100,99830,100
2019-06-28 09:40:30.000000000,99943,306,99939,306,99957,406,99924,306,100006,100,99921,100,100022,100,99878,100,100057,100,99867,100,100058,100,99847,100,100064,100,99842,100,100088,100,99835,100,100100,100,99831,100,100134,100,99830,100
2019-06-28 09:40:40.000000000,99943,203,99939,203,99957,303,99924,203,100006,203,99921,203,100022,203,99878,203,100057,100,99867,100,100058,100,99847,100,100064,100,99842,100,100088,100,99835,100,100100,100,99831,100,100134,100,99830,100
2019-06-28 09:40:50.000000000,99943,240,99939,240,99957,336,99924,236,100006,236,99921,236,100022,100,99878,100,100057,100,99867,100,100058,100,99847,100,100064,100,99842,100,100088,100,99835,100,100100,100,99831,100,100134,100,99830,100
2019-06-28 09:41:00.000000000,99943,512,99939,512,99957,200,99924,100,100006,100,99921,100,100022,100,99878,100,100057,100,99867,100,100058,100,99847,100,100064,100,99842,100,100088,100,99835,100,100100,100,99831,100,100134,100,99830,100
2019-06-28 09:41:10.000000000,99943,182,99939,182,99957,282,99924,182,100006,182,99921,182,100022,182,99878,182,100057,182,99867,182,100058,100,99847,100,100064,100,99842,100,100088,100,99835,100,100100,100,99831,100,100134,100,99830,100
2019-06-28 09:41:20.000000000,99943,240,99939,240,99957,336,99924,236,100006,236,99921,236,100022,100,99878,100,100057,100,99867,100,100058,100,99847,100,100064,100,99842,100,100088,100,99835,100,100100,100,99831,100,100134,100,99830,100
2019-06-28 09:41:22.954482258,99943,140,99939,240,99957,336,99924,236,100006,236,99921,236,100022,100,99878,100,100057,100,99867,100,100058,100,99847,100,100064,100,99842,100,100088,100,99835,100,100100,100,99831,100,100134,100,99830,100
2019-06-28 09:41:30.000000000,99957,406,99939,306,100006,306,99924,306,100022,100,99921,100,100057,100,99878,100,100058,100,99867,100,100064,100,99847,100,100088,100,99842,100,100100,100,99835,100,100134,100,99831,100,100150,100,99830,100
2019-06-28 09:41:36.983546778,99957,406,99939,206,100006,306,99924,306,100022,100,99921,100,100057,100,99878,100,100058,100,99867,100,100064,100,99847,100,100088,100,99842,100,100100,100,99835,100,100134,100,99831,100,100150,100,99830,100
2019-06-28 09:41:40.000000000,99957,282,99924,182,100006,182,99921,182,100022,182,99878,182,100057,182,99867,182,100058,182,99847,182,100064,100,99842,100,100088,100,99835,100,100100,100,99831,100,100134,100,99830,100,100150,100,99774,100
2019-06-28 09:41:49.025165172,99957,182,99924,182,100006,182,99921,182,100022,182,99878,182,100057,182,99867,182,100058,182,99847,182,100064,100,99842,100,100088,100,99835,100,100100,100,99830,100,100134,100,99774,100,100150,100,99679,100
2019-06-28 09:41:50.000000000,99957,240,99924,240,100006,236,99921,236,100022,236,99878,236,100057,100,99867,100,100058,100,99847,100,100064,100,99842,100,100088,100,99835,100,100100,100,99830,100,100134,100,99774,100,100150,100,99679,100
2019-06-28 09:42:00.000000000,99957,512,99924,512,100006,100,99921,100,100022,100,99878,100,100057,100,99867,100,100058,100,99847,100,100064,100,99842,100,100088,100,99835,100,100100,100,99830,100,100134,100,99774,100,100150,100,99679,100
2019-06-28 09:42:10.000000000,99957,512,99924,512,100006,100,99921,100,100022,100,99878,100,100057,100,99867,100,100058,100,99847,100,100064,100,99842,100,100088,100,99835,100,100100,100,99830,100,100134,100,99774,100,100150,100,99679,100
2019-06-28 09:42:20.000000000,99957,512,99924,512,100006,100,99921,100,100022,100,99878,100,100057,100,99867,100,100058,100,99847,100,100064,100,99842,100,100088,100,99835,100,100100,100,99830,100,100134,100,99774,100,100150,100,99679,100
2019-06-28 09:42:30.000000000,99957,203,99924,203,100006,203,99921,203,100022,203,99878,203,100057,203,99867,203,100058,100,99847,100,100064,100,99842,100,100088,100,99835,100,100100,100,99830,100,100134,100,99774,100,100150,100,99679,100
2019-06-28 09:42:31.706782801,99957,103,99924,203,100006,203,99921,203,100022,203,99878,203,100057,203,99867,203,100058,100,99847,100,100064,100,99842,100,100088,100,99835,100,100100,100,99830,100,100134,100,99774,100,100150,100,99679,100
2019-06-28 09:42:32.338762141,99957,103,99924,203,100006,203,99921,203,100022,203,99878,203,100057,203,99867,203,100058,100,99847,100,100064,100,99842,100,100088,100,99835,100,100100,100,99830,100,100134,100,99774,100,100150,100,99679,100
2019-06-28 09:42:40.000000000,100006,203,99924,203,100022,203,99921,203,100057,203,99878,203,100058,203,99867,203,100064,100,99847,100,100088,100,99842,100,100100,100,99835,100,100134,100,99830,100,100150,100,99774,100,100189,100,99679,100
2019-06-28 09:42:41.396828758,100006,203,99957,100,100022,203,99924,203,100057,203,99921,203,100058,203,99878,203,100064,100,99867,203,100088,100,99847,100,100100,100,99842,100,100134,100,99835,100,100150,100,99830,100,100189,100,99774,100
2019-06-28 09:42:48.330332311,100006,203,99957,200,100022,203,99924,203,100057,203,99921,203,100058,203,99878,203,100064,100,99867,203,100088,100,99847,100,100100,100,99842,100,100134,100,99835,100,100150,100,99830,100,100189,100,99774,100
2019-06-28 09:42:50.000000000,100006,306,99957,406,100022,306,99924,306,100057,100,99921,100,100058,100,99878,100,100064,100,99867,100,100088,100,99847,100,100100,100,99842,100,100134,100,99835,100,100150,100,99830,100,100189,100,99774,100
2019-06-28 09:42:55.654392121,100006,306,99957,506,100022,306,99924,306,100057,100,99921,100,100058,100,99878,100,100064,100,99867,100,100088,100,99847,100,100100,100,99842,100,100134,100,99835,100,100150,100,99830,100,100189,100,99774,100
2019-06-28 09:43:00.000000000,100006,203,99957,403,100022,203,99924,203,100057,203,99921,203,100058,203,99878,203,100064,100,99867,100,100088,100,99847,100,100100,100,99842,100,100134,100,99835,100,100150,100,99830,100,100189,100,99774,100
2019-06-28 09:43:03.412445891,100006,203,99957,403,100022,203,99924,203,100057,203,99921,203,100058,203,99878,203,100064,100,99867,100,100088,100,99847,100,100100,100,99842,100,100134,100,99835,100,100150,100,99830,100,100196,100,99774,100
2019-06-28 09:43:05.526933250,100006,103,99957,403,100022,203,99924,203,100057,203,99921,203,100058,203,99878,203,100088,100,99867,100,100100,100,99847,100,100134,100,99842,100,100150,100,99835,100,100196,100,99830,100,100214,100,99774,100
2019-06-28 09:43:08.280967166,100006,103,99957,403,100022,203,99924,203,100057,203,99921,203,100058,203,99878,203,100088,100,99867,100,100100,100,99847,100,100134,100,99842,100,100150,100,99835,100,100196,100,99830,100,100214,100,99774,100
2019-06-28 09:43:10.000000000,100022,512,99957,712,100057,100,99924,100,100058,100,99921,100,100088,100,99878,100,100100,100,99867,100,100134,100,99847,100,100150,100,99842,100,100196,100,99835,100,100214,100,99830,100,101336,100,99774,100
2019-06-28 09:43:20.000000000,100022,240,99957,440,100057,236,99924,236,100058,236,99921,236,100088,100,99878,100,100100,100,99867,100,100134,100,99847,100,100150,100,99842,100,100196,100,99835,100,100214,100,99830,100,101336,100,99774,100
2019-06-28 09:43:30.000000000,100022,512,99957,712,100057,100,99924,100,100058,100,99921,100,100088,100,99878,100,100100,100,99867,100,100134,100,99847,100,100150,100,99842,100,100196,100,99835,100,100214,100,99830,100,101336,100,99774,100
2019-06-28 09:43:40.000000000,100022,203,99957,403,100057,203,99924,203,100058,203,99921,203,100088,203,99878,203,100100,100,99867,100,100134,100,99847,100,100150,100,99842,100,100196,100,99835,100,100214,100,99830,100,101336,100,99774,100
2019-06-28 09:43:42.063836551,100022,103,99957,403,100057,203,99924,203,100058,203,99921,203,100088,203,99878,203,100100,100,99867,100,100134,100,99847,100,100150,100,99842,100,100196,100,99835,100,100214,100,99830,100,101336,100,99774,100
2019-06-28 09:43:50.000000000,100057,182,99957,382,100058,182,99924,182,100088,182,99921,182,100100,182,99878,182,100134,182,99867,182,100150,100,99847,100,100196,100,99842,100,100214,100,99835,100,101336,100,99830,100,101438,100,99774,100
2019-06-28 09:43:54.695829693,100057,182,100006,100,100058,182,99957,382,100088,182,99924,182,100100,182,99921,182,100134,182,99878,182,100150,100,99867,182,100196,100,99847,100,100214,100,99842,100,101336,100,99835,100,101438,100,99830,100
2019-06-28 09:44:00.000000000,100057,203,100006,203,100058,203,99957,403,100088,203,99924,203,100100,203,99921,203,100134,100,99878,100,100150,100,99867,100,100196,100,99847,100,100214,100,99842,100,101336,100,99835,100,101438,100,99830,100
2019-06-28 09:44:10.000000000,100057,203,100006,203,100058,203,99957,403,100088,203,99924,203,100100,203,99921,203,100134,100,99878,100,100150,100,99867,100,100196,100,99847,100,100214,100,99842,100,101336,100,99835,100,101438,100,99830,100
2019-06-28 09:44:20.000000000,100057,306,100006,306,100058,306,99957,506,100088,100,99924,100,100100,100,99921,100,100134,100,99878,100,100150,100,99867,100,100196,100,99847,100,100214,100,99842,100,101336,100,99835,100,101438,100,99830,100
2019-06-28 09:44:30.000000000,100057,203,100006,203,100058,203,99957,403,100088,203,99924,203,100100,203,99921,203,100134,100,99878,100,100150,100,99867,100,100196,100,99847,100,100214,100,99842,100,101336,100,99835,100,101438,100,99830,100
2019-06-28 09:44:40.000000000,100057,306,100006,306,100058,306,99957,506,100088,100,99924,100,100100,100,99921,100,100134,100,99878,100,100150,100,99867,100,100196,100,99847,100,100214,100,99842,100,101336,100,99835,100,101438,100,99830,100
2019-06-28 09:44:50.000000000,100057,203,100006,203,100058,203,99957,403,100088,203,99924,203,100100,203,99921,203,100134,100,99878,100,100150,100,99867,100,100196,100,99847,100,100214,100,99842,100,101336,100,99835,100,101438,100,99830,100
2019-06-28 09:45:00.000000000,100057,203,100006,203,100058,203,99957,403,100088,203,99924,203,100100,203,99921,203,100134,100,99878,100,100150,100,99867,100,100196,100,99847,100,100214,100,99842,100,101336,100,99835,100,101438,100,99830,100
2019-06-28 09:45:10.000000000,100057,512,100006,512,100058,100,99957,300,100088,100,99924,100,100100,100,99921,100,100134,100,99878,100,100150,100,99867,100,100196,100,99847,100,100214,100,99842,100,101336,100,99835,100,101438,100,99830,100
2019-06-28 09:45:13.801931457,100057,512,100006,612,100058,100,99957,300,100088,100,99924,100,100100,100,99921,100,100134,100,99878,100,100150,100,99867,100,100196,100,99847,100,100214,100,99842,100,101336,100,99835,100,101438,100,99830,100
2019-06-28 09:45:14.830102063,100057,412,100006,612,100058,100,99957,300,100088,100,99924,100,100100,100,99921,100,100134,100,99878,100,100150,100,99867,100,100196,100,99847,100,100214,100,99842,100,101336,100,99835,100,101438,100,99830,100
2019-06-28 09:45:18.921087284,100057,412,100006,612,100058,100,99957,300,100088,100,99924,100,100100,100,99921,100,100134,100,99878,100,100150,100,99847,100,100196,100,99842,100,100214,100,99835,100,101336,100,99830,100,101438,100,99774,100
2019-06-28 09:45:20.000000000,100058,203,100006,303,100088,203,99957,403,100100,203,99924,203,100134,203,99921,203,100150,100,99878,100,100196,100,99847,100,100214,100,99842,100,101336,100,99835,100,101438,100,99830,100,101542,100,99774,100
2019-06-28 09:45:30.000000000,100058,203,100006,303,100088,203,99957,403,100100,203,99924,203,100134,203,99921,203,100150,100,99878,100,100196,100,99847,100,100214,100,99842,100,101336,100,99835,100,101438,100,99830,100,101542,100,99774,100
2019-06-28 09:45:40.000000000,100058,240,100006,340,100088,236,99957,436,100100,236,99924,236,100134,100,99921,100,100150,100,99878,100,100196,100,99847,100,100214,100,99842,100,101336,100,99835,100,101438,100,99830,100,101542,100,99774,100
2019-06-28 09:45:50.000000000,100058,240,100006,340,100088,236,99957,436,100100,236,99924,236,100134,100,99921,100,100150,100,99878,100,100196,100,99847,100,100214,100,99842,100,101336,100,99835,100,101438,100,99830,100,101542,100,99774,100
2019-06-28 09:45:50.518848053,100058,240,100022,100,100088,236,100006,340,100100,236,99957,436,100134,100,99924,236,100150,100,99921,100,100196,100,99878,100,100214,100,99847,100,101336,100,99842,100,101438,100,99835,100,101542,100,99830,100
2019-06-28 09:46:00.000000000,100058,306,100022,306,100088,306,100006,406,100100,100,99957,300,100134,100,99924,100,100150,100,99921,100,100196,100,99878,100,100214,100,99847,100,101336,100,99842,100,101438,100,99835,100,101542,100,99830,100
2019-06-28 09:46:10.000000000,100058,203,100022,203,100088,203,100006,303,100100,203,99957,403,100134,203,99924,203,100150,100,99921,100,100196,100,99878,100,100214,100,99847,100,101336,100,99842,100,101438,100,99835,100,101542,100,99830,100
2019-06-28 09:46:13.260461936,100058,203,100022,203,100088,203,100006,303,100100,203,99957,403,100134,203,99924,203,100150,100,99921,100,100196,100,99878,100,100214,100,99847,100,101059,100,99842,100,101336,100,99835,100,101438,100,99830,100
2019-06-28 09:46:20.000000000,100058,512,100022,512,100088,100,100006,200,100100,100,99957,300,100134,100,99924,100,100150,100,99921,100,100196,100,99878,100,100214,100,99847,100,101059,100,99842,100,101336,100,99835,100,101438,100,99830,100
2019-06-28 09:46:28.319347656,100058,512,100022,612,100088,100,100006,200,100100,100,99957,300,100134,100,99924,100,100150,100,99921,100,100196,100,99878,100,100214,100,99847,100,101059,100,99842,100,101336,100,99835,100,101438,100,99830,100
2019-06-28 09:46:30.000000000,100058,512,100022,612,100088,100,100006,200,100100,100,99957,300,100134,100,99924,100,100150,100,99921,100,100196,100,99878,100,100214,100,99847,100,101059,100,99842,100,101336,100,99835,100,101438,100,99830,100
2019-06-28 09:46:32.765428208,100058,312,100022,612,100088,100,100006,200,100100,100,99957,300,100134,100,99924,100,100150,100,99921,100,100196,100,99878,100,100214,100,99847,100,101059,100,99842,100,101336,100,99835,100,101438,100,99830,100
2019-06-28 09:46:39.645973569,100058,212,100022,612,100088,100,100006,200,100100,100,99957,300,100134,100,99924,100,100150,100,99921,100,100196,100,99878,100,100214,100,99847,100,101059,100,99842,100,101336,100,99835,100,101438,100,99830,100
2019-06-28 09:46:40.000000000,100088,306,100022,406,100100,306,100006,406,100134,100,99957,300,100150,100,99924,100,100196,100,99921,100,100214,100,99878,100,101059,100,99847,100,101336,100,99842,100,101438,100,99835,100,101542,100,99830,100
2019-06-28 09:46:45.724014914,100088,206,100022,406,100100,306,100006,406,100134,100,99957,300,100150,100,99924,100,100196,100,99921,100,100214,100,99878,100,101059,100,99847,100,101336,100,99842,100,101438,100,99835,100,101542,100,99830,100
2019-06-28 09:46:50.000000000,100100,203,100022,303,100134,203,100006,303,100150,203,99957,403,100196,203,99924,203,100214,100,99921,100,101059,100,99878,100,101336,100,99847,100,101438,100,99842,100,101542,100,99835,100,101734,100,99830,100
2019-06-28 09:47:00.000000000,100100,240,100022,340,100134,236,100006,336,100150,236,99957,436,100196,100,99924,100,100214,100,99921,100,101059,100,99878,100,101336,100,99847,100,101438,100,99842,100,101542,100,99835,100,101734,100,99830,100
2019-06-28 09:47:10.000000000,100100,203,100022,303,100134,203,100006,303,100150,203,99957,403,100196,203,99924,203,100214,100,99921,100,101059,100,99878,100,101336,100,99847,100,101438,100,99842,100,101542,100,99835,100,101734,100,99830,100
2019-06-28 09:47:15.702072654,100100,103,100022,303,100134,203,100006,303,100150,203,99957,403,100196,203,99924,203,100214,100,99921,100,101336,100,99878,100,101438,100,99847,100,101542,100,99842,100,101734,100,99835,100,,,99830,100
2019-06-28 09:47:17.466605657,100100,103,100022,303,100134,203,100006,303,100150,203,99957,403,100196,203,99924,203,100214,100,99921,100,100909,100,99878,100,101336,100,99847,100,101438,100,99842,100,101542,100,99835,100,101734,100,99830,100
2019-06-28 09:47:18.316114813,100100,103,100088,100,100134,203,100022,303,100150,203,100006,303,100196,203,99957,403,100214,100,99924,203,100909,100,99921,100,101336,100,99878,100,101438,100,99847,100,101542,100,99842,100,101734,100,99835,100
2019-06-28 09:47:20.000000000,100134,512,100088,512,100150,100,100022,200,100196,100,100006,200,100214,100,99957,300,100909,100,99924,100,101336,100,99921,100,101438,100,99878,100,101542,100,99847,100,101734,100,99842,100,,,99835,100
2019-06-28 09:47:24.629282204,100134,512,100088,512,100150,100,100022,200,100196,100,100006,200,100214,100,99957,300,100874,100,99924,100,100909,100,99921,100,101336,100,99878,100,101438,100,99847,100,101542,100,99842,100,101734,100,99835,100
2019-06-28 09:47:30.000000000,100134,240,100088,240,100150,236,100022,336,100196,236,100006,336,100214,100,99957,300,100874,100,99924,100,100909,100,99921,100,101336,100,99878,100,101438,100,99847,100,101542,100,99842,100,101734,100,99835,100
2019-06-28 09:47:40.000000000,100134,306,100088,306,100150,306,100022,406,100196,100,100006,200,100214,100,99957,300,100874,100,99924,100,100909,100,99921,100,101336,100,99878,100,101438,100,99847,100,101542,100,99842,100,101734,100,99835,100
2019-06-28 09:47:44.162440144,100134,206,100088,306,100150,306,100022,406,100196,100,100006,200,100874,100,99957,300,100909,100,99924,100,101336,100,99921,100,101438,100,99878,100,101542,100,99847,100,101734,100,99842,100,,,99835,100
2019-06-28 09:47:50.000000000,100150,203,100088,203,100196,203,100022,303,100874,203,100006,303,100909,203,99957,403,101336,100,99924,100,101438,100,99921,100,101542,100,99878,100,101734,100,99847,100,,,99842,100,,,99835,100
2019-06-28 09:48:00.000000000,100150,512,100088,512,100196,100,100022,200,100874,100,100006,200,100909,100,99957,300,101336,100,99924,100,101438,100,99921,100,101542,100,99878,100,101734,100,99847,100,,,99842,100,,,99835,100
2019-06-28 09:48:05.175732035,100150,412,100088,512,100196,100,100022,200,100874,100,100006,200,100909,100,99957,300,101336,100,99924,100,101438,100,99921,100,101542,100,99878,100,101734,100,99847,100,,,99842,100,,,99835,100
2019-06-28 09:48:10.000000000,100196,306,100088,306,100874,306,100022,406,100909,100,100006,200,101336,100,99957,300,101438,100,99924,100,101542,100,99921,100,101734,100,99878,100,,,99847,100,,,99842,100,,,99835,100
2019-06-28 09:48:14.939056299,100196,206,100088,306,100874,306,100022,406,100909,100,100006,200,101336,100,99957,300,101438,100,99924,100,101542,100,99921,100,101734,100,99878,100,,,99847,100,,,99842,100,,,99835,100
2019-06-28 09:48:18.275484139,100196,106,100088,306,100874,306,100022,406,100909,100,100006,200,101336,100,99957,300,101438,100,99924,100,101542,100,99921,100,,,99878,100,,,99847,100,,,99842,100,,,99835,100
2019-06-28 09:48:20.000000000,100874,240,100088,240,100909,236,100022,336,101336,236,100006,336,101438,100,99957,300,101542,100,99924,100,,,99921,100,,,99878,100,,,99847,100,,,99842,100,,,99835,100
2019-06-28 09:48:20.026758229,100874,240,100088,240,100909,236,100022,336,101048,100,100006,336,101336,236,99957,300,101438,100,99924,100,101542,100,99921,100,,,99878,100,,,99847,100,,,99842,100,,,99835,100
2019-06-28 09:48:20.413623673,100874,140,100088,240,100909,236,100022,336,101048,100,100006,336,101336,236,99957,300,101438,100,99924,100,101542,100,99921,100,,,99878,100,,,99847,100,,,99842,100,,,99835,100
2019-06-28 09:48:30.000000000,100909,512,100088,512,101048,100,100022,200,101336,100,100006,200,101438,100,99957,300,101542,100,99924,100,,,99921,100,,,99878,100,,,99847,100,,,99842,100,,,99835,100
2019-06-28 09:48:33.652642539,100909,412,100088,512,101048,100,100022,200,101336,100,100006,200,101438,100,99957,300,101542,100,99924,100,,,99921,100,,,99878,100,,,99847,100,,,99842,100,,,99835,100
2019-06-28 09:48:40.000000000,101048,512,100088,512,101336,100,100022,200,101438,100,100006,200,101542,100,99957,300,,,99924,100,,,99921,100,,,99878,100,,,99847,100,,,99842,100,,,99835,100
2019-06-28 09:48:50.000000000,101048,203,100088,203,101336,203,100022,303,101438,203,100006,303,101542,203,99957,403,,,99924,100,,,99921,100,,,99878,100,,,99847,100,,,99842,100,,,99835,100
2019-06-28 09:49:00.000000000,101048,203,100088,203,101336,203,100022,303,101438,203,100006,303,101542,203,99957,403,,,99924,100,,,99921,100,,,99878,100,,,99847,100,,,99842,100,,,99835,100
2019-06-28 09:49:05.054728447,101048,203,100088,203,101336,203,100022,303,101438,203,100006,203,101542,203,99957,403,,,99924,100,,,99921,100,,,99878,100,,,99847,100,,,99842,100,,,99835,100
2019-06-28 09:49:10.000000000,101048,306,100088,306,101336,306,100022,406,101438,100,100006,100,101542,100,99957,300,,,99924,100,,,99921,100,,,99878,100,,,99847,100,,,99842,100,,,99835,100
2019-06-28 09:49:20.000000000,101048,182,100088,182,101336,182,100022,282,101438,182,100006,182,101542,182,99957,382,101543,82,99924,182,,,99921,100,,,99878,100,,,99847,100,,,99842,100,,,99835,100
2019-06-28 09:49:29.939657485,101048,182,100403,100,101336,182,100088,182,101438,182,100022,282,101542,182,100006,182,101543,82,99957,382,,,99924,182,,,99921,100,,,99878,100,,,99847,100,,,99842,100
2019-06-28 09:49:30.000000000,101048,182,100403,182,101336,182,100088,182,101438,182,100022,282,101542,182,100006,182,101543,82,99957,382,,,99924,100,,,99921,100,,,99878,100,,,99847,100,,,99842,100
2019-06-28 09:49:33.813639459,101048,182,100403,182,101336,182,100392,100,101438,182,100088,182,101542,182,100022,282,101543,82,100006,182,,,99957,382,,,99924,100,,,99921,100,,,99878,100,,,99847,100
2019-06-28 09:49:40.000000000,101048,306,100403,306,101336,306,100392,306,101438,100,100088,100,101542,100,100022,200,,,100006,100,,,99957,300,,,99924,100,,,99921,100,,,99878,100,,,99847,100
2019-06-28 09:49:44.673153416,101048,306,100622,100,101336,306,100403,306,101438,100,100392,306,101542,100,100088,100,,,100022,200,,,100006,100,,,99957,300,,,99924,100,,,99921,100,,,99878,100
2019-06-28 09:49:50.000000000,101048,203,100622,203,101336,203,100403,203,101438,203,100392,203,101542,203,100088,203,,,100022,200,,,100006,100,,,99957,300,,,99924,100,,,99921,100,,,99878,100
2019-06-28 09:50:00.000000000,101048,512,100622,512,101336,100,100403,100,101438,100,100392,100,101542,100,100088,100,,,100022,200,,,100006,100,,,99957,300,,,99924,100,,,99921,100,,,99878,100
2019-06-28 09:50:09.939997039,100873,100,100622,512,101048,512,100403,100,101336,100,100392,100,101438,100,100088,100,101542,100,100022,200,,,100006,100,,,99957,300,,,99924,100,,,99921,100,,,99878,100
2019-06-28 09:50:10.000000000,100873,182,100622,182,101048,182,100403,182,101336,182,100392,182,101438,182,100088,182,101542,182,100022,282,,,100006,100,,,99957,300,,,99924,100,,,99921,100,,,99878,100
2019-06-28 09:50:20.000000000,100873,306,100622,306,101048,306,100403,306,101336,100,100392,100,101438,100,100088,100,101542,100,100022,200,,,100006,100,,,99957,300,,,99924,100,,,99921,100,,,99878,100
2019-06-28 09:50:23.432719660,100796,100,100622,306,100873,306,100403,306,101048,306,100392,100,101336,100,100088,100,101438,100,100022,200,101542,100,100006,100,,,99957,300,,,99924,100,,,99921,100,,,99878,100
2019-06-28 09:50:24.869068557,100796,100,100622,306,100873,306,100403,306,101048,306,100392,100,101336,100,100022,200,101438,100,100006,100,101542,100,99957,300,,,99924,100,,,99921,100,,,99878,100,,,99842,100
2019-06-28 09:50:30.000000000,100796,306,100622,306,100873,306,100403,306,101048,100,100392,100,101336,100,100022,200,101438,100,100006,100,101542,100,99957,300,,,99924,100,,,99921,100,,,99878,100,,,99842,100
2019-06-28 09:50:40.000000000,100796,306,100622,306,100873,306,100403,306,101048,100,100392,100,101336,100,100022,200,101438,100,100006,100,101542,100,99957,300,,,99924,100,,,99921,100,,,99878,100,,,99842,100
2019-06-28 09:50:49.342732509,100796,206,100622,306,100873,306,100403,306,101048,100,100392,100,101336,100,100022,200,101438,100,100006,100,101542,100,99957,200,,,99924,100,,,99921,100,,,99878,100,,,99842,100
2019-06-28 09:50:50.000000000,100873,512,100622,512,101048,100,100403,100,101336,100,100392,100,101438,100,100022,200,101542,100,100006,100,,,99957,200,,,99924,100,,,99921,100,,,99878,100,,,99842,100
2019-06-28 09:50:59.416750644,100873,512,100815,100,101048,100,100622,512,101336,100,100403,100,101438,100,100392,100,101542,100,100022,200,,,100006,100,,,99957,200,,,99924,100,,,99921,100,,,99878,100
2019-06-28 09:51:00.000000000,100873,240,100815,240,101048,236,100622,236,101336,236,100403,236,101438,100,100392,100,101542,100,100022,200,,,100006,100,,,99957,200,,,99924,100,,,99921,100,,,99878,100
2019-06-28 09:51:10.000000000,100873,240,100815,240,101048,236,100622,236,101336,236,100403,236,101438,100,100392,100,101542,100,100022,200,,,100006,100,,,99957,200,,,99924,100,,,99921,100,,,99878,100
2019-06-28 09:51:20.000000000,100873,182,100815,182,101048,182,100622,182,101336,182,100403,182,101438,182,100392,182,101542,182,100022,282,,,100006,100,,,99957,200,,,99924,100,,,99921,100,,,99878,100
2019-06-28 09:51:22.246501194,100873,182,100815,82,101048,182,100622,182,101336,182,100403,182,101438,182,100392,182,101542,182,100022,282,,,100006,100,,,99957,200,,,99924,100,,,99921,100,,,99878,100
2019-06-28 09:51:23.696078050,100815,18,100622,182,100873,182,100403,182,101048,182,100392,182,101336,182,100022,282,101438,182,100006,100,101542,182,99957,200,,,99924,100,,,99921,100,,,99878,100,,,99835,100
2019-06-28 09:51:30.000000000,100815,430,100622,512,100873,100,100403,100,101048,100,100392,100,101336,100,100022,200,101438,100,100006,100,101542,100,99957,200,,,99924,100,,,99921,100,,,99878,100,,,99835,100
2019-06-28 09:51:32.688861263,100815,430,100622,412,100873,100,100403,100,101048,100,100392,100,101336,100,100022,200,101438,100,100006,100,101542,100,99957,200,,,99924,100,,,99921,100,,,99878,100,,,99835,100
2019-06-28 09:51:33.861812499,100814,100,100622,412,100815,430,100403,100,100873,100,100392,100,101048,100,100022,100,101336,100,100006,100,101438,100,99957,200,101542,100,99924,100,,,99921,100,,,99878,100,,,99835,100
2019-06-28 09:51:40.000000000,100814,203,100403,203,100815,121,100392,203,100873,203,100022,203,101048,203,100006,203,101336,100,99957,200,101438,100,99924,100,101542,100,99921,100,,,99878,100,,,99835,100,,,99830,100
2019-06-28 09:51:50.000000000,100814,182,100403,182,100815,100,100392,182,100873,182,100022,182,101048,182,100006,182,101336,182,99957,282,101438,100,99924,100,101542,100,99921,100,,,99878,100,,,99835,100,,,99830,100
2019-06-28 09:52:00.000000000,100814,203,100403,203,100815,121,100392,203,100873,203,100022,203,101048,203,100006,203,101336,100,99957,200,101438,100,99924,100,101542,100,99921,100,,,99878,100,,,99835,100,,,99830,100
2019-06-28 09:52:10.000000000,100814,240,100403,240,100815,154,100392,236,100873,236,100022,236,101048,100,100006,100,101336,100,99957,200,101438,100,99924,100,101542,100,99921,100,,,99878,100,,,99835,100,,,99830,100
2019-06-28 09:52:13.309974896,100814,340,100403,240,100815,154,100392,236,100873,236,100022,236,101048,100,100006,100,101336,100,99957,200,101438,100,99924,100,101542,100,99921,100,,,99878,100,,,99835,100,,,99830,100
2019-06-28 09:52:13.553791479,100814,440,100403,240,100815,154,100392,236,100873,236,100022,236,101048,100,100006,100,101336,100,99957,200,101438,100,99924,100,101542,100,99921,100,,,99878,100,,,99835,100,,,99830,100
2019-06-28 09:52:20.000000000,100814,382,100403,182,100815,100,100392,182,100873,182,100022,182,101048,182,100006,182,101336,182,99957,282,101438,100,99924,100,101542,100,99921,100,,,99878,100,,,99835,100,,,99830,100
2019-06-28 09:52:20.563595626,100814,382,100740,100,100815,100,100403,182,100873,182,100392,182,101048,182,100022,182,101336,182,100006,182,101438,100,99957,282,101542,100,99924,100,,,99921,100,,,99878,100,,,99835,100
2019-06-28 09:52:30.000000000,100814,440,100740,240,100815,154,100403,236,100873,236,100392,236,101048,100,100022,100,101336,100,100006,100,101438,100,99957,200,101542,100,99924,100,,,99921,100,,,99878,100,,,99835,100
2019-06-28 09:52:40.000000000,100814,506,100740,306,100815,224,100403,306,100873,100,100392,100,101048,100,100022,100,101336,100,100006,100,101438,100,99957,200,101542,100,99924,100,,,99921,100,,,99878,100,,,99835,100
2019-06-28 09:52:50.000000000,100814,506,100740,306,100815,224,100403,306,100873,100,100392,100,101048,100,100022,100,101336,100,100006,100,101438,100,99957,200,101542,100,99924,100,,,99921,100,,,99878,100,,,99835,100
2019-06-28 09:53:00.000000000,100814,403,100740,203,100815,121,100403,203,100873,203,100392,203,101048,203,100022,203,101336,100,100006,100,101438,100,99957,200,101542,100,99924,100,,,99921,100,,,99878,100,,,99835,100
2019-06-28 09:53:02.205531497,100747,100,100740,203,100814,403,100403,203,100815,121,100392,203,100873,203,100022,203,101048,203,100006,100,101336,100,99957,200,101542,100,99924,100,,,99921,100,,,99878,100,,,99835,100
2019-06-28 09:53:04.746815564,100747,100,100740,103,100814,403,100403,203,100815,121,100392,203,100873,203,100022,203,101048,203,100006,100,101336,100,99957,200,101542,100,99924,100,,,99921,100,,,99878,100,,,99835,100
2019-06-28 09:53:10.000000000,100747,512,100403,512,100814,300,100392,100,100815,18,100022,100,100873,100,100006,100,101048,100,99957,200,101336,100,99924,100,101542,100,99921,100,,,99878,100,,,99835,100,,,99830,100
2019-06-28 09:53:20.000000000,100747,203,100403,203,100814,403,100392,203,100815,121,100022,203,100873,203,100006,203,101048,100,99957,200,101336,100,99924,100,101542,100,99921,100,,,99878,100,,,99835,100,,,99830,100
2019-06-28 09:53:30.000000000,100747,512,100403,512,100814,300,100392,100,100815,18,100022,100,100873,100,100006,100,101048,100,99957,200,101336,100,99924,100,101542,100,99921,100,,,99878,100,,,99835,100,,,99830,100
2019-06-28 09:53:40.000000000,100747,240,100403,240,100814,436,100392,236,100815,154,100022,236,100873,100,100006,100,101048,100,99957,200,101336,100,99924,100,101542,100,99921,100,,,99878,100,,,99835,100,,,99830,100
2019-06-28 09:53:50.000000000,100747,182,100403,182,100814,382,100392,182,100815,100,100022,182,100873,182,100006,182,101048,182,99957,282,101336,100,99924,100,101542,100,99921,100,,,99878,100,,,99835,100,,,99830,100
2019-06-28 09:54:00.000000000,100747,182,100403,182,100814,382,100392,182,100815,100,100022,182,100873,182,100006,182,101048,182,99957,282,101336,100,99924,100,101542,100,99921,100,,,99878,100,,,99835,100,,,99830,100
2019-06-28 09:54:10.000000000,100747,240,100403,240,100814,436,100392,236,100815,154,100022,236,100873,100,100006,100,101048,100,99957,200,101336,100,99924,100,101542,100,99921,100,,,99878,100,,,99835,100,,,99830,100
2019-06-28 09:54:20.000000000,100747,182,100403,182,100814,382,100392,182,100815,100,100022,182,100873,182,100006,182,101048,182,99957,282,101336,100,99924,100,101542,100,99921,100,,,99878,100,,,99835,100,,,99830,100
2019-06-28 09:54:30.000000000,100747,182,100403,182,100814,382,100392,182,100815,100,100022,182,100873,182,100006,182,101048,182,99957,282,101336,100,99924,100,101542,100,99921,100,,,99878,100,,,99835,100,,,99830,100
2019-06-28 09:54:32.756316244,100747,182,100403,182,100814,382,100392,182,100815,100,100039,100,100873,182,100022,182,101048,182,100006,182,101336,100,99957,282,101542,100,99924,100,,,99921,100,,,99878,100,,,99835,100
2019-06-28 09:54:40.000000000,100747,512,100403,512,100814,300,100392,100,100815,18,100039,100,100873,100,100022,100,101048,100,100006,100,101336,100,99957,200,101542,100,99924,100,,,99921,100,,,99878,100,,,99835,100
2019-06-28 09:54:42.929625185,100747,512,100403,412,100814,300,100392,100,100815,18,100039,100,100873,100,100022,100,101048,100,100006,100,101336,100,99957,200,101542,100,99924,100,,,99921,100,,,99835,100,,,99830,100
2019-06-28 09:54:44.085570226,100747,512,100403,312,100814,300,100392,100,100815,18,100039,100,100873,100,100022,100,101048,100,100006,100,101336,100,99957,200,101542,100,99924,100,,,99835,100,,,99830,100,,,99774,100
2019-06-28 09:54:50.000000000,100747,240,100392,240,100814,436,100039,236,100815,154,100022,236,100873,100,100006,100,101048,100,99957,200,101336,100,99924,100,101542,100,99835,100,,,99830,100,,,99774,100,,,99679,100
2019-06-28 09:55:00.000000000,100747,240,100392,240,100814,436,100039,236,100815,154,100022,236,100873,100,100006,100,101048,100,99957,200,101336,100,99924,100,101542,100,99835,100,,,99830,100,,,99774,100,,,99679,100
2019-06-28 09:55:05.685243465,100747,240,100392,140,100814,436,100039,236,100815,136,100022,236,100873,100,100006,100,101048,100,99957,200,101336,100,99924,100,101542,100,99835,100,,,99830,100,,,99774,100,,,99679,100
2019-06-28 09:55:10.000000000,100747,203,100039,203,100814,403,100022,203,100873,203,100006,203,101048,203,99957,303,101336,100,99924,100,101542,100,99835,100,,,99830,100,,,99774,100,,,99679,100,,,99620,100
2019-06-28 09:55:20.000000000,100747,306,100039,306,100814,506,100022,306,100873,100,100006,100,101048,100,99957,200,101336,100,99924,100,101542,100,99835,100,,,99830,100,,,99774,100,,,99679,100,,,99620,100
2019-06-28 09:55:30.000000000,100747,512,100039,512,100814,300,100022,100,100873,100,100006,100,101048,100,99957,200,101336,100,99924,100,101542,100,99835,100,,,99830,100,,,99774,100,,,99679,100,,,99620,100
2019-06-28 09:55:37.945844772,100747,512,100039,412,100814,300,100022,100,100873,100,100006,100,101048,100,99957,200,101336,100,99924,100,101542,100,99835,100,,,99830,100,,,99774,100,,,99679,100,,,99620,100
2019-06-28 09:55:40.000000000,100747,240,100022,240,100814,436,100006,236,100873,236,99957,336,101048,100,99924,100,101336,100,99835,100,101542,100,99830,100,,,99774,100,,,99679,100,,,99620,100,,,99557,100
2019-06-28 09:55:50.000000000,100747,203,100022,203,100814,403,100006,203,100873,203,99957,303,101048,203,99924,203,101336,100,99835,100,101542,100,99830,100,,,99774,100,,,99679,100,,,99620,100,,,99557,100
2019-06-28 09:56:00.000000000,100747,306,100022,306,100814,506,100006,306,100873,100,99957,200,101048,100,99924,100,101336,100,99835,100,101542,100,99830,100,,,99774,100,,,99679,100,,,99620,100,,,99557,100
2019-06-28 09:56:03.346985373,100392,100,100022,306,100747,306,100006,206,100814,506,99957,200,100873,100,99924,100,101048,100,99835,100,101336,100,99830,100,101542,100,99774,100,,,99679,100,,,99620,100,,,99557,100
2019-06-28 09:56:10.000000000,100392,240,100022,240,100747,236,99957,336,100814,436,99924,236,100873,100,99835,100,101048,100,99830,100,101336,100,99774,100,101542,100,99679,100,,,99620,100,,,99557,100,,,98764,100
2019-06-28 09:56:19.950866400,100392,240,100032,100,100747,236,100022,240,100814,436,99957,336,100873,100,99924,236,101048,100,99835,100,101336,100,99830,100,101542,100,99774,100,,,99679,100,,,99620,100,,,99557,100
2019-06-28 09:56:20.000000000,100392,182,100032,182,100747,182,100022,182,100814,382,99957,282,100873,182,99924,182,101048,182,99835,182,101336,100,99830,100,101542,100,99774,100,,,99679,100,,,99620,100,,,99557,100
2019-06-28 09:56:30.000000000,100392,182,100032,182,100747,182,100022,182,100814,382,99957,282,100873,182,99924,182,101048,182,99835,182,101336,100,99830,100,101542,100,99774,100,,,99679,100,,,99620,100,,,99557,100
2019-06-28 09:56:40.000000000,100392,203,100032,203,100747,203,100022,203,100814,403,99957,303,100873,203,99924,203,101048,100,99835,100,101336,100,99830,100,101542,100,99774,100,,,99679,100,,,99620,100,,,99557,100
2019-06-28 09:56:50.000000000,100392,182,100032,182,100747,182,100022,182,100814,382,99957,282,100873,182,99924,182,101048,182,99835,182,101336,100,99830,100,101542,100,99774,100,,,99679,100,,,99620,100,,,99557,100
2019-06-28 09:56:51.668516660,100049,100,100032,182,100392,182,100022,182,100747,182,99957,282,100814,382,99924,182,100873,182,99835,182,101048,182,99830,100,101336,100,99774,100,101542,100,99679,100,,,99620,100,,,99557,100
2019-06-28 09:57:00.000000000,100049,306,100032,306,100392,306,100022,306,100747,100,99957,200,100814,300,99924,100,100873,100,99835,100,101048,100,99830,100,101336,100,99774,100,101542,100,99679,100,,,99620,100,,,99557,100
2019-06-28 09:57:03.628070990,100049,306,100032,306,100392,306,100022,306,100747,100,99957,200,100814,300,99924,100,100873,100,99915,100,101048,100,99835,100,101336,100,99830,100,101542,100,99774,100,,,99679,100,,,99620,100
2019-06-28 09:57:10.000000000,100049,182,100032,182,100392,182,100022,182,100747,182,99957,282,100814,382,99924,182,100873,182,99915,182,101048,100,99835,100,101336,100,99830,100,101542,100,99774,100,,,99679,100,,,99620,100
2019-06-28 09:57:20.000000000,100049,182,100032,182,100392,182,100022,182,100747,182,99957,282,100814,382,99924,182,100873,182,99915,182,101048,100,99835,100,101336,100,99830,100,101542,100,99774,100,,,99679,100,,,99620,100
2019-06-28 09:57:26.243025143,100049,182,100040,100,100392,182,100032,182,100747,182,100022,182,100814,282,99957,282,100873,182,99924,182,101048,100,99915,182,101336,100,99835,100,101542,100,99830,100,,,99774,100,,,99679,100
2019-06-28 09:57:30.000000000,100049,306,100040,306,100392,306,100032,306,100747,100,100022,100,100814,200,99957,200,100873,100,99924,100,101048,100,99915,100,101336,100,99835,100,101542,100,99830,100,,,99774,100,,,99679,100
2019-06-28 09:57:31.405872403,100049,206,100040,306,100392,306,100032,306,100747,100,100022,100,100814,200,99957,200,100873,100,99924,100,101048,100,99915,100,101336,100,99835,100,101542,100,99830,100,,,99774,100,,,99679,100
2019-06-28 09:57:40.000000000,100392,203,100040,203,100747,203,100032,203,100814,303,100022,203,100873,203,99957,303,101048,100,99924,100,101336,100,99915,100,101542,100,99835,100,,,99830,100,,,99774,100,,,99679,100
2019-06-28 09:57:41.571573722,100392,203,100040,103,100747,203,100032,203,100814,303,100022,203,100873,203,99957,303,101048,100,99924,100,101336,100,99915,100,101542,100,99835,100,,,99830,100,,,99774,100,,,99679,100
2019-06-28 09:57:50.000000000,100392,306,100032,306,100747,306,100022,306,100814,200,99957,200,100873,100,99924,100,101048,100,99915,100,101336,100,99835,100,101542,100,99830,100,,,99774,100,,,99679,100,,,99557,100
2019-06-28 09:58:00.000000000,100392,512,100032,512,100747,100,100022,100,100814,200,99957,200,100873,100,99924,100,101048,100,99915,100,101336,100,99835,100,101542,100,99830,100,,,99774,100,,,99679,100,,,99557,100
2019-06-28 09:58:10.000000000,100392,306,100032,306,100747,306,100022,306,100814,200,99957,200,100873,100,99924,100,101048,100,99915,100,101336,100,99835,100,101542,100,99830,100,,,99774,100,,,99679,100,,,99557,100
2019-06-28 09:58:20.000000000,100392,240,100032,240,100747,236,100022,236,100814,336,99957,336,100873,100,99924,100,101048,100,99915,100,101336,100,99835,100,101542,100,99830,100,,,99774,100,,,99679,100,,,99557,100
2019-06-28 09:58:26.451225574,100392,240,100032,240,100662,100,100022,236,100747,236,99957,336,100814,336,99924,100,100873,100,99915,100,101048,100,99835,100,101336,100,99830,100,101542,100,99774,100,,,99679,100,,,99557,100
2019-06-28 09:58:30.000000000,100392,306,100032,306,100662,306,100022,306,100747,100,99957,200,100814,200,99924,100,100873,100,99915,100,101048,100,99835,100,101336,100,99830,100,101542,100,99774,100,,,99679,100,,,99557,100
2019-06-28 09:58:39.650263511,100392,206,100032,306,100662,306,100022,306,100747,100,99957,200,100814,200,99924,100,100873,100,99915,100,101048,100,99835,100,101336,100,99830,100,101542,100,99774,100,,,99557,100,,,98764,100
2019-06-28 09:58:40.000000000,100662,203,100032,203,100747,203,100022,203,100814,303,99957,303,100873,203,99924,203,101048,100,99915,100,101336,100,99835,100,101542,100,99830,100,,,99774,100,,,99557,100,,,98764,100
2019-06-28 09:58:50.000000000,100662,240,100032,240,100747,236,100022,236,100814,336,99957,336,100873,100,99924,100,101048,100,99915,100,101336,100,99835,100,101542,100,99830,100,,,99774,100,,,99557,100,,,98764,100
2019-06-28 09:59:00.000000000,100662,512,100032,512,100747,100,100022,100,100814,200,99957,200,100873,100,99924,100,101048,100,99915,100,101336,100,99835,100,101542,100,99830,100,,,99774,100,,,99557,100,,,98764,100
2019-06-28 09:59:00.239715197,100559,100,100032,512,100662,512,100022,100,100747,100,99957,200,100814,200,99924,100,100873,100,99915,100,101048,100,99835,100,101336,100,99830,100,101542,100,99774,100,,,99557,100,,,98764,100
2019-06-28 09:59:01.408488589,100559,100,100041,100,100662,512,100032,512,100747,100,100022,100,100814,200,99957,200,100873,100,99924,100,101048,100,99915,100,101336,100,99835,100,101542,100,99830,100,,,99774,100,,,99557,100
2019-06-28 09:59:10.000000000,100559,203,100041,203,100662,203,100032,203,100747,203,100022,203,100814,303,99957,303,100873,100,99924,100,101048,100,99915,100,101336,100,99835,100,101542,100,99830,100,,,99774,100,,,99557,100
2019-06-28 09:59:17.654081256,100559,203,100041,303,100662,203,100032,203,100747,203,100022,203,100814,303,99957,303,100873,100,99924,100,101048,100,99915,100,101336,100,99835,100,101542,100,99830,100,,,99774,100,,,99557,100
2019-06-28 09:59:20.000000000,100559,203,100041,303,100662,203,100032,203,100747,203,100022,203,100814,303,99957,303,100873,100,99924,100,101048,100,99915,100,101336,100,99835,100,101542,100,99830,100,,,99774,100,,,99557,100
2019-06-28 09:59:26.141397386,100559,203,100041,403,100662,203,100032,203,100747,203,100022,203,100814,303,99957,303,100873,100,99924,100,101048,100,99915,100,101336,100,99835,100,101542,100,99830,100,,,99774,100,,,99557,100
2019-06-28 09:59:30.000000000,100559,240,100041,440,100662,236,100032,236,100747,236,100022,236,100814,200,99957,200,100873,100,99924,100,101048,100,99915,100,101336,100,99835,100,101542,100,99830,100,,,99774,100,,,99557,100
2019-06-28 09:59:32.779421281,100559,240,100041,540,100662,236,100032,236,100747,236,100022,236,100814,100,99957,200,100873,100,99924,100,101048,100,99915,100,101336,100,99835,100,101542,100,99830,100,,,99774,100,,,99557,100
2019-06-28 09:59:35.296166515,100523,100,100041,540,100559,240,100032,236,100662,236,100022,236,100747,236,99957,200,100814,100,99924,100,100873,100,99915,100,101048,100,99835,100,101336,100,99830,100,101542,100,99774,100,,,99557,100
2019-06-28 09:59:40.000000000,100523,512,100041,812,100559,100,100032,100,100662,100,100022,100,100747,100,99957,200,100814,100,99924,100,100873,100,99915,100,101048,100,99835,100,101336,100,99830,100,101542,100,99774,100,,,99557,100
2019-06-28 09:59:47.270730150,100391,100,100041,812,100523,512,100032,100,100559,100,100022,100,100662,100,99957,100,100747,100,99924,100,100814,100,99915,100,100873,100,99835,100,101048,100,99830,100,101336,100,99774,100,101542,100,99557,100
2019-06-28 09:59:49.063428963,100391,100,100050,100,100523,512,100041,812,100559,100,100032,100,100662,100,100022,100,100747,100,99957,100,100814,100,99924,100,100873,100,99915,100,101048,100,99835,100,101336,100,99774,100,101542,100,99557,100
2019-06-28 09:59:49.991928866,100391,100,100050,100,100523,512,100041,812,100559,100,100036,100,100662,100,100032,100,100747,100,100022,100,100814,100,99957,100,100873,100,99924,100,101048,100,99915,100,101336,100,99835,100,101542,100,99774,100
2019-06-28 09:59:50.000000000,100391,182,100050,182,100523,182,100041,482,100559,182,100036,182,100662,182,100032,182,100747,182,100022,182,100814,100,99957,100,100873,100,99924,100,101048,100,99915,100,101336,100,99835,100,101542,100,99774,100
2019-06-28 10:00:00.000000000,100391,306,100050,306,100523,306,100041,606,100559,100,100036,100,100662,100,100032,100,100747,100,100022,100,100814,100,99957,100,100873,100,99924,100,101048,100,99915,100,101336,100,99835,100,101542,100,99774,100
2019-06-28 10:00:03.120745527,100178,100,100050,306,100391,306,100041,606,100523,306,100036,100,100559,100,100032,100,100662,100,100022,100,100747,100,99957,100,100814,100,99924,100,100873,100,99915,100,101048,100,99835,100,101336,100,99774,100
2019-06-28 10:00:10.000000000,100178,512,100050,512,100391,100,100041,400,100523,100,100036,100,100559,100,100032,100,100662,100,100022,100,100747,100,99957,100,100814,100,99924,100,100873,100,99915,100,101048,100,99835,100,101336,100,99774,100
2019-06-28 10:00:19.393487159,100178,512,100096,100,100391,100,100050,512,100523,100,100041,400,100559,100,100036,100,100662,100,100032,100,100747,100,100022,100,100814,100,99957,100,100873,100,99924,100,101048,100,99915,100,101336,100,99835,100
2019-06-28 10:00:20.000000000,100178,182,100096,182,100391,182,100050,182,100523,182,100041,482,100559,182,100036,182,100662,182,100032,182,100747,100,100022,100,100814,100,99957,100,100873,100,99924,100,101048,100,99915,100,101336,100,99835,100
2019-06-28 10:00:30.000000000,100178,306,100096,306,100391,306,100050,306,100523,100,100041,400,100559,100,100036,100,100662,100,100032,100,100747,100,100022,100,100814,100,99957,100,100873,100,99924,100,101048,100,99915,100,101336,100,99835,100
2019-06-28 10:00:33.636209627,100178,306,100118,100,100391,306,100096,306,100523,100,100050,306,100559,100,100041,400,100662,100,100036,100,100747,100,100032,100,100814,100,100022,100,100873,100,99957,100,101048,100,99924,100,101336,100,99835,100
2019-06-28 10:00:40.000000000,100178,240,100118,240,100391,236,100096,236,100523,236,100050,236,100559,100,100041,400,100662,100,100036,100,100747,100,100032,100,100814,100,100022,100,100873,100,99957,100,101048,100,99924,100,101336,100,99835,100
2019-06-28 10:00:45.414628108,100178,240,100118,240,100391,236,100096,236,100523,236,100092,100,100559,100,100050,236,100662,100,100041,400,100747,100,100036,100,100814,100,100032,100,100873,100,100022,100,101048,100,99957,100,101336,100,99924,100
2019-06-28 10:00:50.000000000,100178,306,100118,306,100391,306,100096,306,100523,100,100092,100,100559,100,100050,100,100662,100,100041,400,100747,100,100036,100,100814,100,100032,100,100873,100,100022,100,101048,100,99957,100,101336,100,99924,100
2019-06-28 10:01:00.000000000,100178,240,100118,240,100391,236,100096,236,100523,236,100092,236,100559,100,100050,100,100662,100,100041,400,100747,100,100036,100,100814,100,100032,100,100873,100,100022,100,101048,100,99957,100,101336,100,99924,100
2019-06-28 10:01:10.000000000,100178,240,100118,240,100391,236,100096,236,100523,236,100092,236,100559,100,100050,100,100662,100,100041,400,100747,100,100036,100,100814,100,100032,100,100873,100,100022,100,101048,100,99957,100,101336,100,99924,100
2019-06-28 10:01:20.000000000,100178,182,100118,182,100391,182,100096,182,100523,182,100092,182,100559,182,100050,182,100662,182,100041,482,100747,100,100036,100,100814,100,100032,100,100873,100,100022,100,101048,100,99957,100,101336,100,99924,100
2019-06-28 10:01:30.000000000,100178,306,100118,306,100391,306,100096,306,100523,100,100092,100,100559,100,100050,100,100662,100,100041,400,100747,100,100036,100,100814,100,100032,100,100873,100,100022,100,101048,100,99957,100,101336,100,99924,100
2019-06-28 10:01:40.000000000,100178,306,100118,306,100391,306,100096,306,100523,100,100092,100,100559,100,100050,100,100662,100,100041,400,100747,100,100036,100,100814,100,100032,100,100873,100,100022,100,101048,100,99957,100,101336,100,99924,100
2019-06-28 10:01:50.000000000,100178,203,100118,203,100391,203,100096,203,100523,203,100092,203,100559,203,100050,203,100662,100,100041,400,100747,100,100036,100,100814,100,100032,100,100873,100,100022,100,101048,100,99957,100,101336,100,99924,100
2019-06-28 10:01:55.371947810,100178,203,100118,203,100391,303,100096,203,100523,203,100092,203,100559,203,100050,203,100662,100,100041,400,100747,100,100036,100,100814,100,100032,100,100873,100,100022,100,101048,100,99924,100,101336,100,99835,100
2019-06-28 10:02:00.000000000,100178,240,100118,240,100391,336,100096,236,100523,236,100092,236,100559,100,100050,100,100662,100,100041,400,100747,100,100036,100,100814,100,100032,100,100873,100,100022,100,101048,100,99924,100,101336,100,99835,100
2019-06-28 10:02:00.845283269,100178,240,100118,240,100391,336,100096,236,100490,100,100092,236,100523,236,100050,100,100559,100,100041,400,100662,100,100036,100,100747,100,100032,100,100814,100,100022,100,100873,100,99924,100,101048,100,99835,100
2019-06-28 10:02:10.000000000,100178,240,100118,240,100391,336,100096,236,100490,236,100092,236,100523,100,100050,100,100559,100,100041,400,100662,100,100036,100,100747,100,100032,100,100814,100,100022,100,100873,100,99924,100,101048,100,99835,100
2019-06-28 10:02:10.909856833,100178,240,100118,240,100347,100,100096,236,100391,336,100092,236,100490,236,100050,100,100523,100,100041,400,100559,100,100036,100,100662,100,100032,100,100747,100,100022,100,100814,100,99924,100,100873,100,99835,100
2019-06-28 10:02:11.532578393,100178,240,100118,140,100347,100,100096,236,100391,336,100092,236,100471,100,100050,100,100490,236,100041,400,100523,100,100036,100,100559,100,100032,100,100662,100,100022,100,100747,100,99924,100,100814,100,99835,100
2019-06-28 10:02:11.900021173,100178,240,100118,140,100347,100,100096,236,100391,436,100092,236,100471,100,100050,100,100490,236,100041,400,100523,100,100036,100,100559,100,100032,100,100662,100,100022,100,100747,100,99924,100,100814,100,99835,100
2019-06-28 10:02:13.436243355,100178,240,100118,240,100391,436,100096,236,100471,100,100092,236,100490,236,100050,100,100523,100,100041,400,100559,100,100036,100,100662,100,100032,100,100747,100,100022,100,100814,100,99924,100,100873,100,99835,100
2019-06-28 10:02:13.843604999,100178,240,100118,240,100383,100,100096,236,100391,436,100092,236,100471,100,100050,100,100490,236,100041,400,100523,100,100036,100,100559,100,100032,100,100662,100,100022,100,100747,100,99924,100,100814,100,99835,100
2019-06-28 10:02:20.000000000,100178,203,100118,203,100383,203,100096,203,100391,403,100092,203,100471,203,100050,203,100490,100,100041,400,100523,100,100036,100,100559,100,100032,100,100662,100,100022,100,100747,100,99924,100,100814,100,99835,100
2019-06-28 10:02:23.776259723,100178,203,100118,203,100383,203,100096,203,100391,403,100092,203,100471,203,100050,103,100490,100,100041,400,100523,100,100036,100,100559,100,100032,100,100662,100,100022,100,100747,100,99924,100,100814,100,99896,100
2019-06-28 10:02:24.705612317,100178,203,100118,203,100383,203,100096,203,100391,403,100092,203,100471,203,100050,103,100490,100,100041,500,100523,100,100036,100,100559,100,100032,100,100662,100,100022,100,100747,100,99924,100,100814,100,99896,100
2019-06-28 10:02:24.973619751,100178,203,100118,203,100244,100,100096,203,100383,203,100092,203,100391,403,100050,103,100471,203,100041,500,100490,100,100036,100,100523,100,100032,100,100559,100,100022,100,100662,100,99924,100,100747,100,99896,100
2019-06-28 10:02:29.215004222,100178,203,100118,203,100244,100,100096,203,100383,203,100092,203,100391,403,100050,103,100471,203,100041,600,100490,100,100036,100,100523,100,100032,100,100559,100,100022,100,100662,100,99924,100,100747,100,99896,100
2019-06-28 10:02:30.000000000,100178,306,100118,306,100244,306,100096,306,100383,100,100092,100,100391,300,100041,600,100471,100,100036,100,100490,100,100032,100,100523,100,100022,100,100559,100,99924,100,100662,100,99896,100,100747,100,99835,100
2019-06-28 10:02:38.718018325,100178,306,100118,306,100244,306,100096,206,100290,100,100092,100,100383,100,100041,600,100391,300,100036,100,100471,100,100032,100,100490,100,100022,100,100523,100,99924,100,100559,100,99896,100,100662,100,99835,100
2019-06-28 10:02:40.000000000,100178,306,100118,306,100244,306,100092,306,100290,100,100041,600,100383,100,100036,100,100391,300,100032,100,100471,100,100022,100,100490,100,99924,100,100523,100,99896,100,100559,100,99835,100,100662,100,99557,100
2019-06-28 10:02:50.000000000,100178,306,100118,306,100244,306,100092,306,100290,100,100041,600,100383,100,100036,100,100391,300,100032,100,100471,100,100022,100,100490,100,99924,100,100523,100,99896,100,100559,100,99835,100,100662,100,99557,100
2019-06-28 10:02:51.532896400,100178,306,100118,306,100244,306,100092,306,100273,100,100041,600,100290,100,100036,100,100383,100,100022,100,100391,300,99924,100,100471,100,99896,100,100490,100,99835,100,100523,100,99557,100,100559,100,98764,100
2019-06-28 10:03:00.000000000,100178,182,100118,182,100244,182,100092,182,100273,182,100041,682,100290,182,100036,182,100383,182,100022,182,100391,300,99924,100,100471,100,99896,100,100490,100,99835,100,100523,100,99557,100,100559,100,98764,100
2019-06-28 10:03:10.000000000,100178,182,100118,182,100244,182,100092,182,100273,182,100041,682,100290,182,100036,182,100383,182,100022,182,100391,300,99924,100,100471,100,99896,100,100490,100,99835,100,100523,100,99557,100,100559,100,98764,100
2019-06-28 10:03:19.606472262,100178,182,100118,182,100244,182,100092,182,100271,100,100041,682,100273,182,100036,182,100290,182,100022,182,100383,182,99924,100,100391,300,99896,100,100471,100,99835,100,100490,100,99557,100,100523,100,98764,100
2019-06-28 10:03:20.000000000,100178,512,100118,512,100244,100,100092,100,100271,100,100041,600,100273,100,100036,100,100290,100,100022,100,100383,100,99924,100,100391,300,99896,100,100471,100,99835,100,100490,100,99557,100,100523,100,98764,100
2019-06-28 10:03:30.000000000,100178,182,100118,182,100244,182,100092,182,100271,182,100041,682,100273,182,100036,182,100290,182,100022,182,100383,100,99924,100,100391,300,99896,100,100471,100,99835,100,100490,100,99557,100,100523,100,98764,100
2019-06-28 10:03:30.828728214,100178,182,100118,182,100244,182,100092,182,100256,100,100041,682,100271,182,100036,182,100273,182,100022,182,100290,182,99924,100,100383,100,99896,100,100391,300,99835,100,100471,100,99557,100,100490,100,98764,100
2019-06-28 10:03:40.000000000,100178,306,100118,306,100244,306,100092,306,100256,100,100041,600,100271,100,100036,100,100273,100,100022,100,100290,100,99924,100,100383,100,99896,100,100391,300,99835,100,100471,100,99557,100,100490,100,98764,100
2019-06-28 10:03:50.000000000,100178,512,100118,512,100244,100,100092,100,100256,100,100041,600,100271,100,100036,100,100273,100,100022,100,100290,100,99924,100,100383,100,99896,100,100391,300,99835,100,100471,100,99557,100,100490,100,98764,100
2019-06-28 10:03:52.283008620,100178,512,100118,512,100242,100,100092,100,100244,100,100041,600,100256,100,100036,100,100271,100,100022,100,100290,100,99924,100,100383,100,99896,100,100391,300,99835,100,100471,100,99557,100,100490,100,98764,100
2019-06-28 10:04:00.000000000,100178,306,100118,306,100242,306,100092,306,100244,100,100041,600,100256,100,100036,100,100271,100,100022,100,100290,100,99924,100,100383,100,99896,100,100391,300,99835,100,100471,100,99557,100,100490,100,98764,100
2019-06-28 10:04:00.841762277,100178,306,100118,306,100242,306,100092,306,100244,100,100041,500,100256,100,100036,100,100271,100,100022,100,100290,100,99924,100,100383,100,99896,100,100391,400,99835,100,100471,100,99557,100,100490,100,98764,100
2019-06-28 10:04:10.000000000,100178,203,100118,203,100242,203,100092,203,100244,203,100041,603,100256,203,100036,203,100271,100,100022,100,100290,100,99924,100,100383,100,99896,100,100391,400,99835,100,100471,100,99557,100,100490,100,98764,100
2019-06-28 10:04:20.000000000,100178,512,100118,512,100242,100,100092,100,100244,100,100041,500,100256,100,100036,100,100271,100,100022,100,100290,100,99924,100,100383,100,99896,100,100391,400,99835,100,100471,100,99557,100,100490,100,98764,100
2019-06-28 10:04:30.000000000,100178,203,100118,203,100242,203,100092,203,100244,203,100041,603,100256,203,100036,203,100271,100,100022,100,100290,100,99924,100,100383,100,99896,100,100391,400,99835,100,100471,100,99557,100,100490,100,98764,100
2019-06-28 10:04:30.023579605,100178,203,100118,203,100242,203,100092,203,100244,203,100041,603,100256,203,100036,203,100271,100,100022,100,100290,100,99924,100,100383,100,99896,100,100391,400,99835,100,100437,100,99557,100,100471,100,98764,100
2019-06-28 10:04:35.135751578,100178,203,100118,203,100242,203,100092,203,100244,203,100041,703,100256,203,100036,203,100271,100,100022,100,100290,100,99924,100,100383,100,99896,100,100391,300,99835,100,100437,100,99557,100,100471,100,98764,100
2019-06-28 10:04:36.279290810,100178,203,100118,203,100242,203,100092,203,100244,203,100041,703,100256,203,100036,203,100271,100,100022,100,100290,100,99924,100,100383,100,99896,100,100391,300,99835,100,100437,100,99557,100,100455,100,98764,100
2019-06-28 10:04:40.000000000,100178,306,100118,306,100242,306,100092,306,100244,100,100041,600,100256,100,100036,100,100271,100,100022,100,100290,100,99924,100,100383,100,99896,100,100391,300,99835,100,100437,100,99557,100,100455,100,98764,100
2019-06-28 10:04:46.584575155,100178,306,100118,306,100242,306,100092,306,100244,100,100041,500,100256,100,100036,100,100271,100,100022,100,100290,100,99924,100,100383,100,99896,100,100391,300,99835,100,100437,100,99557,100,100455,100,98764,100
2019-06-28 10:04:50.000000000,100178,512,100118,512,100242,100,100092,100,100244,100,100041,500,100256,100,100036,100,100271,100,100022,100,100290,100,99924,100,100383,100,99896,100,100391,300,99835,100,100437,100,99557,100,100455,100,98764,100
2019-06-28 10:04:54.874986808,100178,412,100118,512,100242,100,100092,100,100244,100,100041,500,100256,100,100036,100,100271,100,100022,100,100290,100,99924,100,100383,100,99896,100,100391,300,99835,100,100437,100,99557,100,100455,100,98764,100
2019-06-28 10:04:55.737154036,100178,312,100118,512,100242,100,100092,100,100244,100,100041,500,100256,100,100036,100,100271,100,100022,100,100290,100,99924,100,100383,100,99896,100,100391,300,99835,100,100437,100,99557,100,100455,100,98764,100
2019-06-28 10:05:00.000000000,100242,512,100118,512,100244,100,100092,100,100256,100,100041,500,100271,100,100036,100,100290,100,100022,100,100383,100,99924,100,100391,300,99896,100,100437,100,99835,100,100455,100,99557,100,100662,100,98764,100
2019-06-28 10:05:04.483026202,100242,412,100118,512,100244,100,100092,100,100256,100,100041,500,100271,100,100036,100,100290,100,100022,100,100383,100,99924,100,100391,300,99896,100,100437,100,99835,100,100455,100,99557,100,100662,100,98764,100
2019-06-28 10:05:05.001377045,100242,312,100118,512,100244,100,100092,100,100256,100,100041,500,100271,100,100036,100,100290,100,100022,100,100383,100,99924,100,100391,300,99896,100,100437,100,99835,100,100662,100,99557,100,100747,100,98764,100
2019-06-28 10:05:10.000000000,100244,240,100118,240,100256,236,100092,236,100271,236,100041,636,100290,100,100036,100,100383,100,100022,100,100391,300,99924,100,100437,100,99896,100,100662,100,99835,100,100747,100,99557,100,100814,100,98764,100
2019-06-28 10:05:20.000000000,100244,240,100118,240,100256,236,100092,236,100271,236,100041,636,100290,100,100036,100,100383,100,100022,100,100391,300,99924,100,100437,100,99896,100,100662,100,99835,100,100747,100,99557,100,100814,100,98764,100
2019-06-28 10:05:30.000000000,100244,203,100118,203,100256,203,100092,203,100271,203,100041,603,100290,203,100036,203,100383,100,100022,100,100391,300,99924,100,100437,100,99896,100,100662,100,99835,100,100747,100,99557,100,100814,100,98764,100
2019-06-28 10:05:40.000000000,100244,306,100118,306,100256,306,100092,306,100271,100,100041,500,100290,100,100036,100,100383,100,100022,100,100391,300,99924,100,100437,100,99896,100,100662,100,99835,100,100747,100,99557,100,100814,100,98764,100
2019-06-28 10:05:47.655426895,100244,206,100118,306,100256,306,100092,306,100271,100,100041,500,100290,100,100036,100,100383,100,100022,100,100391,300,99924,100,100437,100,99896,100,100662,100,99835,100,100747,100,99557,100,100814,100,98764,100
2019-06-28 10:05:50.000000000,100256,512,100118,512,100271,100,100092,100,100290,100,100041,500,100383,100,100036,100,100391,300,100022,100,100437,100,99924,100,100662,100,99896,100,100747,100,99835,100,100814,100,99557,100,100873,100,98764,100
2019-06-28 10:05:52.447549590,100256,412,100118,512,100271,100,100092,100,100290,100,100041,500,100383,100,100036,100,100391,300,100022,100,100437,100,99924,100,100662,100,99896,100,100747,100,99835,100,100814,100,99557,100,100873,100,98764,100
2019-06-28 10:05:54.312807201,100256,412,100244,100,100271,100,100118,512,100290,100,100092,100,100383,100,100041,400,100391,300,100036,100,100437,100,100022,100,100662,100,99924,100,100747,100,99896,100,100814,100,99835,100,100873,100,99557,100
2019-06-28 10:06:00.000000000,100271,182,100244,182,100290,182,100118,182,100383,182,100092,182,100391,382,100041,482,100437,182,100036,182,100662,100,100022,100,100747,100,99924,100,100814,100,99896,100,100873,100,99835,100,101048,100,99557,100
2019-06-28 10:06:02.186997244,100271,182,100244,82,100290,182,100118,182,100383,182,100092,182,100391,382,100041,482,100437,182,100036,182,100662,100,100022,100,100747,100,99924,100,100814,100,99896,100,100873,100,99835,100,101048,100,99557,100
2019-06-28 10:06:04.631908646,100244,18,100118,182,100271,82,100092,182,100290,182,100041,482,100383,182,100036,182,100391,382,100022,100,100437,182,99924,100,100662,100,99896,100,100747,100,99835,100,100814,100,99557,100,100873,100,98764,100
2019-06-28 10:06:06.150876002,100244,118,100118,182,100271,82,100092,182,100290,182,100041,482,100383,182,100036,182,100391,382,100022,100,100437,182,99924,100,100662,100,99896,100,100747,100,99835,100,100814,100,99557,100,100873,100,98764,100
2019-06-28 10:06:10.000000000,100244,221,100118,203,100290,203,100092,203,100383,203,100041,503,100391,403,100036,203,100437,100,100022,100,100662,100,99924,100,100747,100,99896,100,100814,100,99835,100,100873,100,99557,100,101048,100,98764,100
2019-06-28 10:06:20.000000000,100244,200,100118,182,100290,182,100092,182,100383,182,100041,482,100391,382,100036,182,100437,182,100022,182,100662,100,99924,100,100747,100,99896,100,100814,100,99835,100,100873,100,99557,100,101048,100,98764,100
2019-06-28 10:06:30.000000000,100244,258,100118,240,100290,236,100092,236,100383,236,100041,536,100391,300,100036,100,100437,100,100022,100,100662,100,99924,100,100747,100,99896,100,100814,100,99835,100,100873,100,99557,100,101048,100,98764,100
2019-06-28 10:06:30.661578062,100244,158,100118,240,100290,236,100092,136,100383,236,100041,536,100391,300,100036,100,100437,100,100022,100,100662,100,99924,100,100747,100,99896,100,100814,100,99835,100,100873,100,99557,100,101048,100,98764,100
2019-06-28 10:06:40.000000000,100244,224,100118,306,100290,306,100041,606,100383,100,100036,100,100391,300,100022,100,100437,100,99924,100,100662,100,99896,100,100747,100,99835,100,100814,100,99557,100,100873,100,98764,100,101048,100,,
2019-06-28 10:06:40.525109768,100244,124,100118,306,100290,306,100041,606,100383,100,100036,100,100391,300,100022,100,100437,100,99924,100,100662,100,99896,100,100747,100,99835,100,100814,100,99557,100,100873,100,98764,100,101048,100,,
2019-06-28 10:06:45.514955998,100244,124,100118,306,100290,306,100041,606,100383,100,100036,100,100391,300,100022,100,100437,100,99924,100,100662,100,99896,100,100747,100,99835,100,100873,100,99557,100,101048,100,98764,100,101336,100,,
2019-06-28 10:06:50.000000000,100290,203,100118,203,100383,203,100041,503,100391,403,100036,203,100437,203,100022,203,100662,100,99924,100,100747,100,99896,100,100873,100,99835,100,101048,100,99557,100,101336,100,98764,100,101542,100,,
2019-06-28 10:07:00.000000000,100290,240,100118,240,100383,236,100041,536,100391,436,100036,236,100437,100,100022,100,100662,100,99924,100,100747,100,99896,100,100873,100,99835,100,101048,100,99557,100,101336,100,98764,100,101542,100,,
2019-06-28 10:07:01.379242849,100290,240,100118,240,100383,236,100041,536,100391,436,100036,236,100662,100,100022,100,100747,100,99924,100,100873,200,99896,100,101048,100,99835,100,101336,100,99557,100,101542,100,98764,100,,,,
2019-06-28 10:07:10.000000000,100290,512,100118,512,100383,100,100041,400,100391,300,100036,100,100662,100,100022,100,100747,100,99924,100,100873,200,99896,100,101048,100,99835,100,101336,100,99557,100,101542,100,98764,100,,,,
2019-06-28 10:07:14.535517931,100290,512,100118,512,100383,100,100041,400,100387,100,100036,100,100391,300,100022,100,100662,100,99924,100,100747,100,99835,100,100873,200,99557,100,101048,100,98764,100,101336,100,,,101542,100,,
2019-06-28 10:07:16.752378063,100290,512,100244,100,100383,100,100118,512,100387,100,100041,400,100391,300,100036,100,100662,100,100022,100,100747,100,99924,100,100873,200,99835,100,101048,100,99557,100,101336,100,98764,100,101542,100,,
2019-06-28 10:07:20.000000000,100290,203,100244,203,100383,203,100118,203,100387,203,100041,503,100391,403,100036,203,100662,100,100022,100,100747,100,99924,100,100873,200,99835,100,101048,100,99557,100,101336,100,98764,100,101542,100,,
2019-06-28 10:07:30.000000000,100290,512,100244,512,100383,100,100118,100,100387,100,100041,400,100391,300,100036,100,100662,100,100022,100,100747,100,99924,100,100873,200,99835,100,101048,100,99557,100,101336,100,98764,100,101542,100,,
2019-06-28 10:07:40.000000000,100290,306,100244,306,100383,306,100118,306,100387,100,100041,400,100391,300,100036,100,100662,100,100022,100,100747,100,99924,100,100873,200,99835,100,101048,100,99557,100,101336,100,98764,100,101542,100,,
2019-06-28 10:07:50.000000000,100290,203,100244,203,100383,203,100118,203,100387,203,100041,503,100391,403,100036,203,100662,100,100022,100,100747,100,99924,100,100873,200,99835,100,101048,100,99557,100,101336,100,98764,100,101542,100,,
2019-06-28 10:07:52.054384046,100290,103,100244,203,100383,203,100118,203,100387,203,100041,503,100391,403,100036,203,100662,100,100022,100,100747,100,99924,100,100873,200,99835,100,101048,100,99557,100,101336,100,98764,100,101542,100,,
2019-06-28 10:08:00.000000000,100383,182,100244,182,100387,182,100118,182,100391,382,100041,482,100662,182,100036,182,100747,182,100022,182,100873,200,99924,100,101048,100,99835,100,101336,100,99557,100,101542,100,98764,100,,,,
2019-06-28 10:08:10.000000000,100383,182,100244,182,100387,182,100118,182,100391,382,100041,482,100662,182,100036,182,100747,182,100022,182,100873,200,99924,100,101048,100,99835,100,101336,100,99557,100,101542,100,98764,100,,,,
2019-06-28 10:08:14.060184471,100383,182,100244,182,100387,182,100118,182,100391,382,100041,482,100474,100,100036,182,100662,182,100022,182,100747,182,99924,100,100873,200,99835,100,101048,100,99557,100,101336,100,98764,100,101542,100,,
2019-06-28 10:08:20.000000000,100383,240,100244,240,100387,236,100118,236,100391,436,100041,536,100474,100,100036,100,100662,100,100022,100,100747,100,99924,100,100873,200,99835,100,101048,100,99557,100,101336,100,98764,100,101542,100,,
2019-06-28 10:08:28.025166897,100383,140,100244,240,100387,236,100118,236,100391,436,100041,536,100474,100,100036,100,100662,100,100022,100,100747,100,99924,100,100873,200,99835,100,101048,100,99557,100,101336,100,98764,100,101542,100,,
2019-06-28 10:08:30.000000000,100387,512,100244,512,100391,300,100118,100,100474,100,100041,400,100662,100,100036,100,100747,100,100022,100,100873,200,99924,100,101048,100,99835,100,101336,100,99557,100,101542,100,98764,100,,,,
2019-06-28 10:08:40.000000000,100387,182,100244,182,100391,382,100118,182,100474,182,100041,482,100662,182,100036,182,100747,182,100022,182,100873,200,99924,100,101048,100,99835,100,101336,100,99557,100,101542,100,98764,100,,,,
2019-06-28 10:08:50.000000000,100387,182,100244,182,100391,382,100118,182,100474,182,100041,482,100662,182,100036,182,100747,182,100022,182,100873,200,99924,100,101048,100,99835,100,101336,100,99557,100,101542,100,98764,100,,,,
2019-06-28 10:08:59.921096244,100289,100,100244,182,100387,182,100118,182,100391,382,100041,482,100474,182,100036,182,100662,182,100022,182,100747,182,99924,100,100873,200,99835,100,101048,100,99557,100,101336,100,98764,100,101542,100,,
2019-06-28 10:09:00.000000000,100289,240,100244,240,100387,236,100118,236,100391,436,100041,536,100474,100,100036,100,100662,100,100022,100,100747,100,99924,100,100873,200,99835,100,101048,100,99557,100,101336,100,98764,100,101542,100,,
2019-06-28 10:09:10.000000000,100289,182,100244,182,100387,182,100118,182,100391,382,100041,482,100474,182,100036,182,100662,182,100022,182,100747,100,99924,100,100873,200,99835,100,101048,100,99557,100,101336,100,98764,100,101542,100,,
