,ask_price_1,ask_size_1,bid_price_1,bid_size_1,ask_price_2,ask_size_2,bid_price_2,bid_size_2,ask_price_3,ask_size_3,bid_price_3,bid_size_3,ask_price_4,ask_size_4,bid_price_4,bid_size_4,ask_price_5,ask_size_5,bid_price_5,bid_size_5,ask_price_6,ask_size_6,bid_price_6,bid_size_6,ask_price_7,ask_size_7,bid_price_7,bid_size_7,ask_price_8,ask_size_8,bid_price_8,bid_size_8,ask_price_9,ask_size_9,bid_price_9,bid_size_9,ask_price_10,ask_size_10,bid_price_10,bid_size_10
2019-06-28 09:30:00.000000000,99998,100,,,,,,,,,,,,,,,,,,,,,,,,,,,,,,,,,,,,,,
2019-06-28 09:30:00.000000001,99998,100,99899,100,,,,,,,,,,,,,,,,,,,,,,,,,,,,,,,,,,,,
2019-06-28 09:30:00.000000003,99973,100,99920,100,99998,100,99899,100,100146,100,,,,,,,,,,,,,,,,,,,,,,,,,,,,,,
2019-06-28 09:30:00.000000004,99973,100,99920,100,99998,100,99899,100,100146,100,99876,100,,,,,,,,,,,,,,,,,,,,,,,,,,,,
2019-06-28 09:30:00.000000006,99973,100,99920,100,99998,100,99899,100,100028,100,99876,100,100146,100,,,,,,,,,,,,,,,,,,,,,,,,,,
2019-06-28 09:30:00.000000007,99998,100,99929,100,100028,100,99920,100,100146,100,99899,100,,,99890,100,,,99876,100,,,,,,,,,,,,,,,,,,,,
2019-06-28 09:30:00.000000011,99998,100,99929,100,100028,100,99920,100,100146,100,99899,100,,,99898,100,,,99890,100,,,99876,100,,,,,,,,,,,,,,,,
2019-06-28 09:30:00.000000012,99998,100,99929,100,100028,100,99920,100,100080,100,99899,100,100146,100,99898,100,,,99890,100,,,99876,100,,,,,,,,,,,,,,,,
2019-06-28 09:30:00.000000014,99998,100,99929,100,100028,100,99920,100,100080,100,99899,100,100146,100,99898,100,,,99890,100,,,99876,100,,,,,,,,,,,,,,,,
2019-06-28 09:30:00.000000015,99987,100,99929,100,99998,100,99920,100,100028,100,99899,100,100080,100,99898,100,100146,100,99890,100,,,99876,100,,,,,,,,,,,,,,,,
2019-06-28 09:30:00.000000016,99987,100,99929,100,99998,100,99920,100,100028,100,99899,100,100061,100,99898,100,100080,100,99890,100,100146,100,99876,100,,,,,,,,,,,,,,,,
2019-06-28 09:30:00.000000018,99987,100,99980,100,99998,100,99929,100,100028,100,99920,100,100061,100,99899,100,100080,100,99898,100,100146,100,99890,100,,,99876,100,,,,,,,,,,,,
2019-06-28 09:30:00.000000023,99987,100,99980,100,99998,100,99973,100,100028,100,99929,100,100061,100,99920,100,100080,100,99899,100,100146,100,99898,100,,,99890,100,,,99876,100,,,,,,,,
2019-06-28 09:30:00.000000025,99987,100,99980,100,99998,100,99973,100,100028,100,99929,100,100031,100,99920,100,100061,100,99899,100,100080,100,99898,100,100146,100,99890,100,,,99876,100,,,,,,,,
2019-06-28 09:30:00.000000026,99987,100,99980,100,99998,100,99973,100,100019,100,99929,100,100028,100,99920,100,100031,100,99899,100,100061,100,99898,100,100080,100,99890,100,100146,100,99876,100,,,,,,,,
2019-06-28 09:30:00.000000028,99987,100,99980,100,99998,100,99973,100,100019,100,99929,100,100028,100,99920,100,100031,100,99899,100,100061,100,99898,100,100080,100,99890,100,100146,100,99876,100,100189,100,99859,100,,,,
2019-06-28 09:30:00.000000035,99987,100,99980,100,99998,100,99973,100,100019,100,99951,100,100028,100,99929,100,100031,100,99920,100,100061,100,99899,100,100080,100,99898,100,100146,100,99890,100,100189,100,99876,100,,,99859,100
2019-06-28 09:30:00.000000036,99987,200,99980,100,99998,100,99973,100,100019,100,99951,100,100028,100,99929,100,100031,100,99920,100,100061,100,99899,100,100080,100,99898,100,100146,100,99890,100,100189,100,99876,100,,,99859,100
2019-06-28 09:30:00.000000040,99987,200,99973,100,99998,100,99951,100,100019,100,99929,100,100028,100,99920,100,100031,100,99919,100,100061,100,99899,100,100080,100,99898,100,100112,100,99890,100,100146,100,99876,100,100189,100,99859,100
2019-06-28 09:30:00.000000041,99987,200,99973,100,99998,100,99951,100,100019,100,99929,100,100028,100,99920,100,100031,100,99919,100,100061,100,99899,100,100080,100,99898,100,100086,100,99890,100,100112,100,99876,100,100146,100,99859,100
2019-06-28 09:30:00.000000043,99987,200,99973,100,99998,100,99951,100,100019,100,99929,100,100028,100,99920,100,100031,100,99919,100,100061,100,99899,100,100080,100,99898,100,100086,100,99890,100,100112,100,99876,100,100146,100,99859,200
2019-06-28 09:30:00.000000047,99987,200,99973,100,99998,100,99951,100,100019,200,99929,100,100028,100,99920,100,100031,100,99919,100,100061,100,99899,100,100080,100,99898,100,100086,100,99890,100,100112,100,99876,100,100146,100,99859,200
2019-06-28 09:30:00.000000048,99987,200,99973,100,99998,100,99951,100,100019,200,99929,100,100028,100,99920,100,100031,100,99919,100,100061,100,99899,100,100080,100,99898,100,100086,100,99890,100,100112,100,99876,100,100146,100,99859,200
2019-06-28 09:30:00.000000052,99987,200,99973,100,99998,100,99951,100,100019,200,99929,100,100028,100,99920,100,100031,100,99919,100,100045,100,99899,100,100061,100,99898,100,100080,100,99890,100,100086,100,99876,100,100112,100,99859,200
2019-06-28 09:30:00.000000055,99987,200,99973,100,99998,100,99951,100,100019,200,99929,100,100028,100,99920,100,100031,100,99919,100,100045,100,99899,100,100061,100,99898,100,100080,100,99890,100,100086,100,99876,100,100112,100,99859,200
2019-06-28 09:30:00.000000056,99987,200,99973,100,99998,100,99951,100,100019,200,99929,100,100028,100,99920,100,100031,100,99919,100,100045,100,99899,100,100061,100,99898,100,100080,100,99890,100,100086,100,99876,100,100112,100,99859,200
2019-06-28 09:30:00.000000057,99987,200,99980,100,99998,100,99973,100,100019,200,99951,100,100021,100,99929,100,100028,100,99920,100,100031,100,99919,100,100045,100,99899,100,100061,100,99898,100,100080,100,99890,100,100086,100,99876,100
2019-06-28 09:30:00.000000059,99987,200,99980,100,99998,100,99973,100,100019,200,99951,100,100021,100,99929,100,100028,100,99920,100,100031,100,99919,100,100045,100,99899,100,100061,100,99898,100,100080,100,99890,100,100086,100,99888,100
2019-06-28 09:30:00.000000061,99987,200,99980,200,99998,100,99973,100,100019,200,99951,100,100021,100,99929,100,100028,100,99920,100,100031,100,99919,100,100045,100,99899,100,100061,100,99898,100,100080,100,99890,100,100086,100,99888,100
2019-06-28 09:30:00.000000063,99987,200,99980,200,99998,100,99973,100,100019,200,99951,100,100021,100,99929,100,100028,100,99920,100,100031,100,99919,100,100045,100,99899,100,100061,100,99898,100,100080,100,99890,100,100086,100,99888,100
2019-06-28 09:30:00.000000066,99987,100,99980,200,99998,100,99973,100,100019,200,99951,100,100021,100,99929,100,100028,100,99920,100,100031,100,99919,100,100045,100,99899,100,100061,100,99898,100,100080,100,99890,100,100086,100,99888,100
2019-06-28 09:30:00.000000068,99987,300,99980,100,99998,100,99973,100,100019,200,99951,100,100021,100,99929,100,100028,100,99920,100,100031,100,99919,100,100045,100,99899,100,100061,100,99898,100,100080,100,99890,100,100086,100,99888,100
2019-06-28 09:30:00.000000069,99987,400,99980,100,99998,100,99973,100,100019,200,99951,100,100021,100,99929,100,100028,100,99920,100,100031,100,99919,100,100045,100,99899,100,100061,100,99898,100,100080,100,99890,100,100086,100,99888,100
2019-06-28 09:30:00.000000071,99987,400,99980,100,99998,100,99973,100,100019,200,99951,100,100021,100,99929,100,100028,100,99920,100,100031,100,99919,100,100045,100,99899,100,100060,100,99898,100,100061,100,99890,100,100080,100,99888,100
2019-06-28 09:30:00.000000075,99987,400,99980,100,99998,100,99973,100,100019,200,99951,100,100021,100,99929,100,100028,100,99920,100,100031,100,99919,100,100045,100,99899,100,100060,100,99898,100,100061,100,99893,100,100080,100,99890,100
2019-06-28 09:30:00.000000076,99987,300,99980,100,99998,100,99973,100,100019,200,99951,100,100021,100,99929,100,100028,100,99920,100,100031,100,99919,100,100045,100,99899,100,100060,100,99898,100,100061,100,99893,100,100080,100,99890,100
2019-06-28 09:30:00.000000078,99987,300,99980,200,99998,100,99973,100,100019,200,99951,100,100021,100,99929,100,100028,100,99920,100,100031,100,99919,100,100045,100,99899,100,100060,100,99898,100,100061,100,99893,100,100080,100,99890,100
2019-06-28 09:30:00.000000080,99987,300,99980,200,99998,100,99973,100,100019,200,99951,100,100021,100,99929,100,100028,100,99920,100,100031,100,99919,100,100045,100,99899,100,100060,100,99898,100,100061,100,99893,100,100075,100,99890,100
2019-06-28 09:30:00.000000081,99987,300,99980,200,99998,100,99973,100,100019,200,99951,100,100021,100,99929,100,100028,100,99920,100,100031,100,99919,100,100045,100,99899,100,100060,100,99898,100,100061,100,99893,100,100075,100,99890,100
2019-06-28 09:30:00.000000082,99987,300,99980,300,99998,100,99973,100,100019,200,99951,100,100021,100,99942,100,100028,100,99929,100,100031,100,99928,100,100045,100,99920,100,100060,100,99919,100,100061,100,99899,100,100075,100,99898,100
2019-06-28 09:30:00.000000083,99987,200,99980,300,99998,100,99973,100,100019,200,99951,100,100021,100,99942,100,100028,100,99929,100,100031,100,99928,100,100045,100,99920,100,100060,100,99919,100,100061,100,99899,100,100075,100,99898,100
2019-06-28 09:30:00.000000084,99987,200,99980,300,99998,100,99973,100,100019,200,99951,100,100021,100,99942,100,100028,100,99929,100,100031,100,99928,100,100045,100,99920,100,100060,100,99919,100,100061,100,99899,100,100075,100,99898,100
2019-06-28 09:30:00.000000085,99987,200,99980,300,99998,100,99973,100,100019,200,99951,100,100021,100,99942,100,100028,100,99929,100,100031,100,99928,100,100045,100,99920,100,100060,100,99919,100,100061,100,99899,100,100075,100,99898,100
2019-06-28 09:30:00.000000087,99987,200,99980,300,99998,100,99973,100,100019,200,99951,100,100021,100,99942,100,100028,100,99931,100,100031,100,99929,100,100045,100,99928,100,100060,100,99920,100,100061,100,99919,100,100075,100,99899,100
2019-06-28 09:30:00.000000091,99986,100,99980,300,99987,200,99973,100,99998,100,99951,100,100019,200,99942,100,100021,100,99931,100,100028,100,99929,100,100031,100,99928,100,100045,100,99920,100,100060,100,99919,100,100061,100,99899,100
2019-06-28 09:30:00.000000094,99986,100,99980,300,99987,200,99973,100,99998,100,99951,100,100019,200,99942,100,100021,100,99931,100,100028,100,99929,100,100031,100,99928,100,100045,100,99920,100,100060,100,99919,100,100061,100,99899,100
2019-06-28 09:30:00.000000097,99986,200,99980,300,99987,200,99973,100,99998,100,99951,100,100009,100,99942,100,100019,200,99931,100,100021,100,99929,100,100028,100,99928,100,100031,100,99920,100,100045,100,99919,100,100060,100,99899,100
2019-06-28 09:30:00.000000099,99986,200,99980,300,99987,200,99973,100,99998,100,99951,100,100009,100,99942,100,100019,200,99931,100,100021,100,99929,100,100028,100,99928,100,100031,100,99920,100,100045,100,99919,100,100060,100,99899,100
2019-06-28 09:30:04.135125561,99986,100,99980,300,99987,200,99973,100,99998,100,99951,100,100009,100,99942,100,100019,200,99931,100,100021,100,99929,100,100028,100,99928,100,100031,100,99920,100,100045,100,99919,100,100060,100,99899,100
2019-06-28 09:30:05.773186389,99986,100,99980,300,99987,200,99973,100,99998,100,99951,100,100009,100,99942,100,100014,100,99931,100,100019,100,99929,100,100021,100,99928,100,100028,100,99920,100,100031,100,99919,100,100045,100,99899,100
2019-06-28 09:30:10.000000000,99986,170,99980,370,99987,270,99973,170,99998,170,99951,170,100009,170,99942,170,100014,170,99931,170,100019,100,99929,100,100021,100,99928,100,100028,100,99920,100,100031,100,99919,100,100045,100,99899,100
2019-06-28 09:30:20.000000000,99986,170,99980,370,99987,270,99973,170,99998,170,99951,170,100009,170,99942,170,100014,170,99931,170,100019,100,99929,100,100021,100,99928,100,100028,100,99920,100,100031,100,99919,100,100045,100,99899,100
2019-06-28 09:30:24.743742412,99986,170,99980,370,99987,270,99973,170,99998,170,99951,170,100009,170,99942,170,100014,170,99931,170,100019,100,99929,100,100021,100,99928,100,100028,100,99920,100,100031,100,99919,100,100045,100,99899,100
2019-06-28 09:30:30.000000000,99986,274,99980,474,99987,374,99973,274,99998,100,99951,100,100009,100,99942,100,100014,100,99931,100,100019,100,99929,100,100021,100,99928,100,100028,100,99920,100,100031,100,99919,100,100045,100,99899,100
2019-06-28 09:30:39.735866313,99986,274,99980,474,99987,374,99973,274,99998,100,99951,100,100009,100,99942,100,100014,100,99931,100,100019,100,99929,100,100021,100,99928,100,100028,100,99920,100,100031,100,99919,100,100045,100,99899,100
2019-06-28 09:30:40.000000000,99986,219,99980,419,99987,315,99973,215,99998,215,99951,215,100009,100,99942,100,100014,100,99931,100,100019,100,99929,100,100021,100,99928,100,100028,100,99920,100,100031,100,99919,100,100045,100,99899,100
2019-06-28 09:30:45.308024272,99986,219,99980,419,99987,315,99973,215,99998,215,99951,215,100009,100,99942,100,100014,100,99931,100,100019,100,99929,100,100021,100,99928,100,100028,100,99920,100,100031,100,99919,100,100045,100,99899,100
2019-06-28 09:30:50.000000000,99986,187,99980,387,99987,287,99973,187,99998,187,99951,187,100009,187,99942,187,100014,100,99931,100,100019,100,99929,100,100021,100,99928,100,100028,100,99920,100,100031,100,99919,100,100045,100,99899,100
2019-06-28 09:30:51.777892356,99986,187,99980,387,99987,287,99973,187,99998,187,99951,187,100009,187,99942,187,100014,100,99931,100,100019,100,99928,100,100021,100,99920,100,100028,100,99919,100,100031,100,99899,100,100045,100,99898,100
2019-06-28 09:31:00.000000000,99986,449,99980,649,99987,200,99973,100,99998,100,99951,100,100009,100,99942,100,100014,100,99931,100,100019,100,99928,100,100021,100,99920,100,100028,100,99919,100,100031,100,99899,100,100045,100,99898,100
2019-06-28 09:31:01.101850306,99986,449,99980,649,99987,200,99973,100,99998,100,99951,100,100009,100,99942,100,100014,100,99931,100,100019,100,99928,100,100021,100,99920,100,100028,100,99919,100,100031,100,99899,100,100045,100,99893,100
2019-06-28 09:31:05.950055969,99986,449,99980,649,99987,200,99973,100,99998,100,99951,100,100009,100,99942,100,100014,100,99931,100,100019,100,99928,100,100021,100,99920,100,100028,100,99919,100,100031,100,99899,100,100045,100,99893,100
2019-06-28 09:31:06.527592140,99986,449,99980,649,99987,200,99973,100,99998,100,99951,100,100009,100,99942,100,100019,100,99931,100,100021,100,99928,100,100028,100,99920,100,100031,100,99919,100,100045,100,99899,100,100060,100,99893,100
2019-06-28 09:31:10.000000000,99986,274,99980,474,99987,374,99973,274,99998,100,99951,100,100009,100,99942,100,100019,100,99931,100,100021,100,99928,100,100028,100,99920,100,100031,100,99919,100,100045,100,99899,100,100060,100,99893,100
2019-06-28 09:31:20.000000000,99986,187,99980,387,99987,287,99973,187,99998,187,99951,187,100009,187,99942,187,100019,100,99931,100,100021,100,99928,100,100028,100,99920,100,100031,100,99919,100,100045,100,99899,100,100060,100,99893,100
2019-06-28 09:31:30.000000000,99986,274,99980,474,99987,374,99973,274,99998,100,99951,100,100009,100,99942,100,100019,100,99931,100,100021,100,99928,100,100028,100,99920,100,100031,100,99919,100,100045,100,99899,100,100060,100,99893,100
2019-06-28 09:31:38.002680391,99986,74,99980,474,99987,374,99973,274,99998,100,99951,100,100009,100,99942,100,100019,100,99931,100,100021,100,99928,100,100028,100,99920,100,100031,100,99919,100,100045,100,99899,100,100060,100,99893,100
2019-06-28 09:31:40.000000000,99987,549,99980,649,99998,100,99973,100,100009,100,99951,100,100019,100,99942,100,100021,100,99931,100,100028,100,99928,100,100031,100,99920,100,100045,100,99919,100,100060,100,99899,100,100075,100,99893,100
2019-06-28 09:31:50.000000000,99987,374,99980,474,99998,274,99973,274,100009,100,99951,100,100019,100,99942,100,100021,100,99931,100,100028,100,99928,100,100031,100,99920,100,100045,100,99919,100,100060,100,99899,100,100075,100,99893,100
2019-06-28 09:31:50.129142123,99987,274,99980,474,99998,274,99973,274,100009,100,99951,100,100019,100,99942,100,100028,100,99931,100,100031,100,99928,100,100045,100,99920,100,100060,100,99919,100,100075,100,99899,100,100080,100,99893,100
2019-06-28 09:32:00.000000000,99987,449,99980,649,99998,100,99973,100,100009,100,99951,100,100019,100,99942,100,100028,100,99931,100,100031,100,99928,100,100045,100,99920,100,100060,100,99919,100,100075,100,99899,100,100080,100,99893,100
2019-06-28 09:32:10.000000000,99987,170,99980,370,99998,170,99973,170,100009,170,99951,170,100019,170,99942,170,100028,170,99931,170,100031,100,99928,100,100045,100,99920,100,100060,100,99919,100,100075,100,99899,100,100080,100,99893,100
2019-06-28 09:32:20.000000000,99987,449,99980,649,99998,100,99973,100,100009,100,99951,100,100019,100,99942,100,100028,100,99931,100,100031,100,99928,100,100045,100,99920,100,100060,100,99919,100,100075,100,99899,100,100080,100,99893,100
2019-06-28 09:32:26.351648764,99987,449,99980,549,99998,100,99973,100,100009,100,99951,100,100019,100,99942,100,100028,100,99931,100,100031,100,99928,100,100045,100,99920,100,100060,100,99919,100,100075,100,99899,100,100080,100,99893,100
2019-06-28 09:32:30.000000000,99987,449,99980,549,99998,100,99973,100,100009,100,99951,100,100019,100,99942,100,100028,100,99931,100,100031,100,99928,100,100045,100,99920,100,100060,100,99919,100,100075,100,99899,100,100080,100,99893,100
2019-06-28 09:32:36.256065290,99987,449,99980,549,99998,100,99973,100,100009,100,99951,100,100019,100,99942,100,100028,100,99931,100,100031,100,99928,100,100045,100,99920,100,100060,100,99919,100,100075,100,99899,100,100080,100,99893,100
2019-06-28 09:32:40.000000000,99987,449,99980,549,99998,100,99973,100,100009,100,99951,100,100019,100,99942,100,100028,100,99931,100,100031,100,99928,100,100045,100,99920,100,100060,100,99919,100,100075,100,99899,100,100080,100,99893,100
2019-06-28 09:32:50.000000000,99987,449,99980,549,99998,100,99973,100,100009,100,99951,100,100019,100,99942,100,100028,100,99931,100,100031,100,99928,100,100045,100,99920,100,100060,100,99919,100,100075,100,99899,100,100080,100,99893,100
2019-06-28 09:33:00.000000000,99987,274,99980,374,99998,274,99973,274,100009,100,99951,100,100019,100,99942,100,100028,100,99931,100,100031,100,99928,100,100045,100,99920,100,100060,100,99919,100,100075,100,99899,100,100080,100,99893,100
2019-06-28 09:33:10.000000000,99987,219,99980,319,99998,215,99973,215,100009,215,99951,215,100019,100,99942,100,100028,100,99931,100,100031,100,99928,100,100045,100,99920,100,100060,100,99919,100,100075,100,99899,100,100080,100,99893,100
2019-06-28 09:33:10.462696687,99987,219,99980,319,99998,215,99973,215,100009,215,99951,215,100019,100,99942,100,100028,100,99931,100,100031,100,99928,100,100045,100,99920,100,100060,100,99919,100,100075,100,99899,100,100080,100,99893,100
2019-06-28 09:33:20.000000000,99987,170,99980,270,99998,170,99973,170,100009,170,99951,170,100019,170,99942,170,100028,170,99931,170,100031,100,99928,100,100045,100,99920,100,100060,100,99919,100,100075,100,99899,100,100080,100,99893,100
2019-06-28 09:33:21.913755292,99987,170,99980,170,99998,170,99973,170,100009,170,99951,170,100019,170,99942,170,100028,170,99931,170,100031,100,99928,100,100045,100,99920,100,100060,100,99919,100,100075,100,99899,100,100080,100,99893,100
2019-06-28 09:33:28.359125131,99987,170,99980,70,99998,170,99973,170,100009,170,99951,170,100019,170,99942,170,100028,170,99931,170,100031,100,99928,100,100060,100,99920,100,100075,100,99919,100,100080,100,99899,100,100086,100,99893,100
2019-06-28 09:33:30.000000000,99987,219,99973,219,99998,215,99951,215,100009,215,99942,215,100019,100,99931,100,100028,100,99928,100,100031,100,99920,100,100060,100,99919,100,100075,100,99899,100,100080,100,99893,100,100086,100,99890,100
2019-06-28 09:33:39.974720050,99987,219,99973,119,99998,215,99951,215,100009,215,99942,215,100019,100,99931,100,100028,100,99928,100,100031,100,99920,100,100060,100,99919,100,100075,100,99899,100,100080,100,99893,100,100086,100,99890,100
2019-06-28 09:33:40.000000000,99987,219,99951,219,99998,215,99942,215,100009,215,99931,215,100019,100,99928,100,100028,100,99920,100,100031,100,99919,100,100060,100,99899,100,100075,100,99893,100,100080,100,99890,100,100086,100,99888,100
2019-06-28 09:33:50.000000000,99987,219,99951,219,99998,215,99942,215,100009,215,99931,215,100019,100,99928,100,100028,100,99920,100,100031,100,99919,100,100060,100,99899,100,100075,100,99893,100,100080,100,99890,100,100086,100,99888,100
2019-06-28 09:33:52.426272660,99980,100,99951,219,99987,219,99942,215,99998,215,99931,215,100009,215,99928,100,100019,100,99920,100,100028,100,99919,100,100031,100,99899,100,100060,100,99893,100,100075,100,99890,100,100080,100,99888,100
2019-06-28 09:34:00.000000000,99980,187,99951,187,99987,187,99942,187,99998,187,99931,187,100009,187,99928,187,100019,100,99920,100,100028,100,99919,100,100031,100,99899,100,100060,100,99893,100,100075,100,99890,100,100080,100,99888,100
2019-06-28 09:34:10.000000000,99980,449,99951,449,99987,100,99942,100,99998,100,99931,100,100009,100,99928,100,100019,100,99920,100,100028,100,99919,100,100031,100,99899,100,100060,100,99893,100,100075,100,99890,100,100080,100,99888,100
2019-06-28 09:34:20.000000000,99980,219,99951,219,99987,215,99942,215,99998,215,99931,215,100009,100,99928,100,100019,100,99920,100,100028,100,99919,100,100031,100,99899,100,100060,100,99893,100,100075,100,99890,100,100080,100,99888,100
2019-06-28 09:34:30.000000000,99980,219,99951,219,99987,215,99942,215,99998,215,99931,215,100009,100,99928,100,100019,100,99920,100,100028,100,99919,100,100031,100,99899,100,100060,100,99893,100,100075,100,99890,100,100080,100,99888,100
2019-06-28 09:34:40.000000000,99980,187,99951,187,99987,187,99942,187,99998,187,99931,187,100009,187,99928,187,100019,100,99920,100,100028,100,99919,100,100031,100,99899,100,100060,100,99893,100,100075,100,99890,100,100080,100,99888,100
2019-06-28 09:34:41.691419039,99980,187,99951,87,99987,187,99942,187,99998,187,99931,187,100009,187,99928,187,100019,100,99920,100,100028,100,99919,100,100031,100,99899,100,100060,100,99893,100,100075,100,99890,100,100080,100,99888,100
2019-06-28 09:34:50.000000000,99980,274,99942,274,99987,274,99931,274,99998,100,99928,100,100009,100,99920,100,100019,100,99919,100,100028,100,99899,100,100031,100,99893,100,100060,100,99890,100,100075,100,99888,100,100080,100,99887,100
2019-06-28 09:35:00.000000000,99980,187,99942,187,99987,187,99931,187,99998,187,99928,187,100009,187,99920,187,100019,100,99919,100,100028,100,99899,100,100031,100,99893,100,100060,100,99890,100,100075,100,99888,100,100080,100,99887,100
2019-06-28 09:35:07.622635703,99977,100,99942,187,99980,187,99931,187,99987,187,99928,187,99998,187,99920,187,100009,187,99919,100,100019,100,99899,100,100028,100,99893,100,100031,100,99890,100,100060,100,99888,100,100080,100,99887,100
2019-06-28 09:35:10.000000000,99977,274,99942,274,99980,274,99931,274,99987,100,99928,100,99998,100,99920,100,100009,100,99919,100,100019,100,99899,100,100028,100,99893,100,100031,100,99890,100,100060,100,99888,100,100080,100,99887,100
2019-06-28 09:35:13.229549105,99977,274,99942,274,99980,274,99931,274,99987,100,99928,100,99998,100,99920,100,100009,100,99919,100,100019,100,99899,100,100028,100,99893,100,100031,100,99890,100,100060,100,99888,100,100080,100,99887,100
2019-06-28 09:35:20.000000000,99977,449,99942,449,99980,100,99931,100,99987,100,99928,100,99998,100,99920,100,100009,100,99919,100,100019,100,99899,100,100028,100,99893,100,100031,100,99890,100,100060,100,99888,100,100080,100,99887,100
2019-06-28 09:35:30.000000000,99977,170,99942,170,99980,170,99931,170,99987,170,99928,170,99998,170,99920,170,100009,170,99919,170,100019,100,99899,100,100028,100,99893,100,100031,100,99890,100,100060,100,99888,100,100080,100,99887,100
2019-06-28 09:35:40.000000000,99977,449,99942,449,99980,100,99931,100,99987,100,99928,100,99998,100,99920,100,100009,100,99919,100,100019,100,99899,100,100028,100,99893,100,100031,100,99890,100,100060,100,99888,100,100080,100,99887,100
2019-06-28 09:35:41.736254976,99977,449,99942,449,99980,100,99931,100,99987,100,99928,100,99998,100,99920,100,100009,100,99919,100,100019,100,99899,100,100028,100,99893,100,100031,100,99890,100,100060,100,99888,100,100080,100,99887,100
2019-06-28 09:35:48.687420620,99977,449,99942,449,99980,100,99931,100,99987,100,99928,100,99998,100,99919,100,100009,100,99899,100,100019,100,99893,100,100028,100,99890,100,100031,100,99888,100,100060,100,99887,100,100080,100,99861,100
2019-06-28 09:35:50.000000000,99977,274,99942,274,99980,274,99931,274,99987,100,99928,100,99998,100,99919,100,100009,100,99899,100,100019,100,99893,100,100028,100,99890,100,100031,100,99888,100,100060,100,99887,100,100080,100,99861,100
2019-06-28 09:35:58.611960099,99977,274,99942,274,99980,274,99931,274,99981,100,99928,100,99987,100,99919,100,99998,100,99899,100,100009,100,99893,100,100019,100,99890,100,100028,100,99888,100,100031,100,99887,100,100060,100,99861,100
2019-06-28 09:36:00.000000000,99977,219,99942,219,99980,215,99931,215,99981,215,99928,215,99987,100,99919,100,99998,100,99899,100,100009,100,99893,100,100019,100,99890,100,100028,100,99888,100,100031,100,99887,100,100060,100,99861,100
2019-06-28 09:36:10.000000000,99977,187,99942,187,99980,187,99931,187,99981,187,99928,187,99987,187,99919,187,99998,100,99899,100,100009,100,99893,100,100019,100,99890,100,100028,100,99888,100,100031,100,99887,100,100060,100,99861,100
2019-06-28 09:36:20.000000000,99977,274,99942,274,99980,274,99931,274,99981,100,99928,100,99987,100,99919,100,99998,100,99899,100,100009,100,99893,100,100019,100,99890,100,100028,100,99888,100,100031,100,99887,100,100060,100,99861,100
2019-06-28 09:36:30.000000000,99977,219,99942,219,99980,215,99931,215,99981,215,99928,215,99987,100,99919,100,99998,100,99899,100,100009,100,99893,100,100019,100,99890,100,100028,100,99888,100,100031,100,99887,100,100060,100,99861,100
2019-06-28 09:36:40.000000000,99977,449,99942,449,99980,100,99931,100,99981,100,99928,100,99987,100,99919,100,99998,100,99899,100,100009,100,99893,100,100019,100,99890,100,100028,100,99888,100,100031,100,99887,100,100060,100,99861,100
2019-06-28 09:36:49.128047067,99973,100,99942,449,99977,449,99931,100,99980,100,99928,100,99981,100,99919,100,99987,100,99899,100,99998,100,99893,100,100009,100,99890,100,100019,100,99888,100,100028,100,99887,100,100031,100,99861,100
2019-06-28 09:36:50.000000000,99973,449,99942,449,99977,100,99931,100,99980,100,99928,100,99981,100,99919,100,99987,100,99899,100,99998,100,99893,100,100009,100,99890,100,100019,100,99888,100,100028,100,99887,100,100031,100,99861,100
2019-06-28 09:36:53.003929205,99973,449,99942,449,99977,100,99931,100,99980,100,99928,100,99981,100,99919,100,99987,100,99899,100,99998,100,99893,100,100009,100,99890,100,100019,100,99888,100,100028,100,99861,100,100031,100,99859,100
2019-06-28 09:37:00.000000000,99973,170,99942,170,99977,170,99931,170,99980,170,99928,170,99981,170,99919,170,99987,170,99899,170,99998,100,99893,100,100009,100,99890,100,100019,100,99888,100,100028,100,99861,100,100031,100,99859,100
2019-06-28 09:37:02.846089281,99973,270,99942,170,99977,170,99931,170,99980,170,99928,170,99981,170,99919,170,99987,170,99899,170,99998,100,99893,100,100009,100,99890,100,100019,100,99888,100,100028,100,99861,100,100031,100,99859,100
2019-06-28 09:37:06.823668582,99973,270,99942,70,99977,170,99931,170,99980,170,99928,170,99981,170,99919,170,99987,170,99899,170,99998,100,99893,100,100009,100,99888,100,100019,100,99861,100,100028,100,99859,100,100031,100,99804,100
2019-06-28 09:37:10.000000000,99973,374,99931,274,99977,274,99928,274,99980,100,99919,100,99981,100,99899,100,99987,100,99893,100,99998,100,99888,100,100009,100,99861,100,100019,100,99859,100,100028,100,99804,100,100031,100,99794,100
2019-06-28 09:37:10.808900042,99973,374,99931,174,99977,274,99928,274,99980,100,99919,100,99981,100,99899,100,99987,100,99893,100,99998,100,99888,100,100009,100,99861,100,100019,100,99859,100,100028,100,99804,100,100031,100,99794,100
2019-06-28 09:37:13.696092461,99973,374,99931,74,99977,274,99928,274,99980,100,99919,100,99981,100,99899,100,99987,100,99893,100,99998,100,99888,100,100009,100,99861,100,100019,100,99859,100,100028,100,99804,100,100031,100,99794,100
2019-06-28 09:37:20.000000000,99973,319,99928,219,99977,215,99919,215,99980,215,99899,215,99981,100,99893,100,99987,100,99888,100,99998,100,99861,100,100009,100,99859,100,100019,100,99804,100,100028,100,99794,100,100031,100,99756,100
2019-06-28 09:37:22.363315306,99931,100,99928,219,99973,319,99919,215,99977,215,99899,215,99980,215,99893,100,99981,100,99888,100,99987,100,99861,100,99998,100,99859,100,100009,100,99804,100,100019,100,99794,100,100028,100,99756,100
2019-06-28 09:37:22.662842508,99931,100,99928,219,99973,319,99919,215,99977,215,99899,215,99980,215,99893,100,99981,100,99888,100,99987,100,99861,100,99998,100,99859,100,100009,100,99804,100,100019,100,99794,100,100028,100,99756,100
2019-06-28 09:37:30.000000000,99931,187,99928,187,99973,287,99919,187,99977,187,99899,187,99980,187,99893,187,99981,100,99888,100,99987,100,99861,100,99998,100,99859,100,100009,100,99804,100,100019,100,99794,100,100028,100,99756,100
2019-06-28 09:37:38.649736927,99931,187,99928,187,99973,287,99919,187,99977,187,99899,187,99980,187,99893,187,99981,100,99888,100,99987,100,99861,100,99998,100,99859,100,100009,100,99804,100,100019,100,99794,100,100028,100,99756,100
2019-06-28 09:37:38.977771813,99931,187,99928,187,99973,187,99919,187,99977,187,99899,187,99980,187,99893,187,99981,100,99888,100,99987,100,99861,100,99998,100,99859,100,100009,100,99804,100,100019,100,99794,100,100028,100,99756,100
2019-06-28 09:37:40.000000000,99931,170,99928,170,99973,170,99919,170,99977,170,99899,170,99980,170,99893,170,99981,170,99888,170,99987,100,99861,100,99998,100,99859,100,100009,100,99804,100,100019,100,99794,100,100028,100,99756,100
2019-06-28 09:37:50.000000000,99931,219,99928,219,99973,215,99919,215,99977,215,99899,215,99980,100,99893,100,99981,100,99888,100,99987,100,99861,100,99998,100,99859,100,100009,100,99804,100,100019,100,99794,100,100028,100,99756,100
2019-06-28 09:38:00.000000000,99931,187,99928,187,99973,187,99919,187,99977,187,99899,187,99980,187,99893,187,99981,100,99888,100,99987,100,99861,100,99998,100,99859,100,100009,100,99804,100,100019,100,99794,100,100028,100,99756,100
2019-06-28 09:38:10.000000000,99931,170,99928,170,99973,170,99919,170,99977,170,99899,170,99980,170,99893,170,99981,170,99888,170,99987,100,99861,100,99998,100,99859,100,100009,100,99804,100,100019,100,99794,100,100028,100,99756,100
2019-06-28 09:38:20.000000000,99931,170,99928,170,99973,170,99919,170,99977,170,99899,170,99980,170,99893,170,99981,170,99888,170,99987,100,99861,100,99998,100,99859,100,100009,100,99804,100,100019,100,99794,100,100028,100,99756,100
2019-06-28 09:38:30.000000000,99931,170,99928,170,99973,170,99919,170,99977,170,99899,170,99980,170,99893,170,99981,170,99888,170,99987,100,99861,100,99998,100,99859,100,100009,100,99804,100,100019,100,99794,100,100028,100,99756,100
2019-06-28 09:38:32.118086074,99931,170,99928,170,99973,170,99919,170,99977,170,99899,170,99980,170,99893,170,99981,170,99888,170,99987,100,99861,100,99998,100,99859,100,100009,100,99804,100,100019,100,99794,100,100028,100,99756,100
2019-06-28 09:38:40.000000000,99931,449,99928,449,99973,100,99919,100,99977,100,99899,100,99980,100,99893,100,99981,100,99888,100,99987,100,99861,100,99998,100,99859,100,100009,100,99804,100,100019,100,99794,100,100028,100,99756,100
2019-06-28 09:38:50.000000000,99931,187,99928,187,99973,187,99919,187,99977,187,99899,187,99980,187,99893,187,99981,100,99888,100,99987,100,99861,100,99998,100,99859,100,100009,100,99804,100,100019,100,99794,100,100028,100,99756,100
2019-06-28 09:38:55.690934919,99931,187,99928,187,99973,187,99919,187,99977,187,99899,187,99980,187,99893,187,99981,100,99888,100,99987,100,99861,100,99998,100,99859,100,100009,100,99804,100,100019,100,99794,100,100028,100,99756,100
2019-06-28 09:38:58.662365070,99931,87,99928,187,99973,187,99919,187,99977,187,99899,187,99980,187,99893,187,99981,100,99888,100,99987,100,99861,100,99998,100,99859,100,100009,100,99804,100,100019,100,99794,100,100028,100,99756,100
2019-06-28 09:39:00.000000000,99973,187,99928,187,99977,187,99919,187,99980,187,99899,187,99981,187,99893,187,99987,100,99888,100,99998,100,99861,100,100009,100,99859,100,100019,100,99804,100,100028,100,99794,100,100031,100,99756,100
2019-06-28 09:39:02.730052011,99973,187,99931,100,99977,187,99928,187,99980,187,99919,187,99981,187,99899,187,99987,100,99893,187,99998,100,99888,100,100009,100,99861,100,100019,100,99859,100,100028,100,99804,100,100031,100,99794,100
2019-06-28 09:39:10.000000000,99973,219,99931,219,99977,215,99928,215,99980,215,99919,215,99981,100,99899,100,99987,100,99893,100,99998,100,99888,100,100009,100,99861,100,100019,100,99859,100,100028,100,99804,100,100031,100,99794,100
2019-06-28 09:39:12.767020395,99973,219,99931,219,99977,215,99928,215,99980,215,99919,215,99981,100,99899,100,99987,100,99893,100,99998,100,99888,100,100009,100,99861,100,100019,100,99859,100,100028,100,99804,100,100031,100,99794,100
2019-06-28 09:39:20.000000000,99973,187,99931,187,99977,187,99928,187,99980,187,99919,187,99981,187,99899,187,99987,100,99893,100,99998,100,99888,100,100009,100,99861,100,100019,100,99859,100,100028,100,99804,100,100031,100,99794,100
2019-06-28 09:39:30.000000000,99973,187,99931,187,99977,187,99928,187,99980,187,99919,187,99981,187,99899,187,99987,100,99893,100,99998,100,99888,100,100009,100,99861,100,100019,100,99859,100,100028,100,99804,100,100031,100,99794,100
2019-06-28 09:39:40.000000000,99973,449,99931,449,99977,100,99928,100,99980,100,99919,100,99981,100,99899,100,99987,100,99893,100,99998,100,99888,100,100009,100,99861,100,100019,100,99859,100,100028,100,99804,100,100031,100,99794,100
2019-06-28 09:39:50.000000000,99973,219,99931,219,99977,215,99928,215,99980,215,99919,215,99981,100,99899,100,99987,100,99893,100,99998,100,99888,100,100009,100,99861,100,100019,100,99859,100,100028,100,99804,100,100031,100,99794,100
2019-06-28 09:40:00.000000000,99973,187,99931,187,99977,187,99928,187,99980,187,99919,187,99981,187,99899,187,99987,100,99893,100,99998,100,99888,100,100009,100,99861,100,100019,100,99859,100,100028,100,99804,100,100031,100,99794,100
2019-06-28 09:40:10.000000000,99973,170,99931,170,99977,170,99928,170,99980,170,99919,170,99981,170,99899,170,99987,170,99893,170,99998,100,99888,100,100009,100,99861,100,100019,100,99859,100,100028,100,99804,100,100031,100,99794,100
2019-06-28 09:40:16.412923554,99973,170,99931,170,99977,170,99928,170,99980,170,99919,170,99981,170,99903,100,99987,170,99899,70,99998,100,99893,170,100009,100,99888,100,100019,100,99861,100,100028,100,99859,100,100031,100,99804,100
2019-06-28 09:40:20.000000000,99973,187,99931,187,99977,187,99928,187,99980,187,99919,187,99981,187,99903,187,99987,100,99893,100,99998,100,99888,100,100009,100,99861,100,100019,100,99859,100,100028,100,99804,100,100031,100,99794,100
2019-06-28 09:40:30.000000000,99973,219,99931,219,99977,215,99928,215,99980,215,99919,215,99981,100,99903,100,99987,100,99893,100,99998,100,99888,100,100009,100,99861,100,100019,100,99859,100,100028,100,99804,100,100031,100,99794,100
2019-06-28 09:40:40.000000000,99973,449,99931,449,99977,100,99928,100,99980,100,99919,100,99981,100,99903,100,99987,100,99893,100,99998,100,99888,100,100009,100,99861,100,100019,100,99859,100,100028,100,99804,100,100031,100,99794,100
2019-06-28 09:40:50.000000000,99973,449,99931,449,99977,100,99928,100,99980,100,99919,100,99981,100,99903,100,99987,100,99893,100,99998,100,99888,100,100009,100,99861,100,100019,100,99859,100,100028,100,99804,100,100031,100,99794,100
2019-06-28 09:41:00.000000000,99973,274,99931,274,99977,274,99928,274,99980,100,99919,100,99981,100,99903,100,99987,100,99893,100,99998,100,99888,100,100009,100,99861,100,100019,100,99859,100,100028,100,99804,100,100031,100,99794,100
2019-06-28 09:41:09.777241265,99973,274,99931,274,99977,274,99928,274,99980,100,99919,100,99981,100,99893,100,99987,100,99888,100,99998,100,99861,100,100009,100,99859,100,100019,100,99804,100,100028,100,99794,100,100031,100,99756,100
2019-06-28 09:41:10.000000000,99973,170,99931,170,99977,170,99928,170,99980,170,99919,170,99981,170,99893,170,99987,170,99888,170,99998,100,99861,100,100009,100,99859,100,100019,100,99804,100,100028,100,99794,100,100031,100,99756,100
2019-06-28 09:41:20.000000000,99973,187,99931,187,99977,187,99928,187,99980,187,99919,187,99981,187,99893,187,99987,100,99888,100,99998,100,99861,100,100009,100,99859,100,100019,100,99804,100,100028,100,99794,100,100031,100,99756,100
2019-06-28 09:41:26.751580053,99973,187,99931,87,99977,187,99928,187,99980,187,99919,187,99981,187,99893,187,99987,100,99888,100,99998,100,99861,100,100009,100,99859,100,100019,100,99804,100,100028,100,99794,100,100031,100,99756,100
2019-06-28 09:41:27.865659917,99973,187,99931,87,99977,187,99928,187,99980,187,99919,187,99981,187,99902,100,99987,100,99893,187,99998,100,99888,100,100009,100,99861,100,100019,100,99859,100,100028,100,99804,100,100031,100,99794,100
2019-06-28 09:41:30.000000000,99973,219,99928,219,99977,215,99919,215,99980,215,99902,215,99981,100,99893,100,99987,100,99888,100,99998,100,99861,100,100009,100,99859,100,100019,100,99804,100,100028,100,99794,100,100031,100,99756,100
2019-06-28 09:41:30.884445725,99973,219,99928,219,99977,215,99919,215,99980,215,99902,215,99981,100,99893,100,99987,100,99888,100,99998,100,99861,100,100019,100,99859,100,100028,100,99857,100,100031,100,99804,100,100060,100,99794,100
2019-06-28 09:41:38.808541898,99973,219,99928,219,99977,215,99919,215,99980,215,99902,215,99981,100,99893,100,99987,100,99888,100,99998,100,99861,100,100019,100,99859,100,100028,100,99857,100,100031,100,99799,100,100060,100,99794,100
2019-06-28 09:41:40.000000000,99973,449,99928,449,99977,100,99919,100,99980,100,99902,100,99981,100,99893,100,99987,100,99888,100,99998,100,99861,100,100019,100,99859,100,100028,100,99857,100,100031,100,99799,100,100060,100,99794,100
2019-06-28 09:41:50.000000000,99973,219,99928,219,99977,215,99919,215,99980,215,99902,215,99981,100,99893,100,99987,100,99888,100,99998,100,99861,100,100019,100,99859,100,100028,100,99857,100,100031,100,99799,100,100060,100,99794,100
2019-06-28 09:41:59.375175277,99973,219,99928,219,99977,215,99919,215,99980,215,99902,215,99981,100,99893,100,99987,100,99888,100,99998,100,99861,100,100019,100,99859,100,100028,100,99857,100,100031,100,99799,100,100060,100,99794,100
2019-06-28 09:42:00.000000000,99973,170,99928,170,99977,170,99919,170,99980,170,99902,170,99981,170,99893,170,99987,170,99888,170,99998,100,99861,100,100019,100,99859,100,100028,100,99857,100,100031,100,99799,100,100060,100,99794,100
2019-06-28 09:42:10.000000000,99973,219,99928,219,99977,215,99919,215,99980,215,99902,215,99981,100,99893,100,99987,100,99888,100,99998,100,99861,100,100019,100,99859,100,100028,100,99857,100,100031,100,99799,100,100060,100,99794,100
2019-06-28 09:42:20.000000000,99973,449,99928,449,99977,100,99919,100,99980,100,99902,100,99981,100,99893,100,99987,100,99888,100,99998,100,99861,100,100019,100,99859,100,100028,100,99857,100,100031,100,99799,100,100060,100,99794,100
2019-06-28 09:42:24.062270309,99973,349,99928,449,99977,100,99919,100,99980,100,99902,100,99981,100,99893,100,99987,100,99888,100,99998,100,99861,100,100019,100,99859,100,100028,100,99857,100,100031,100,99799,100,100060,100,99794,100
2019-06-28 09:42:28.141838366,99973,349,99928,349,99977,100,99919,100,99980,100,99902,100,99981,100,99893,100,99987,100,99888,100,99998,100,99861,100,100019,100,99859,100,100028,100,99857,100,100031,100,99799,100,100060,100,99794,100
2019-06-28 09:42:30.000000000,99977,449,99919,449,99980,100,99902,100,99981,100,99893,100,99987,100,99888,100,99998,100,99861,100,100019,100,99859,100,100028,100,99857,100,100031,100,99799,100,100060,100,99794,100,100080,100,99756,100
2019-06-28 09:42:31.740262601,99977,449,99919,349,99980,100,99902,100,99981,100,99893,100,99987,100,99888,100,99998,100,99861,100,100019,100,99859,100,100028,100,99857,100,100031,100,99799,100,100060,100,99794,100,100080,100,99756,100
2019-06-28 09:42:38.930395619,99977,449,99919,349,99980,100,99902,100,99981,100,99893,100,99987,100,99888,100,99998,100,99861,100,100019,100,99859,100,100028,100,99857,100,100031,100,99799,100,100060,100,99795,100,100080,100,99794,100
2019-06-28 09:42:40.000000000,99977,219,99902,219,99980,215,99893,215,99981,215,99888,215,99987,100,99861,100,99998,100,99859,100,100019,100,99857,100,100028,100,99799,100,100031,100,99795,100,100060,100,99794,100,100080,100,99756,100
2019-06-28 09:42:50.000000000,99977,170,99902,170,99980,170,99893,170,99981,170,99888,170,99987,170,99861,170,99998,170,99859,170,100019,100,99857,100,100028,100,99799,100,100031,100,99795,100,100060,100,99794,100,100080,100,99756,100
2019-06-28 09:43:00.000000000,99977,187,99902,187,99980,187,99893,187,99981,187,99888,187,99987,187,99861,187,99998,100,99859,100,100019,100,99857,100,100028,100,99799,100,100031,100,99795,100,100060,100,99794,100,100080,100,99756,100
2019-06-28 09:43:10.000000000,99977,449,99902,449,99980,100,99893,100,99981,100,99888,100,99987,100,99861,100,99998,100,99859,100,100019,100,99857,100,100028,100,99799,100,100031,100,99795,100,100060,100,99794,100,100080,100,99756,100
2019-06-28 09:43:20.000000000,99977,187,99902,187,99980,187,99893,187,99981,187,99888,187,99987,187,99861,187,99998,100,99859,100,100019,100,99857,100,100028,100,99799,100,100031,100,99795,100,100060,100,99794,100,100080,100,99756,100
2019-06-28 09:43:30.000000000,99977,449,99902,449,99980,100,99893,100,99981,100,99888,100,99987,100,99861,100,99998,100,99859,100,100019,100,99857,100,100028,100,99799,100,100031,100,99795,100,100060,100,99794,100,100080,100,99756,100
2019-06-28 09:43:40.000000000,99977,274,99902,274,99980,274,99893,274,99981,100,99888,100,99987,100,99861,100,99998,100,99859,100,100019,100,99857,100,100028,100,99799,100,100031,100,99795,100,100060,100,99794,100,100080,100,99756,100
2019-06-28 09:43:49.783478150,99957,100,99902,274,99977,274,99893,274,99980,274,99888,100,99981,100,99861,100,99987,100,99859,100,99998,100,99857,100,100019,100,99799,100,100028,100,99794,100,100031,100,99756,100,100060,100,99650,100
2019-06-28 09:43:50.000000000,99957,449,99902,449,99977,100,99893,100,99980,100,99888,100,99981,100,99861,100,99987,100,99859,100,99998,100,99857,100,100019,100,99799,100,100028,100,99794,100,100031,100,99756,100,100060,100,99650,100
2019-06-28 09:43:50.779948718,99929,100,99902,449,99957,449,99893,100,99977,100,99888,100,99980,100,99861,100,99981,100,99859,100,99987,100,99857,100,99998,100,99799,100,100019,100,99794,100,100028,100,99756,100,100031,100,99650,100
2019-06-28 09:44:00.000000000,99929,219,99902,219,99957,215,99893,215,99977,215,99888,215,99980,100,99861,100,99981,100,99859,100,99987,100,99857,100,99998,100,99799,100,100019,100,99794,100,100028,100,99756,100,100031,100,99650,100
2019-06-28 09:44:06.538457069,99929,219,99902,119,99957,215,99893,215,99977,215,99888,215,99980,100,99861,100,99981,100,99859,100,99987,100,99857,100,99998,100,99799,100,100019,100,99794,100,100028,100,99756,100,100031,100,99650,100
2019-06-28 09:44:10.000000000,99929,170,99893,170,99957,170,99888,170,99977,170,99861,170,99980,170,99859,170,99981,170,99857,170,99987,100,99799,100,99998,100,99794,100,100019,100,99756,100,100028,100,99650,100,100031,100,99623,100
2019-06-28 09:44:13.549430907,99929,170,99893,170,99957,170,99888,170,99977,170,99861,170,99980,170,99859,170,99981,170,99857,170,99987,100,99799,100,99998,100,99794,100,100019,100,99756,100,100028,100,99727,100,100031,100,99650,100
2019-06-28 09:44:20.000000000,99929,170,99893,170,99957,170,99888,170,99977,170,99861,170,99980,170,99859,170,99981,170,99857,170,99987,100,99799,100,99998,100,99794,100,100019,100,99756,100,100028,100,99727,100,100031,100,99650,100
2019-06-28 09:44:26.572230519,99929,170,99893,170,99957,70,99888,170,99977,170,99861,170,99980,170,99859,170,99981,170,99857,170,99987,100,99855,100,99998,100,99799,100,100019,100,99794,100,100028,100,99756,100,100031,100,99727,100
2019-06-28 09:44:30.000000000,99929,219,99893,219,99977,215,99888,215,99980,215,99861,215,99981,100,99859,100,99987,100,99857,100,99998,100,99855,100,100019,100,99799,100,100028,100,99794,100,100031,100,99756,100,100060,100,99727,100
2019-06-28 09:44:31.886362769,99929,219,99893,219,99977,215,99888,215,99980,215,99861,215,99981,100,99859,100,99987,100,99857,100,99998,100,99855,100,100019,100,99799,100,100028,100,99794,100,100031,100,99756,100,100060,100,99727,100
2019-06-28 09:44:37.060984026,99929,219,99926,100,99977,215,99893,219,99980,215,99888,215,99981,100,99861,215,99987,100,99859,100,99998,100,99857,100,100019,100,99855,100,100028,100,99799,100,100031,100,99794,100,100060,100,99756,100
2019-06-28 09:44:40.000000000,99929,187,99926,187,99977,187,99893,187,99980,187,99888,187,99981,187,99861,187,99987,100,99859,100,99998,100,99857,100,100019,100,99855,100,100028,100,99799,100,100031,100,99794,100,100060,100,99756,100
2019-06-28 09:44:50.000000000,99929,274,99926,274,99977,274,99893,274,99980,100,99888,100,99981,100,99861,100,99987,100,99859,100,99998,100,99857,100,100019,100,99855,100,100028,100,99799,100,100031,100,99794,100,100060,100,99756,100
2019-06-28 09:44:50.027130376,99929,274,99926,274,99977,274,99893,274,99980,100,99888,100,99981,100,99861,100,99987,100,99859,100,99990,100,99857,100,99998,100,99855,100,100019,100,99799,100,100028,100,99794,100,100031,100,99756,100
2019-06-28 09:44:51.467747771,99929,274,99926,274,99977,274,99893,274,99980,100,99890,100,99981,100,99888,100,99987,100,99861,100,99990,100,99859,100,99998,100,99857,100,100028,100,99855,100,100031,100,99799,100,100060,100,99794,100
2019-06-28 09:44:52.706843149,99929,274,99926,274,99977,274,99893,274,99980,100,99890,100,99981,100,99888,100,99987,100,99861,100,99990,100,99859,100,99998,100,99857,100,100028,100,99855,100,100031,100,99847,100,100060,100,99799,100
2019-06-28 09:44:57.554451131,99929,274,99926,274,99977,274,99893,274,99980,100,99890,100,99981,100,99888,100,99990,100,99861,100,99998,100,99859,100,100028,100,99857,100,100031,100,99855,100,100060,100,99847,100,100080,100,99799,100
2019-06-28 09:45:00.000000000,99929,219,99926,219,99977,215,99893,215,99980,215,99890,215,99981,100,99888,100,99990,100,99861,100,99998,100,99859,100,100028,100,99857,100,100031,100,99855,100,100060,100,99847,100,100080,100,99799,100
2019-06-28 09:45:00.127939861,99929,219,99926,219,99977,215,99893,215,99980,215,99890,215,99981,100,99888,100,99990,100,99861,100,99998,100,99859,100,100028,100,99857,100,100031,100,99855,100,100080,100,99847,100,100086,100,99799,100
2019-06-28 09:45:10.000000000,99929,170,99926,170,99977,170,99893,170,99980,170,99890,170,99981,170,99888,170,99990,170,99861,170,99998,100,99859,100,100028,100,99857,100,100031,100,99855,100,100080,100,99847,100,100086,100,99799,100
2019-06-28 09:45:14.469158724,99929,170,99926,170,99977,170,99893,170,99980,170,99890,170,99981,170,99888,170,99990,170,99861,170,99998,100,99859,100,100028,100,99857,100,100031,100,99855,100,100080,100,99847,100,100086,100,99799,100
2019-06-28 09:45:20.000000000,99929,170,99926,170,99977,170,99893,170,99980,170,99890,170,99981,170,99888,170,99990,170,99861,170,99998,100,99859,100,100028,100,99857,100,100031,100,99855,100,100080,100,99847,100,100086,100,99799,100
2019-06-28 09:45:30.000000000,99929,219,99926,219,99977,215,99893,215,99980,215,99890,215,99981,100,99888,100,99990,100,99861,100,99998,100,99859,100,100028,100,99857,100,100031,100,99855,100,100080,100,99847,100,100086,100,99799,100
2019-06-28 09:45:40.000000000,99929,187,99926,187,99977,187,99893,187,99980,187,99890,187,99981,187,99888,187,99990,100,99861,100,99998,100,99859,100,100028,100,99857,100,100031,100,99855,100,100080,100,99847,100,100086,100,99799,100
2019-06-28 09:45:50.000000000,99929,274,99926,274,99977,274,99893,274,99980,100,99890,100,99981,100,99888,100,99990,100,99861,100,99998,100,99859,100,100028,100,99857,100,100031,100,99855,100,100080,100,99847,100,100086,100,99799,100
2019-06-28 09:45:50.939551493,99929,274,99926,274,99977,274,99893,274,99980,100,99890,100,99981,100,99888,100,99990,100,99861,100,99998,100,99859,100,100031,100,99857,100,100080,100,99855,100,100086,100,99847,100,100092,100,99799,100
2019-06-28 09:45:54.126176442,99929,274,99926,274,99977,274,99893,274,99981,100,99890,100,99990,100,99888,100,99998,100,99861,100,100031,100,99859,100,100080,100,99857,100,100086,100,99855,100,100092,100,99847,100,100106,100,99799,100
2019-06-28 09:45:55.741209339,99929,274,99926,274,99977,274,99893,274,99981,100,99890,100,99990,100,99888,100,99998,100,99861,100,100031,100,99859,100,100080,100,99857,100,100086,100,99855,100,100092,100,99847,100,100106,100,99799,100
2019-06-28 09:46:00.000000000,99929,170,99926,170,99977,170,99893,170,99981,170,99890,170,99990,170,99888,170,99998,170,99861,170,100031,100,99859,100,100080,100,99857,100,100086,100,99855,100,100092,100,99847,100,100106,100,99799,100
2019-06-28 09:46:03.619926480,99929,170,99926,70,99977,170,99893,170,99981,170,99890,170,99990,170,99888,170,99998,170,99861,170,100031,100,99859,100,100080,100,99857,100,100086,100,99855,100,100092,100,99847,100,100106,100,99799,100
2019-06-28 09:46:05.985202353,99929,170,99926,70,99977,170,99893,170,99981,170,99890,170,99990,170,99888,170,99998,170,99861,170,100031,100,99859,100,100080,100,99857,100,100086,100,99855,100,100092,100,99847,100,100106,100,99799,100
2019-06-28 09:46:09.889209691,99926,30,99893,170,99929,170,99890,170,99977,170,99888,170,99981,170,99861,170,99990,170,99859,100,99998,170,99857,100,100031,100,99855,100,100080,100,99847,100,100086,100,99799,100,100092,100,99794,100
2019-06-28 09:46:10.000000000,99926,204,99893,274,99929,274,99890,274,99977,100,99888,100,99981,100,99861,100,99990,100,99859,100,99998,100,99857,100,100031,100,99855,100,100080,100,99847,100,100086,100,99799,100,100092,100,99794,100
2019-06-28 09:46:20.000000000,99926,204,99893,274,99929,274,99890,274,99977,100,99888,100,99981,100,99861,100,99990,100,99859,100,99998,100,99857,100,100031,100,99855,100,100080,100,99847,100,100086,100,99799,100,100092,100,99794,100
2019-06-28 09:46:30.000000000,99926,204,99893,274,99929,274,99890,274,99977,100,99888,100,99981,100,99861,100,99990,100,99859,100,99998,100,99857,100,100031,100,99855,100,100080,100,99847,100,100086,100,99799,100,100092,100,99794,100
2019-06-28 09:46:33.252621707,99926,304,99893,274,99929,274,99890,274,99977,100,99888,100,99981,100,99861,100,99990,100,99859,100,99998,100,99857,100,100031,100,99855,100,100080,100,99847,100,100086,100,99799,100,100092,100,99794,100
2019-06-28 09:46:40.000000000,99926,479,99893,449,99929,100,99890,100,99977,100,99888,100,99981,100,99861,100,99990,100,99859,100,99998,100,99857,100,100031,100,99855,100,100080,100,99847,100,100086,100,99799,100,100092,100,99794,100
2019-06-28 09:46:50.000000000,99926,217,99893,187,99929,187,99890,187,99977,187,99888,187,99981,187,99861,187,99990,100,99859,100,99998,100,99857,100,100031,100,99855,100,100080,100,99847,100,100086,100,99799,100,100092,100,99794,100
2019-06-28 09:47:00.000000000,99926,200,99893,170,99929,170,99890,170,99977,170,99888,170,99981,170,99861,170,99990,170,99859,170,99998,100,99857,100,100031,100,99855,100,100080,100,99847,100,100086,100,99799,100,100092,100,99794,100
2019-06-28 09:47:10.000000000,99926,479,99893,449,99929,100,99890,100,99977,100,99888,100,99981,100,99861,100,99990,100,99859,100,99998,100,99857,100,100031,100,99855,100,100080,100,99847,100,100086,100,99799,100,100092,100,99794,100
2019-06-28 09:47:20.000000000,99926,217,99893,187,99929,187,99890,187,99977,187,99888,187,99981,187,99861,187,99990,100,99859,100,99998,100,99857,100,100031,100,99855,100,100080,100,99847,100,100086,100,99799,100,100092,100,99794,100
2019-06-28 09:47:30.000000000,99926,200,99893,170,99929,170,99890,170,99977,170,99888,170,99981,170,99861,170,99990,170,99859,170,99998,100,99857,100,100031,100,99855,100,100080,100,99847,100,100086,100,99799,100,100092,100,99794,100
2019-06-28 09:47:40.000000000,99926,217,99893,187,99929,187,99890,187,99977,187,99888,187,99981,187,99861,187,99990,100,99859,100,99998,100,99857,100,100031,100,99855,100,100080,100,99847,100,100086,100,99799,100,100092,100,99794,100
2019-06-28 09:47:50.000000000,99926,249,99893,219,99929,215,99890,215,99977,215,99888,215,99981,100,99861,100,99990,100,99859,100,99998,100,99857,100,100031,100,99855,100,100080,100,99847,100,100086,100,99799,100,100092,100,99794,100
2019-06-28 09:48:00.000000000,99926,249,99893,219,99929,215,99890,215,99977,215,99888,215,99981,100,99861,100,99990,100,99859,100,99998,100,99857,100,100031,100,99855,100,100080,100,99847,100,100086,100,99799,100,100092,100,99794,100
2019-06-28 09:48:10.000000000,99926,249,99893,219,99929,215,99890,215,99977,215,99888,215,99981,100,99861,100,99990,100,99859,100,99998,100,99857,100,100031,100,99855,100,100080,100,99847,100,100086,100,99799,100,100092,100,99794,100
2019-06-28 09:48:20.000000000,99926,304,99893,274,99929,274,99890,274,99977,100,99888,100,99981,100,99861,100,99990,100,99859,100,99998,100,99857,100,100031,100,99855,100,100080,100,99847,100,100086,100,99799,100,100092,100,99794,100
2019-06-28 09:48:30.000000000,99926,479,99893,449,99929,100,99890,100,99977,100,99888,100,99981,100,99861,100,99990,100,99859,100,99998,100,99857,100,100031,100,99855,100,100080,100,99847,100,100086,100,99799,100,100092,100,99794,100
2019-06-28 09:48:40.000000000,99926,249,99893,219,99929,215,99890,215,99977,215,99888,215,99981,100,99861,100,99990,100,99859,100,99998,100,99857,100,100031,100,99855,100,100080,100,99847,100,100086,100,99799,100,100092,100,99794,100
2019-06-28 09:48:50.000000000,99926,200,99893,170,99929,170,99890,170,99977,170,99888,170,99981,170,99861,170,99990,170,99859,170,99998,100,99857,100,100031,100,99855,100,100080,100,99847,100,100086,100,99799,100,100092,100,99794,100
2019-06-28 09:48:54.665685585,99926,300,99893,170,99929,170,99890,170,99977,170,99888,170,99981,170,99861,170,99990,170,99859,170,99998,100,99857,100,100031,100,99855,100,100080,100,99847,100,100086,100,99799,100,100092,100,99794,100
2019-06-28 09:49:00.000000000,99926,579,99893,449,99929,100,99890,100,99977,100,99888,100,99981,100,99861,100,99990,100,99859,100,99998,100,99857,100,100031,100,99855,100,100080,100,99847,100,100086,100,99799,100,100092,100,99794,100
2019-06-28 09:49:10.000000000,99926,300,99893,170,99929,170,99890,170,99977,170,99888,170,99981,170,99861,170,99990,170,99859,170,99998,100,99857,100,100031,100,99855,100,100080,100,99847,100,100086,100,99799,100,100092,100,99794,100
2019-06-28 09:49:10.491526875,99926,300,99893,70,99929,170,99890,170,99977,170,99888,170,99981,170,99861,170,99990,170,99859,170,99998,100,99857,100,100031,100,99855,100,100080,100,99847,100,100086,100,99799,100,100092,100,99794,100
2019-06-28 09:49:16.076257882,99925,100,99893,70,99926,300,99890,170,99929,170,99888,170,99977,170,99861,170,99981,170,99859,170,99990,170,99857,100,99998,100,99855,100,100031,100,99847,100,100080,100,99799,100,100086,100,99794,100
2019-06-28 09:49:20.000000000,99925,170,99890,170,99926,300,99888,170,99929,170,99861,170,99977,170,99859,170,99981,170,99857,170,99990,100,99855,100,99998,100,99847,100,100031,100,99799,100,100080,100,99794,100,100086,100,99756,100
2019-06-28 09:49:30.000000000,99925,449,99890,449,99926,230,99888,100,99929,100,99861,100,99977,100,99859,100,99981,100,99857,100,99990,100,99855,100,99998,100,99847,100,100031,100,99799,100,100080,100,99794,100,100086,100,99756,100
2019-06-28 09:49:40.000000000,99925,170,99890,170,99926,300,99888,170,99929,170,99861,170,99977,170,99859,170,99981,170,99857,170,99990,100,99855,100,99998,100,99847,100,100031,100,99799,100,100080,100,99794,100,100086,100,99756,100
2019-06-28 09:49:48.050972253,99925,270,99890,170,99926,300,99888,170,99929,170,99861,170,99977,170,99859,170,99981,170,99857,170,99990,100,99855,100,99998,100,99847,100,100031,100,99799,100,100080,100,99794,100,100086,100,99756,100
2019-06-28 09:49:50.000000000,99925,549,99890,449,99926,230,99888,100,99929,100,99861,100,99977,100,99859,100,99981,100,99857,100,99990,100,99855,100,99998,100,99847,100,100031,100,99799,100,100080,100,99794,100,100086,100,99756,100
2019-06-28 09:49:58.347468603,99925,649,99890,449,99926,230,99888,100,99929,100,99861,100,99977,100,99859,100,99981,100,99857,100,99990,100,99855,100,99998,100,99847,100,100031,100,99799,100,100080,100,99794,100,100086,100,99756,100
2019-06-28 09:50:00.000000000,99925,419,99890,219,99926,345,99888,215,99929,215,99861,215,99977,100,99859,100,99981,100,99857,100,99990,100,99855,100,99998,100,99847,100,100031,100,99799,100,100080,100,99794,100,100086,100,99756,100
2019-06-28 09:50:10.000000000,99925,387,99890,187,99926,317,99888,187,99929,187,99861,187,99977,187,99859,187,99981,100,99857,100,99990,100,99855,100,99998,100,99847,100,100031,100,99799,100,100080,100,99794,100,100086,100,99756,100
2019-06-28 09:50:20.000000000,99925,474,99890,274,99926,404,99888,274,99929,100,99861,100,99977,100,99859,100,99981,100,99857,100,99990,100,99855,100,99998,100,99847,100,100031,100,99799,100,100080,100,99794,100,100086,100,99756,100
2019-06-28 09:50:27.404600584,99925,474,99890,274,99926,404,99888,274,99929,100,99861,100,99981,100,99859,100,99990,100,99857,100,99998,100,99855,100,100031,100,99847,100,100080,100,99843,100,100086,100,99799,100,100092,100,99794,100
2019-06-28 09:50:30.000000000,99925,474,99890,274,99926,404,99888,274,99929,100,99861,100,99981,100,99859,100,99990,100,99857,100,99998,100,99855,100,100031,100,99847,100,100080,100,99843,100,100086,100,99799,100,100092,100,99794,100
2019-06-28 09:50:40.000000000,99925,419,99890,219,99926,345,99888,215,99929,215,99861,215,99981,100,99859,100,99990,100,99857,100,99998,100,99855,100,100031,100,99847,100,100080,100,99843,100,100086,100,99799,100,100092,100,99794,100
2019-06-28 09:50:50.000000000,99925,419,99890,219,99926,345,99888,215,99929,215,99861,215,99981,100,99859,100,99990,100,99857,100,99998,100,99855,100,100031,100,99847,100,100080,100,99843,100,100086,100,99799,100,100092,100,99794,100
2019-06-28 09:51:00.000000000,99925,387,99890,187,99926,317,99888,187,99929,187,99861,187,99981,187,99859,187,99990,100,99857,100,99998,100,99855,100,100031,100,99847,100,100080,100,99843,100,100086,100,99799,100,100092,100,99794,100
2019-06-28 09:51:06.226052376,99925,287,99890,187,99926,317,99888,187,99929,187,99861,187,99981,187,99859,187,99990,100,99857,100,99998,100,99855,100,100031,100,99847,100,100080,100,99843,100,100086,100,99799,100,100092,100,99794,100
2019-06-28 09:51:10.000000000,99925,319,99890,219,99926,345,99888,215,99929,215,99861,215,99981,100,99859,100,99990,100,99857,100,99998,100,99855,100,100031,100,99847,100,100080,100,99843,100,100086,100,99799,100,100092,100,99794,100
2019-06-28 09:51:20.000000000,99925,374,99890,274,99926,404,99888,274,99929,100,99861,100,99981,100,99859,100,99990,100,99857,100,99998,100,99855,100,100031,100,99847,100,100080,100,99843,100,100086,100,99799,100,100092,100,99794,100
2019-06-28 09:51:30.000000000,99925,287,99890,187,99926,317,99888,187,99929,187,99861,187,99981,187,99859,187,99990,100,99857,100,99998,100,99855,100,100031,100,99847,100,100080,100,99843,100,100086,100,99799,100,100092,100,99794,100
2019-06-28 09:51:40.000000000,99925,287,99890,187,99926,317,99888,187,99929,187,99861,187,99981,187,99859,187,99990,100,99857,100,99998,100,99855,100,100031,100,99847,100,100080,100,99843,100,100086,100,99799,100,100092,100,99794,100
2019-06-28 09:51:50.000000000,99925,319,99890,219,99926,345,99888,215,99929,215,99861,215,99981,100,99859,100,99990,100,99857,100,99998,100,99855,100,100031,100,99847,100,100080,100,99843,100,100086,100,99799,100,100092,100,99794,100
2019-06-28 09:51:54.077729136,99925,319,99890,219,99926,345,99888,215,99929,215,99861,215,99990,100,99859,100,99998,100,99857,100,100031,100,99855,100,100080,100,99847,100,100086,100,99843,100,100092,100,99799,100,100106,100,99794,100
2019-06-28 09:52:00.000000000,99925,287,99890,187,99926,317,99888,187,99929,187,99861,187,99990,187,99859,187,99998,100,99857,100,100031,100,99855,100,100080,100,99847,100,100086,100,99843,100,100092,100,99799,100,100106,100,99794,100
2019-06-28 09:52:10.000000000,99925,270,99890,170,99926,300,99888,170,99929,170,99861,170,99990,170,99859,170,99998,170,99857,170,100031,100,99855,100,100080,100,99847,100,100086,100,99843,100,100092,100,99799,100,100106,100,99794,100
2019-06-28 09:52:20.000000000,99925,319,99890,219,99926,345,99888,215,99929,215,99861,215,99990,100,99859,100,99998,100,99857,100,100031,100,99855,100,100080,100,99847,100,100086,100,99843,100,100092,100,99799,100,100106,100,99794,100
2019-06-28 09:52:30.000000000,99925,374,99890,274,99926,404,99888,274,99929,100,99861,100,99990,100,99859,100,99998,100,99857,100,100031,100,99855,100,100080,100,99847,100,100086,100,99843,100,100092,100,99799,100,100106,100,99794,100
2019-06-28 09:52:40.000000000,99925,270,99890,170,99926,300,99888,170,99929,170,99861,170,99990,170,99859,170,99998,170,99857,170,100031,100,99855,100,100080,100,99847,100,100086,100,99843,100,100092,100,99799,100,100106,100,99794,100
2019-06-28 09:52:42.379708138,99925,170,99890,170,99926,300,99888,170,99929,170,99861,170,99990,170,99859,170,99998,170,99857,170,100080,100,99855,100,100086,100,99847,100,100092,100,99843,100,100106,100,99799,100,100121,100,99794,100
2019-06-28 09:52:50.000000000,99925,219,99890,219,99926,345,99888,215,99929,215,99861,215,99990,100,99859,100,99998,100,99857,100,100080,100,99855,100,100086,100,99847,100,100092,100,99843,100,100106,100,99799,100,100121,100,99794,100
2019-06-28 09:52:51.924508023,99925,219,99890,219,99926,345,99888,215,99929,215,99861,215,99990,100,99859,100,99998,100,99857,100,100080,100,99855,100,100086,100,99847,100,100092,100,99843,100,100106,100,99799,100,100121,100,99794,100
2019-06-28 09:52:55.001345716,99925,119,99890,219,99926,345,99888,215,99929,215,99861,215,99990,100,99859,100,99998,100,99857,100,100080,100,99855,100,100086,100,99847,100,100092,100,99843,100,100106,100,99799,100,100121,100,99794,100
2019-06-28 09:52:58.240841782,99925,19,99890,219,99926,345,99888,215,99929,215,99861,115,99990,100,99859,100,99998,100,99857,100,100080,100,99855,100,100086,100,99847,100,100092,100,99843,100,100106,100,99799,100,100121,100,99794,100
2019-06-28 09:53:00.000000000,99926,300,99890,170,99929,170,99888,170,99990,170,99859,170,99998,170,99857,170,100080,170,99855,170,100086,100,99847,100,100092,100,99843,100,100106,100,99799,100,100121,100,99794,100,100149,100,99756,100
2019-06-28 09:53:04.913607052,99926,300,99890,170,99929,170,99888,170,99990,170,99859,170,99998,170,99857,170,100080,170,99855,170,100086,100,99847,100,100092,100,99843,100,100106,100,99799,100,100121,100,99794,100,100149,100,99756,100
2019-06-28 09:53:10.000000000,99926,317,99890,187,99929,187,99888,187,99990,187,99859,187,99998,187,99857,187,100080,100,99855,100,100086,100,99847,100,100092,100,99843,100,100106,100,99799,100,100121,100,99794,100,100149,100,99756,100
2019-06-28 09:53:20.000000000,99926,317,99890,187,99929,187,99888,187,99990,187,99859,187,99998,187,99857,187,100080,100,99855,100,100086,100,99847,100,100092,100,99843,100,100106,100,99799,100,100121,100,99794,100,100149,100,99756,100
2019-06-28 09:53:30.000000000,99926,300,99890,170,99929,170,99888,170,99990,170,99859,170,99998,170,99857,170,100080,170,99855,170,100086,100,99847,100,100092,100,99843,100,100106,100,99799,100,100121,100,99794,100,100149,100,99756,100
2019-06-28 09:53:36.694290117,99926,200,99890,170,99929,170,99888,170,99990,170,99859,170,99998,170,99857,170,100080,170,99855,170,100086,100,99847,100,100092,100,99843,100,100106,100,99799,100,100149,100,99794,100,100171,100,99756,100
2019-06-28 09:53:40.000000000,99926,200,99890,170,99929,170,99888,170,99990,170,99859,170,99998,170,99857,170,100080,170,99855,170,100086,100,99847,100,100092,100,99843,100,100106,100,99799,100,100149,100,99794,100,100171,100,99756,100
2019-06-28 09:53:50.000000000,99926,479,99890,449,99929,100,99888,100,99990,100,99859,100,99998,100,99857,100,100080,100,99855,100,100086,100,99847,100,100092,100,99843,100,100106,100,99799,100,100149,100,99794,100,100171,100,99756,100
2019-06-28 09:53:50.908299561,99926,379,99890,449,99929,100,99888,100,99990,100,99859,100,99998,100,99857,100,100080,100,99855,100,100086,100,99847,100,100092,100,99843,100,100106,100,99799,100,100149,100,99794,100,100171,100,99756,100
2019-06-28 09:53:52.654824380,99926,379,99890,449,99929,100,99888,100,99990,100,99859,100,99998,100,99857,100,100080,100,99855,100,100086,100,99850,100,100092,100,99847,100,100106,100,99843,100,100149,100,99799,100,100171,100,99794,100
2019-06-28 09:53:55.292701910,99926,379,99890,449,99929,100,99888,100,99967,100,99859,100,99990,100,99857,100,99998,100,99855,100,100080,100,99847,100,100086,100,99843,100,100092,100,99799,100,100106,100,99794,100,100149,100,99756,100
2019-06-28 09:54:00.000000000,99926,379,99890,449,99929,100,99888,100,99967,100,99859,100,99990,100,99857,100,99998,100,99855,100,100080,100,99847,100,100086,100,99843,100,100092,100,99799,100,100106,100,99794,100,100149,100,99756,100
2019-06-28 09:54:10.000000000,99926,379,99890,449,99929,100,99888,100,99967,100,99859,100,99990,100,99857,100,99998,100,99855,100,100080,100,99847,100,100086,100,99843,100,100092,100,99799,100,100106,100,99794,100,100149,100,99756,100
2019-06-28 09:54:12.625636078,99926,379,99890,449,99929,100,99888,100,99967,100,99859,100,99990,100,99857,100,99998,100,99855,100,100080,100,99847,100,100086,100,99843,100,100092,100,99799,100,100106,100,99794,100,100149,100,99756,100
2019-06-28 09:54:14.837197288,99926,279,99890,449,99929,100,99888,100,99967,100,99859,100,99990,100,99857,100,99998,100,99855,100,100080,100,99847,100,100086,100,99843,100,100092,100,99799,100,100106,100,99794,100,100149,100,99756,100
2019-06-28 09:54:15.025158076,99926,179,99890,449,99929,100,99888,100,99967,100,99859,100,99990,100,99857,100,99998,100,99855,100,100080,100,99847,100,100086,100,99843,100,100092,100,99799,100,100106,100,99794,100,100149,100,99756,100
2019-06-28 09:54:19.040489776,99925,100,99890,449,99926,179,99888,100,99929,100,99859,100,99967,100,99857,100,99990,100,99855,100,99998,100,99847,100,100080,100,99843,100,100086,100,99799,100,100092,100,99794,100,100106,100,99756,100
2019-06-28 09:54:20.000000000,99925,449,99890,449,99929,100,99888,100,99967,100,99859,100,99990,100,99857,100,99998,100,99855,100,100080,100,99847,100,100086,100,99843,100,100092,100,99799,100,100106,100,99794,100,100149,100,99756,100
2019-06-28 09:54:30.000000000,99925,449,99890,449,99929,100,99888,100,99967,100,99859,100,99990,100,99857,100,99998,100,99855,100,100080,100,99847,100,100086,100,99843,100,100092,100,99799,100,100106,100,99794,100,100149,100,99756,100
2019-06-28 09:54:33.908511330,99925,449,99890,349,99929,100,99888,100,99967,100,99859,100,99990,100,99857,100,99998,100,99855,100,100080,100,99847,100,100086,100,99843,100,100092,100,99799,100,100106,100,99794,100,100149,100,99756,100
2019-06-28 09:54:40.000000000,99925,170,99888,170,99929,170,99859,170,99967,170,99857,170,99990,170,99855,170,99998,170,99847,170,100080,100,99843,100,100086,100,99799,100,100092,100,99794,100,100106,100,99756,100,100149,100,99727,100
2019-06-28 09:54:50.000000000,99925,219,99888,219,99929,215,99859,215,99967,215,99857,215,99990,100,99855,100,99998,100,99847,100,100080,100,99843,100,100086,100,99799,100,100092,100,99794,100,100106,100,99756,100,100149,100,99727,100
2019-06-28 09:54:50.470460230,99925,219,99888,219,99929,215,99859,215,99967,215,99857,215,99990,100,99855,100,99998,100,99847,100,100040,100,99843,100,100080,100,99799,100,100086,100,99794,100,100092,100,99756,100,100106,100,99727,100
2019-06-28 09:55:00.000000000,99925,219,99888,219,99929,215,99859,215,99967,215,99857,215,99990,100,99855,100,99998,100,99847,100,100040,100,99843,100,100080,100,99799,100,100086,100,99794,100,100092,100,99756,100,100106,100,99727,100
2019-06-28 09:55:04.320168691,99925,219,99891,100,99929,215,99888,219,99967,215,99859,215,99990,100,99857,215,99998,100,99855,100,100040,100,99847,100,100080,100,99843,100,100086,100,99799,100,100092,100,99794,100,100106,100,99756,100
2019-06-28 09:55:10.000000000,99925,449,99891,449,99929,100,99888,100,99967,100,99859,100,99990,100,99857,100,99998,100,99855,100,100040,100,99847,100,100080,100,99843,100,100086,100,99799,100,100092,100,99794,100,100106,100,99756,100
2019-06-28 09:55:20.000000000,99925,219,99891,219,99929,215,99888,215,99967,215,99859,215,99990,100,99857,100,99998,100,99855,100,100040,100,99847,100,100080,100,99843,100,100086,100,99799,100,100092,100,99794,100,100106,100,99756,100
2019-06-28 09:55:24.800113622,99925,219,99891,219,99929,215,99888,215,99967,215,99859,215,99990,100,99857,100,99998,100,99855,100,100040,100,99847,100,100080,100,99843,100,100086,100,99799,100,100092,100,99794,100,100106,100,99756,100
2019-06-28 09:55:30.000000000,99925,187,99891,187,99929,187,99888,187,99967,187,99859,187,99990,187,99857,187,99998,100,99855,100,100040,100,99847,100,100080,100,99843,100,100086,100,99799,100,100092,100,99794,100,100106,100,99756,100
2019-06-28 09:55:40.000000000,99925,274,99891,274,99929,274,99888,274,99967,100,99859,100,99990,100,99857,100,99998,100,99855,100,100040,100,99847,100,100080,100,99843,100,100086,100,99799,100,100092,100,99794,100,100106,100,99756,100
2019-06-28 09:55:50.000000000,99925,219,99891,219,99929,215,99888,215,99967,215,99859,215,99990,100,99857,100,99998,100,99855,100,100040,100,99847,100,100080,100,99843,100,100086,100,99799,100,100092,100,99794,100,100106,100,99756,100
2019-06-28 09:55:57.591184220,99925,119,99891,219,99929,215,99888,215,99967,215,99859,215,99990,100,99857,100,99998,100,99855,100,100040,100,99847,100,100080,100,99843,100,100086,100,99799,100,100092,100,99794,100,100106,100,99756,100
2019-06-28 09:56:00.000000000,99929,187,99891,187,99967,187,99888,187,99990,187,99859,187,99998,187,99857,187,100040,100,99855,100,100080,100,99847,100,100086,100,99843,100,100092,100,99799,100,100106,100,99794,100,100149,100,99756,100
2019-06-28 09:56:04.561705982,99929,187,99892,100,99967,187,99891,187,99990,187,99888,187,99998,187,99859,187,100040,100,99857,187,100080,100,99855,100,100086,100,99847,100,100092,100,99843,100,100106,100,99799,100,100149,100,99794,100
2019-06-28 09:56:07.469439240,99929,87,99892,100,99967,187,99891,187,99990,87,99888,187,99998,187,99859,187,100040,100,99857,187,100080,100,99855,100,100086,100,99847,100,100092,100,99843,100,100106,100,99799,100,100149,100,99794,100
2019-06-28 09:56:10.000000000,99967,274,99892,274,99998,274,99891,274,100040,100,99888,100,100080,100,99859,100,100086,100,99857,100,100092,100,99855,100,100106,100,99847,100,100149,100,99843,100,100171,100,99799,100,100292,100,99794,100
2019-06-28 09:56:14.315277642,99967,174,99892,274,99998,274,99891,274,100040,100,99888,100,100080,100,99859,100,100086,100,99857,100,100092,100,99855,100,100106,100,99847,100,100149,100,99843,100,100171,100,99799,100,100292,100,99794,100
2019-06-28 09:56:20.000000000,99998,219,99892,219,100040,215,99891,215,100080,215,99888,215,100086,100,99859,100,100092,100,99857,100,100106,100,99855,100,100149,100,99847,100,100171,100,99843,100,100292,100,99799,100,100386,100,99794,100
2019-06-28 09:56:21.973205572,99998,219,99892,219,100040,215,99891,215,100080,215,99888,215,100086,100,99859,100,100092,100,99857,100,100106,100,99855,100,100149,100,99847,100,100171,100,99843,100,100292,100,99799,100,100294,100,99794,100
2019-06-28 09:56:30.000000000,99998,219,99892,219,100040,215,99891,215,100080,215,99888,215,100086,100,99859,100,100092,100,99857,100,100106,100,99855,100,100149,100,99847,100,100171,100,99843,100,100292,100,99799,100,100294,100,99794,100
2019-06-28 09:56:37.975072859,99998,219,99929,100,100040,215,99892,219,100080,215,99891,215,100086,100,99888,215,100092,100,99859,100,100106,100,99857,100,100149,100,99855,100,100171,100,99847,100,100292,100,99843,100,100294,100,99799,100
2019-06-28 09:56:40.000000000,99998,187,99929,187,100040,187,99892,187,100080,187,99891,187,100086,187,99888,187,100092,100,99859,100,100106,100,99857,100,100149,100,99855,100,100171,100,99847,100,100292,100,99843,100,100294,100,99799,100
2019-06-28 09:56:50.000000000,99998,219,99929,219,100040,215,99892,215,100080,215,99891,215,100086,100,99888,100,100092,100,99859,100,100106,100,99857,100,100149,100,99855,100,100171,100,99847,100,100292,100,99843,100,100294,100,99799,100
2019-06-28 09:57:00.000000000,99998,219,99929,219,100040,215,99892,215,100080,215,99891,215,100086,100,99888,100,100092,100,99859,100,100106,100,99857,100,100149,100,99855,100,100171,100,99847,100,100292,100,99843,100,100294,100,99799,100
2019-06-28 09:57:03.146872341,99998,219,99929,319,100040,215,99892,215,100080,215,99891,215,100086,100,99888,100,100092,100,99859,100,100106,100,99857,100,100149,100,99855,100,100171,100,99847,100,100292,100,99843,100,100294,100,99799,100
2019-06-28 09:57:10.000000000,99998,219,99929,319,100040,215,99892,215,100080,215,99891,215,100086,100,99888,100,100092,100,99859,100,100106,100,99857,100,100149,100,99855,100,100171,100,99847,100,100292,100,99843,100,100294,100,99799,100
2019-06-28 09:57:20.000000000,99998,170,99929,270,100040,170,99892,170,100080,170,99891,170,100086,170,99888,170,100092,170,99859,170,100106,100,99857,100,100149,100,99855,100,100171,100,99847,100,100292,100,99843,100,100294,100,99799,100
2019-06-28 09:57:22.851007172,99998,170,99929,270,100040,170,99892,170,100080,170,99891,170,100086,170,99888,170,100092,170,99859,170,100106,100,99857,100,100149,100,99855,100,100171,100,99847,100,100292,100,99843,100,100294,100,99799,100
2019-06-28 09:57:30.000000000,99998,187,99929,287,100040,187,99892,187,100080,187,99891,187,100086,187,99888,187,100092,100,99859,100,100106,100,99857,100,100149,100,99855,100,100171,100,99847,100,100292,100,99843,100,100294,100,99799,100
2019-06-28 09:57:32.311637678,99998,187,99929,287,100040,187,99892,187,100080,87,99891,187,100086,187,99888,187,100092,100,99859,100,100106,100,99857,100,100149,100,99855,100,100171,100,99847,100,100292,100,99843,100,100294,100,99799,100
2019-06-28 09:57:34.684733571,99998,87,99929,287,100040,187,99892,187,100080,87,99891,187,100086,187,99888,187,100092,100,99859,100,100106,100,99857,100,100149,100,99855,100,100171,100,99847,100,100292,100,99843,100,100294,100,99799,100
2019-06-28 09:57:40.000000000,100040,170,99929,270,100086,170,99892,170,100092,170,99891,170,100106,170,99888,170,100149,170,99859,170,100171,100,99857,100,100292,100,99855,100,100294,100,99847,100,100386,100,99843,100,100526,100,99799,100
2019-06-28 09:57:50.000000000,100040,274,99929,374,100086,274,99892,274,100092,100,99891,100,100106,100,99888,100,100149,100,99859,100,100171,100,99857,100,100292,100,99855,100,100294,100,99847,100,100386,100,99843,100,100526,100,99799,100
2019-06-28 09:58:00.000000000,100040,274,99929,374,100086,274,99892,274,100092,100,99891,100,100106,100,99888,100,100149,100,99859,100,100171,100,99857,100,100292,100,99855,100,100294,100,99847,100,100386,100,99843,100,100526,100,99799,100
2019-06-28 09:58:01.322154783,100040,274,99967,100,100086,274,99929,374,100092,100,99892,274,100106,100,99891,100,100149,100,99888,100,100171,100,99859,100,100292,100,99857,100,100294,100,99855,100,100386,100,99847,100,100526,100,99843,100
2019-06-28 09:58:10.000000000,100040,274,99967,274,100086,274,99929,374,100092,100,99892,100,100106,100,99891,100,100149,100,99888,100,100171,100,99859,100,100292,100,99857,100,100294,100,99855,100,100386,100,99847,100,100526,100,99843,100
2019-06-28 09:58:20.000000000,100040,187,99967,187,100086,187,99929,287,100092,187,99892,187,100106,187,99891,187,100149,100,99888,100,100171,100,99859,100,100292,100,99857,100,100294,100,99855,100,100386,100,99847,100,100526,100,99843,100
2019-06-28 09:58:28.020655728,100040,187,99967,287,100086,187,99929,187,100092,187,99892,187,100106,187,99891,187,100149,100,99888,100,100171,100,99859,100,100292,100,99857,100,100294,100,99855,100,100386,100,99847,100,100526,100,99843,100
2019-06-28 09:58:30.000000000,100040,187,99967,287,100086,187,99929,187,100092,187,99892,187,100106,187,99891,187,100149,100,99888,100,100171,100,99859,100,100292,100,99857,100,100294,100,99855,100,100386,100,99847,100,100526,100,99843,100
2019-06-28 09:58:32.274885998,100040,87,99967,287,100086,87,99929,187,100092,187,99892,187,100106,187,99891,187,100149,100,99888,100,100171,100,99859,100,100292,100,99857,100,100294,100,99855,100,100386,100,99847,100,100526,100,99843,100
2019-06-28 09:58:37.675895408,100086,87,100040,13,100092,187,99967,287,100106,187,99929,187,100149,100,99892,187,100171,100,99891,187,100292,100,99888,100,100294,100,99859,100,100386,100,99857,100,100526,100,99855,100,100661,100,99847,100
2019-06-28 09:58:40.000000000,100092,187,100040,100,100106,187,99967,287,100149,187,99929,187,100171,187,99892,187,100292,100,99891,100,100294,100,99888,100,100386,100,99859,100,100526,100,99857,100,100661,100,99855,100,,,99847,100
2019-06-28 09:58:50.000000000,100092,274,100040,187,100106,274,99967,374,100149,100,99929,100,100171,100,99892,100,100292,100,99891,100,100294,100,99888,100,100386,100,99859,100,100526,100,99857,100,100661,100,99855,100,,,99847,100
2019-06-28 09:58:53.167954838,100092,174,100040,187,100106,274,99967,374,100149,100,99929,100,100171,100,99892,100,100292,100,99891,100,100294,100,99888,100,100386,100,99859,100,100526,100,99857,100,100661,100,99855,100,,,99847,100
2019-06-28 09:59:00.000000000,100106,187,100040,100,100149,187,99967,287,100171,187,99929,187,100292,187,99892,187,100294,100,99891,100,100386,100,99888,100,100526,100,99859,100,100661,100,99857,100,,,99855,100,,,99847,100
2019-06-28 09:59:08.988801770,100106,87,100040,100,100149,187,99967,287,100171,187,99929,187,100292,187,99892,187,100294,100,99891,100,100386,100,99888,100,100526,100,99859,100,100661,100,99857,100,,,99855,100,,,99847,100
2019-06-28 09:59:10.000000000,100149,219,100040,132,100171,215,99967,315,100292,215,99929,215,100294,100,99892,100,100386,100,99891,100,100526,100,99888,100,100661,100,99859,100,,,99857,100,,,99855,100,,,99847,100
2019-06-28 09:59:11.954251938,100149,219,100040,132,100171,215,99967,315,100292,215,99929,215,100294,100,99892,100,100386,100,99891,100,100526,100,99888,100,100612,100,99859,100,100661,100,99857,100,,,99855,100,,,99847,100
2019-06-28 09:59:13.278776350,100149,219,100092,100,100171,215,100040,132,100292,215,99967,315,100294,100,99929,215,100386,100,99892,100,100526,100,99891,100,100612,100,99888,100,100661,100,99859,100,,,99857,100,,,99855,100
2019-06-28 09:59:20.000000000,100149,219,100092,219,100171,215,100040,128,100292,215,99967,315,100294,100,99929,100,100386,100,99892,100,100526,100,99891,100,100612,100,99888,100,100661,100,99859,100,,,99857,100,,,99855,100
2019-06-28 09:59:27.504107940,100149,219,100092,219,100171,215,100040,128,100292,215,99967,315,100294,100,99929,100,100386,100,99892,100,100526,100,99891,100,100612,100,99888,100,100661,100,99859,100,100772,100,99857,100,,,99855,100
2019-06-28 09:59:30.000000000,100149,187,100092,187,100171,187,100040,100,100292,187,99967,287,100294,187,99929,187,100386,100,99892,100,100526,100,99891,100,100612,100,99888,100,100661,100,99859,100,100772,100,99857,100,,,99855,100
2019-06-28 09:59:40.000000000,100149,170,100092,170,100171,170,100040,83,100292,170,99967,270,100294,170,99929,170,100386,170,99892,170,100526,100,99891,100,100612,100,99888,100,100661,100,99859,100,100772,100,99857,100,,,99855,100
2019-06-28 09:59:50.000000000,100149,449,100092,449,100171,100,100040,13,100292,100,99967,200,100294,100,99929,100,100386,100,99892,100,100526,100,99891,100,100612,100,99888,100,100661,100,99859,100,100772,100,99857,100,,,99855,100
2019-06-28 10:00:00.000000000,100149,187,100092,187,100171,187,100040,100,100292,187,99967,287,100294,187,99929,187,100386,100,99892,100,100526,100,99891,100,100612,100,99888,100,100661,100,99859,100,100772,100,99857,100,,,99855,100
2019-06-28 10:00:06.060412687,100149,187,100092,187,100171,187,100040,100,100292,187,99967,287,100294,187,99929,187,100386,100,99892,100,100526,100,99891,100,100612,100,99888,100,100661,100,99859,100,100772,100,99857,100,,,99855,100
2019-06-28 10:00:10.000000000,100149,170,100092,170,100171,170,100040,83,100292,170,99967,270,100294,170,99929,170,100386,170,99892,170,100526,100,99891,100,100612,100,99888,100,100661,100,99859,100,100772,100,99857,100,,,99855,100
2019-06-28 10:00:16.524165063,100149,170,100092,70,100171,170,100040,83,100292,170,99967,270,100294,170,99929,170,100386,170,99892,170,100526,100,99891,100,100612,100,99888,100,100661,100,99859,100,100772,100,99857,100,,,99855,100
2019-06-28 10:00:20.000000000,100149,449,100040,362,100171,100,99967,200,100292,100,99929,100,100294,100,99892,100,100386,100,99891,100,100526,100,99888,100,100612,100,99859,100,100661,100,99857,100,100772,100,99855,100,,,99847,100
2019-06-28 10:00:22.804092674,100149,449,100040,362,100171,100,99967,200,100292,100,99960,100,100294,100,99929,100,100386,100,99892,100,100526,100,99891,100,100612,100,99888,100,100661,100,99859,100,100772,100,99857,100,,,99855,100
2019-06-28 10:00:30.000000000,100149,219,100040,132,100171,215,99967,315,100292,215,99960,215,100294,100,99929,100,100386,100,99892,100,100526,100,99891,100,100612,100,99888,100,100661,100,99859,100,100772,100,99857,100,,,99855,100
2019-06-28 10:00:31.174023133,100149,219,100093,100,100171,215,100040,132,100292,215,99967,315,100294,100,99960,215,100386,100,99929,100,100526,100,99892,100,100612,100,99891,100,100661,100,99888,100,100772,100,99859,100,,,99857,100
2019-06-28 10:00:36.160741993,100149,219,100093,100,100171,215,100040,132,100292,215,99967,315,100294,100,99960,215,100386,100,99948,100,100526,100,99929,100,100612,100,99892,100,100772,100,99891,100,,,99888,100,,,99859,100
2019-06-28 10:00:40.000000000,100149,449,100093,449,100171,100,100040,13,100292,100,99967,200,100294,100,99960,100,100386,100,99948,100,100526,100,99929,100,100612,100,99892,100,100772,100,99891,100,,,99888,100,,,99859,100
2019-06-28 10:00:50.000000000,100149,187,100093,187,100171,187,100040,100,100292,187,99967,287,100294,187,99960,187,100386,100,99948,100,100526,100,99929,100,100612,100,99892,100,100772,100,99891,100,,,99888,100,,,99859,100
2019-06-28 10:01:00.000000000,100149,170,100093,170,100171,170,100040,83,100292,170,99967,270,100294,170,99960,170,100386,170,99948,170,100526,100,99929,100,100612,100,99892,100,100772,100,99891,100,,,99888,100,,,99859,100
2019-06-28 10:01:07.703865506,100149,170,100093,170,100171,170,100040,83,100213,100,99967,270,100292,170,99960,170,100294,170,99948,170,100386,170,99929,100,100526,100,99892,100,100612,100,99891,100,100772,100,99888,100,,,99859,100
2019-06-28 10:01:10.000000000,100149,449,100093,449,100171,100,100040,13,100213,100,99967,200,100292,100,99960,100,100294,100,99948,100,100386,100,99929,100,100526,100,99892,100,100612,100,99891,100,100772,100,99888,100,,,99859,100
2019-06-28 10:01:20.000000000,100149,449,100093,449,100171,100,100040,13,100213,100,99967,200,100292,100,99960,100,100294,100,99948,100,100386,100,99929,100,100526,100,99892,100,100612,100,99891,100,100772,100,99888,100,,,99859,100
2019-06-28 10:01:25.003654642,100149,449,100123,100,100171,100,100093,449,100213,100,100040,13,100292,100,99967,200,100294,100,99960,100,100386,100,99948,100,100526,100,99929,100,100612,100,99892,100,100772,100,99891,100,,,99888,100
2019-06-28 10:01:30.000000000,100149,170,100123,170,100171,170,100093,170,100213,170,100040,83,100292,170,99967,270,100294,170,99960,170,100386,100,99948,100,100526,100,99929,100,100612,100,99892,100,100772,100,99891,100,,,99888,100
2019-06-28 10:01:40.000000000,100149,187,100123,187,100171,187,100093,187,100213,187,100040,100,100292,187,99967,287,100294,100,99960,100,100386,100,99948,100,100526,100,99929,100,100612,100,99892,100,100772,100,99891,100,,,99888,100
2019-06-28 10:01:42.723098385,100149,187,100123,187,100171,187,100093,187,100213,187,100040,100,100292,187,99967,287,100294,100,99960,100,100386,100,99948,100,100526,100,99929,100,100612,100,99891,100,100772,100,99888,100,,,99859,100
2019-06-28 10:01:50.000000000,100149,449,100123,449,100171,100,100093,100,100213,100,100040,13,100292,100,99967,200,100294,100,99960,100,100386,100,99948,100,100526,100,99929,100,100612,100,99891,100,100772,100,99888,100,,,99859,100
2019-06-28 10:02:00.000000000,100149,449,100123,449,100171,100,100093,100,100213,100,100040,13,100292,100,99967,200,100294,100,99960,100,100386,100,99948,100,100526,100,99929,100,100612,100,99891,100,100772,100,99888,100,,,99859,100
2019-06-28 10:02:10.000000000,100149,219,100123,219,100171,215,100093,215,100213,215,100040,128,100292,100,99967,200,100294,100,99960,100,100386,100,99948,100,100526,100,99929,100,100612,100,99891,100,100772,100,99888,100,,,99859,100
2019-06-28 10:02:20.000000000,100149,170,100123,170,100171,170,100093,170,100213,170,100040,83,100292,170,99967,270,100294,170,99960,170,100386,100,99948,100,100526,100,99929,100,100612,100,99891,100,100772,100,99888,100,,,99859,100
2019-06-28 10:02:30.000000000,100149,187,100123,187,100171,187,100093,187,100213,187,100040,100,100292,187,99967,287,100294,100,99960,100,100386,100,99948,100,100526,100,99929,100,100612,100,99891,100,100772,100,99888,100,,,99859,100
2019-06-28 10:02:32.891639896,100149,187,100123,87,100171,187,100093,187,100213,187,100040,100,100292,187,99967,287,100294,100,99960,100,100386,100,99948,100,100526,100,99929,100,100612,100,99891,100,100772,100,99888,100,,,99859,100
2019-06-28 10:02:37.328191752,100149,187,100123,87,100171,187,100093,187,100213,187,100040,100,100292,187,99967,287,100294,100,99960,100,100341,100,99948,100,100386,100,99929,100,100526,100,99891,100,100612,100,99888,100,100772,100,99859,100
2019-06-28 10:02:39.501862989,100149,87,100123,87,100171,187,100093,187,100213,187,100040,100,100292,187,99967,287,100294,100,99960,100,100341,100,99948,100,100386,100,99929,100,100526,100,99891,100,100612,100,99888,100,100772,100,99859,100
2019-06-28 10:02:39.578257722,100149,87,100123,87,100171,187,100093,187,100183,100,100040,100,100213,187,99967,287,100292,187,99960,100,100294,100,99948,100,100341,100,99929,100,100386,100,99891,100,100526,100,99888,100,100612,100,99859,100
2019-06-28 10:02:40.000000000,100171,449,100093,449,100183,100,100040,13,100213,100,99967,200,100292,100,99960,100,100294,100,99948,100,100341,100,99929,100,100386,100,99891,100,100526,100,99888,100,100612,100,99859,100,100772,100,99857,100
2019-06-28 10:02:44.302385337,100171,449,100093,449,100183,100,100040,13,100213,100,99967,200,100277,100,99960,100,100292,100,99948,100,100294,100,99929,100,100341,100,99891,100,100386,100,99888,100,100526,100,99859,100,100612,100,99857,100
2019-06-28 10:02:50.000000000,100171,449,100093,449,100183,100,100040,13,100213,100,99967,200,100277,100,99960,100,100292,100,99948,100,100294,100,99929,100,100341,100,99891,100,100386,100,99888,100,100526,100,99859,100,100612,100,99857,100
2019-06-28 10:03:00.000000000,100171,219,100093,219,100183,215,100040,128,100213,215,99967,315,100277,100,99960,100,100292,100,99948,100,100294,100,99929,100,100341,100,99891,100,100386,100,99888,100,100526,100,99859,100,100612,100,99857,100
2019-06-28 10:03:06.520243781,100171,219,100093,119,100183,215,100040,128,100213,215,99967,315,100277,100,99960,100,100292,100,99948,100,100294,100,99929,100,100341,100,99891,100,100386,100,99888,100,100526,100,99859,100,100612,100,99857,100
2019-06-28 10:03:10.000000000,100171,170,100040,83,100183,170,99967,270,100213,170,99960,170,100277,170,99948,170,100292,170,99929,170,100294,100,99891,100,100341,100,99888,100,100386,100,99859,100,100526,100,99857,100,100612,100,99855,100
2019-06-28 10:03:12.559784072,100171,170,100040,83,100183,170,99967,270,100213,170,99960,170,100277,170,99948,170,100292,170,99929,170,100294,100,99891,100,100341,100,99888,100,100386,100,99859,100,100526,100,99857,100,100772,100,99855,100
2019-06-28 10:03:20.000000000,100171,219,100040,132,100183,215,99967,315,100213,215,99960,215,100277,100,99948,100,100292,100,99929,100,100294,100,99891,100,100341,100,99888,100,100386,100,99859,100,100526,100,99857,100,100772,100,99855,100
2019-06-28 10:03:30.000000000,100171,170,100040,83,100183,170,99967,270,100213,170,99960,170,100277,170,99948,170,100292,170,99929,170,100294,100,99891,100,100341,100,99888,100,100386,100,99859,100,100526,100,99857,100,100772,100,99855,100
2019-06-28 10:03:40.000000000,100171,274,100040,187,100183,274,99967,374,100213,100,99960,100,100277,100,99948,100,100292,100,99929,100,100294,100,99891,100,100341,100,99888,100,100386,100,99859,100,100526,100,99857,100,100772,100,99855,100
2019-06-28 10:03:50.000000000,100171,274,100040,187,100183,274,99967,374,100213,100,99960,100,100277,100,99948,100,100292,100,99929,100,100294,100,99891,100,100341,100,99888,100,100386,100,99859,100,100526,100,99857,100,100772,100,99855,100
2019-06-28 10:04:00.000000000,100171,274,100040,187,100183,274,99967,374,100213,100,99960,100,100277,100,99948,100,100292,100,99929,100,100294,100,99891,100,100341,100,99888,100,100386,100,99859,100,100526,100,99857,100,100772,100,99855,100
2019-06-28 10:04:10.000000000,100171,449,100040,362,100183,100,99967,200,100213,100,99960,100,100277,100,99948,100,100292,100,99929,100,100294,100,99891,100,100341,100,99888,100,100386,100,99859,100,100526,100,99857,100,100772,100,99855,100
2019-06-28 10:04:20.000000000,100171,219,100040,132,100183,215,99967,315,100213,215,99960,215,100277,100,99948,100,100292,100,99929,100,100294,100,99891,100,100341,100,99888,100,100386,100,99859,100,100526,100,99857,100,100772,100,99855,100
2019-06-28 10:04:30.000000000,100171,170,100040,83,100183,170,99967,270,100213,170,99960,170,100277,170,99948,170,100292,170,99929,170,100294,100,99891,100,100341,100,99888,100,100386,100,99859,100,100526,100,99857,100,100772,100,99855,100
2019-06-28 10:04:40.000000000,100171,219,100040,132,100183,215,99967,315,100213,215,99960,215,100277,100,99948,100,100292,100,99929,100,100294,100,99891,100,100341,100,99888,100,100386,100,99859,100,100526,100,99857,100,100772,100,99855,100
2019-06-28 10:04:44.502875332,100171,219,100040,132,100183,215,99967,315,100213,215,99960,215,100277,100,99948,100,100292,100,99929,100,100294,100,99891,100,100326,100,99888,100,100341,100,99859,100,100386,100,99857,100,100526,100,99855,100
2019-06-28 10:04:50.000000000,100171,187,100040,100,100183,187,99967,287,100213,187,99960,187,100277,187,99948,187,100292,100,99929,100,100294,100,99891,100,100326,100,99888,100,100341,100,99859,100,100386,100,99857,100,100526,100,99855,100
2019-06-28 10:05:00.000000000,100171,274,100040,187,100183,274,99967,374,100213,100,99960,100,100277,100,99948,100,100292,100,99929,100,100294,100,99891,100,100326,100,99888,100,100341,100,99859,100,100386,100,99857,100,100526,100,99855,100
2019-06-28 10:05:06.034496605,100171,274,100145,100,100183,174,100040,187,100213,100,99967,374,100277,100,99960,100,100292,100,99948,100,100294,100,99929,100,100326,100,99891,100,100341,100,99888,100,100386,100,99859,100,100526,100,99857,100
2019-06-28 10:05:10.000000000,100171,219,100145,219,100213,215,100040,128,100277,215,99967,315,100292,100,99960,100,100294,100,99948,100,100326,100,99929,100,100341,100,99891,100,100386,100,99888,100,100526,100,99859,100,100772,100,99857,100
2019-06-28 10:05:13.186347103,100171,119,100145,219,100213,215,100040,128,100277,215,99967,315,100292,100,99960,100,100294,100,99948,100,100326,100,99929,100,100341,100,99891,100,100386,100,99888,100,100526,100,99859,100,100772,100,99857,100
2019-06-28 10:05:20.000000000,100213,187,100145,187,100277,187,100040,100,100292,187,99967,287,100294,187,99960,187,100326,100,99948,100,100341,100,99929,100,100386,100,99891,100,100526,100,99888,100,100772,100,99859,100,,,99857,100
2019-06-28 10:05:25.150631932,100213,187,100145,187,100277,187,100040,100,100292,187,99967,287,100294,187,99960,187,100326,100,99948,100,100341,100,99891,100,100386,100,99888,100,100526,100,99859,100,100772,100,99857,100,,,99855,100
2019-06-28 10:05:30.000000000,100213,274,100145,274,100277,274,100040,187,100292,100,99967,200,100294,100,99960,100,100326,100,99948,100,100341,100,99891,100,100386,100,99888,100,100526,100,99859,100,100772,100,99857,100,,,99855,100
2019-06-28 10:05:33.911309893,100213,274,100145,274,100277,274,100040,187,100292,100,100017,100,100294,100,99967,200,100326,100,99960,100,100341,100,99948,100,100386,100,99891,100,100526,100,99888,100,100772,100,99857,100,,,99855,100
2019-06-28 10:05:37.497928813,100213,274,100186,100,100277,274,100145,274,100292,100,100040,187,100294,100,100017,100,100326,100,99967,200,100341,100,99960,100,100386,100,99948,100,100526,100,99891,100,100772,100,99888,100,,,99857,100
2019-06-28 10:05:40.000000000,100213,449,100186,449,100277,100,100145,100,100292,100,100040,13,100294,100,100017,100,100326,100,99967,200,100341,100,99960,100,100386,100,99948,100,100526,100,99891,100,100772,100,99888,100,,,99857,100
2019-06-28 10:05:41.463127348,100213,449,100186,449,100277,100,100145,100,100292,100,100094,100,100294,100,100040,13,100326,100,100017,100,100341,100,99967,200,100386,100,99960,100,100526,100,99948,100,100772,100,99891,100,,,99888,100
2019-06-28 10:05:46.630515352,100213,449,100186,449,100277,100,100145,100,100292,100,100094,100,100294,100,100040,13,100326,100,100017,100,100341,100,99967,200,100386,100,99960,100,100526,100,99948,100,100772,100,99897,100,,,99891,100
2019-06-28 10:05:50.000000000,100213,274,100186,274,100277,274,100145,274,100292,100,100094,100,100294,100,100040,13,100326,100,100017,100,100341,100,99967,200,100386,100,99960,100,100526,100,99948,100,100772,100,99897,100,,,99891,100
2019-06-28 10:05:59.737013640,100201,100,100186,274,100213,274,100145,274,100277,174,100094,100,100292,100,100040,13,100294,100,100017,100,100326,100,99967,200,100341,100,99960,100,100386,100,99948,100,100526,100,99897,100,100772,100,99891,100
2019-06-28 10:06:00.000000000,100201,170,100186,170,100213,170,100145,170,100292,170,100094,170,100294,170,100040,83,100326,170,100017,170,100341,100,99967,200,100386,100,99960,100,100526,100,99948,100,100772,100,99897,100,,,99891,100
2019-06-28 10:06:10.000000000,100201,187,100186,187,100213,187,100145,187,100292,187,100094,187,100294,187,100040,100,100326,100,100017,100,100341,100,99967,200,100386,100,99960,100,100526,100,99948,100,100772,100,99897,100,,,99891,100
2019-06-28 10:06:14.117258877,100201,187,100186,87,100213,187,100145,187,100292,187,100094,187,100294,187,100040,100,100326,100,100017,100,100341,100,99967,200,100386,100,99960,100,100526,100,99948,100,100772,100,99897,100,,,99891,100
2019-06-28 10:06:20.000000000,100201,274,100145,274,100213,274,100094,274,100292,100,100040,13,100294,100,100017,100,100326,100,99967,200,100341,100,99960,100,100386,100,99948,100,100526,100,99897,100,100772,100,99891,100,,,99888,100
2019-06-28 10:06:30.000000000,100201,449,100145,449,100213,100,100094,100,100292,100,100040,13,100294,100,100017,100,100326,100,99967,200,100341,100,99960,100,100386,100,99948,100,100526,100,99897,100,100772,100,99891,100,,,99888,100
2019-06-28 10:06:40.000000000,100201,449,100145,449,100213,100,100094,100,100292,100,100040,13,100294,100,100017,100,100326,100,99967,200,100341,100,99960,100,100386,100,99948,100,100526,100,99897,100,100772,100,99891,100,,,99888,100
2019-06-28 10:06:50.000000000,100201,219,100145,219,100213,215,100094,215,100292,215,100040,128,100294,100,100017,100,100326,100,99967,200,100341,100,99960,100,100386,100,99948,100,100526,100,99897,100,100772,100,99891,100,,,99888,100
2019-06-28 10:07:00.000000000,100201,170,100145,170,100213,170,100094,170,100292,170,100040,83,100294,170,100017,170,100326,170,99967,270,100341,100,99960,100,100386,100,99948,100,100526,100,99897,100,100772,100,99891,100,,,99888,100
2019-06-28 10:07:01.887415834,100201,170,100145,170,100213,170,100094,170,100292,170,100040,83,100294,170,100017,170,100326,170,99967,270,100341,100,99960,100,100526,100,99948,100,100772,100,99897,100,,,99891,100,,,99888,100
2019-06-28 10:07:10.000000000,100201,449,100145,449,100213,100,100094,100,100292,100,100040,13,100294,100,100017,100,100326,100,99967,200,100341,100,99960,100,100526,100,99948,100,100772,100,99897,100,,,99891,100,,,99888,100
2019-06-28 10:07:12.673321115,100201,449,100145,449,100213,100,100094,100,100294,100,100040,13,100326,100,100017,100,100341,100,99967,200,100526,100,99960,100,100772,100,99948,100,,,99897,100,,,99891,100,,,99888,100
2019-06-28 10:07:20.000000000,100201,219,100145,219,100213,215,100094,215,100294,215,100040,128,100326,100,100017,100,100341,100,99967,200,100526,100,99960,100,100772,100,99948,100,,,99897,100,,,99891,100,,,99888,100
2019-06-28 10:07:30.000000000,100201,449,100145,449,100213,100,100094,100,100294,100,100040,13,100326,100,100017,100,100341,100,99967,200,100526,100,99960,100,100772,100,99948,100,,,99897,100,,,99891,100,,,99888,100
2019-06-28 10:07:38.951893356,100201,349,100145,449,100213,100,100094,100,100294,100,100040,13,100326,100,100017,100,100341,100,99967,200,100772,100,99960,100,,,99948,100,,,99897,100,,,99891,100,,,99888,100
2019-06-28 10:07:40.000000000,100213,187,100145,187,100294,187,100094,187,100326,187,100040,100,100341,187,100017,187,100772,100,99967,200,,,99960,100,,,99948,100,,,99897,100,,,99891,100,,,99888,100
2019-06-28 10:07:50.000000000,100213,170,100145,170,100294,170,100094,170,100326,170,100040,83,100341,170,100017,170,100772,170,99967,270,,,99960,100,,,99948,100,,,99897,100,,,99891,100,,,99888,100
2019-06-28 10:07:52.131841167,100200,100,100145,170,100213,170,100094,170,100294,170,100040,83,100326,170,100017,170,100341,170,99967,270,100772,170,99960,100,,,99948,100,,,99897,100,,,99891,100,,,99888,100
2019-06-28 10:07:57.611052909,100213,170,100145,170,100294,170,100094,170,100326,170,100040,83,100341,170,100017,170,100772,170,99967,270,,,99960,100,,,99948,100,,,99897,100,,,99891,100,,,99888,100
2019-06-28 10:08:00.000000000,100213,219,100145,219,100294,215,100094,215,100326,215,100040,128,100341,100,100017,100,100772,100,99967,200,,,99960,100,,,99948,100,,,99897,100,,,99891,100,,,99888,100
2019-06-28 10:08:10.000000000,100213,187,100145,187,100294,187,100094,187,100326,187,100040,100,100341,187,100017,187,100772,100,99967,200,,,99960,100,,,99948,100,,,99897,100,,,99891,100,,,99888,100
2019-06-28 10:08:18.632734441,100213,187,100200,100,100294,187,100145,187,100326,187,100094,187,100341,187,100040,100,100772,100,100017,187,,,99967,200,,,99960,100,,,99948,100,,,99897,100,,,99891,100
2019-06-28 10:08:20.000000000,100213,274,100200,274,100294,274,100145,274,100326,100,100094,100,100341,100,100040,13,100772,100,100017,100,,,99967,200,,,99960,100,,,99948,100,,,99897,100,,,99891,100
2019-06-28 10:08:30.000000000,100213,187,100200,187,100294,187,100145,187,100326,187,100094,187,100341,187,100040,100,100772,100,100017,100,,,99967,200,,,99960,100,,,99948,100,,,99897,100,,,99891,100
2019-06-28 10:08:40.000000000,100213,219,100200,219,100294,215,100145,215,100326,215,100094,215,100341,100,100040,13,100772,100,100017,100,,,99967,200,,,99960,100,,,99948,100,,,99897,100,,,99891,100
2019-06-28 10:08:46.441861318,100213,219,100200,319,100294,215,100145,215,100326,215,100094,215,100341,100,100040,13,100772,100,100017,100,,,99967,200,,,99960,100,,,99948,100,,,99897,100,,,99891,100
2019-06-28 10:08:50.000000000,100213,219,100200,319,100294,215,100145,215,100326,215,100094,215,100341,100,100040,13,100772,100,100017,100,,,99967,200,,,99960,100,,,99948,100,,,99897,100,,,99891,100
2019-06-28 10:09:00.000000000,100213,449,100200,549,100294,100,100145,100,100326,100,100094,100,100341,100,100040,13,100772,100,100017,100,,,99967,200,,,99960,100,,,99948,100,,,99897,100,,,99891,100
2019-06-28 10:09:03.633530644,100213,449,100200,549,100294,100,100158,100,100326,100,100145,100,100341,100,100094,100,100772,100,100040,13,,,100017,100,,,99967,200,,,99960,100,,,99948,100,,,99897,100
2019-06-28 10:09:10.000000000,100213,274,100200,374,100294,274,100158,274,100326,100,100145,100,100341,100,100094,100,100772,100,100040,13,,,100017,100,,,99967,200,,,99960,100,,,99948,100,,,99897,100
2019-06-28 10:09:20.000000000,100213,219,100200,319,100294,215,100158,215,100326,215,100145,215,100341,100,100094,100,100772,100,100040,13,,,100017,100,,,99967,200,,,99960,100,,,99948,100,,,99897,100
