,ask_price_1,ask_size_1,bid_price_1,bid_size_1,ask_price_2,ask_size_2,bid_price_2,bid_size_2,ask_price_3,ask_size_3,bid_price_3,bid_size_3,ask_price_4,ask_size_4,bid_price_4,bid_size_4,ask_price_5,ask_size_5,bid_price_5,bid_size_5,ask_price_6,ask_size_6,bid_price_6,bid_size_6,ask_price_7,ask_size_7,bid_price_7,bid_size_7,ask_price_8,ask_size_8,bid_price_8,bid_size_8,ask_price_9,ask_size_9,bid_price_9,bid_size_9,ask_price_10,ask_size_10,bid_price_10,bid_size_10
2019-06-28 09:30:00.000000000,,,99868,100,,,99848,100,,,,,,,,,,,,,,,,,,,,,,,,,,,,,,,,
2019-06-28 09:30:00.000000002,,,99892,100,,,99868,100,,,99848,100,,,,,,,,,,,,,,,,,,,,,,,,,,,,
2019-06-28 09:30:00.000000007,100006,100,99892,100,,,99868,100,,,99848,100,,,,,,,,,,,,,,,,,,,,,,,,,,,,
2019-06-28 09:30:00.000000008,100006,100,99892,100,,,99868,100,,,99849,100,,,99848,100,,,,,,,,,,,,,,,,,,,,,,,,
2019-06-28 09:30:00.000000009,100006,100,99892,100,100087,100,99868,100,,,99849,100,,,99848,100,,,,,,,,,,,,,,,,,,,,,,,,
2019-06-28 09:30:00.000000011,100006,100,99892,100,100087,100,99868,100,100104,100,99849,100,,,99848,100,,,99824,100,,,,,,,,,,,,,,,,,,,,
2019-06-28 09:30:00.000000012,100006,100,100002,100,100087,100,99892,100,100104,100,99868,100,,,99849,100,,,99848,100,,,99824,100,,,,,,,,,,,,,,,,
2019-06-28 09:30:00.000000013,100006,100,100002,100,100087,100,99892,100,100104,100,99868,100,100144,100,99849,100,,,99848,100,,,99824,100,,,,,,,,,,,,,,,,
2019-06-28 09:30:00.000000014,100006,100,100002,100,100067,100,99892,100,100087,100,99868,100,100104,100,99849,100,100144,100,99848,100,,,99824,100,,,,,,,,,,,,,,,,
2019-06-28 09:30:00.000000015,100067,100,100002,100,100087,100,99892,100,100104,100,99868,100,100144,100,99849,100,,,99848,100,,,99824,100,,,,,,,,,,,,,,,,
2019-06-28 09:30:00.000000017,100067,100,100002,100,100087,100,99892,100,100104,100,99868,100,100144,100,99849,100,,,99848,100,,,99824,100,,,,,,,,,,,,,,,,
2019-06-28 09:30:00.000000019,100006,100,100002,100,100067,100,99892,100,100087,100,99868,100,100104,100,99849,100,100144,100,99848,100,,,99824,100,,,,,,,,,,,,,,,,
2019-06-28 09:30:00.000000024,100006,100,100002,100,100067,100,99896,100,100087,100,99892,100,100104,100,99868,100,100144,100,99849,100,,,99848,100,,,99824,100,,,,,,,,,,,,
2019-06-28 09:30:00.000000025,100067,100,100002,100,100087,100,99896,100,100104,100,99892,100,100144,100,99868,100,,,99849,100,,,99848,100,,,99824,100,,,,,,,,,,,,
2019-06-28 09:30:00.000000026,100067,100,100020,100,100087,100,100002,100,100104,100,99896,100,100144,100,99892,100,,,99868,100,,,99849,100,,,99848,100,,,99824,100,,,,,,,,
2019-06-28 09:30:00.000000027,100067,100,100020,100,100087,100,100002,100,100090,100,99896,100,100104,100,99892,100,100144,100,99868,100,,,99849,100,,,99848,100,,,99824,100,,,,,,,,
2019-06-28 09:30:00.000000030,100067,100,100002,100,100087,100,99896,100,100090,100,99892,100,100104,100,99868,100,100144,100,99849,100,,,99848,100,,,99824,100,,,,,,,,,,,,
2019-06-28 09:30:00.000000033,100067,100,100002,100,100087,100,99896,100,100090,100,99892,100,100104,100,99876,100,100144,100,99868,100,,,99849,100,,,99848,100,,,99824,100,,,,,,,,
2019-06-28 09:30:00.000000034,100067,100,100002,100,100087,100,99896,100,100090,100,99892,100,100104,100,99876,100,100144,100,99872,100,,,99868,100,,,99849,100,,,99848,100,,,99824,100,,,,
2019-06-28 09:30:00.000000036,100067,100,100002,100,100087,100,99896,100,100090,100,99892,100,100104,100,99876,100,100144,100,99873,100,,,99872,100,,,99868,100,,,99849,100,,,99848,100,,,99824,100
2019-06-28 09:30:00.000000037,100067,100,100002,100,100087,100,99896,100,100090,100,99892,100,100104,100,99886,100,100144,100,99876,100,,,99873,100,,,99872,100,,,99868,100,,,99849,100,,,99848,100
2019-06-28 09:30:00.000000040,100067,100,100002,100,100087,100,99928,100,100090,100,99896,100,100104,100,99892,100,100144,100,99886,100,,,99876,100,,,99873,100,,,99872,100,,,99868,100,,,99849,100
2019-06-28 09:30:00.000000043,100067,100,100002,100,100087,100,99989,100,100090,100,99928,100,100104,100,99896,100,100144,100,99892,100,,,99886,100,,,99876,100,,,99873,100,,,99872,100,,,99868,100
2019-06-28 09:30:00.000000044,100052,100,100002,100,100067,100,99989,100,100087,100,99928,100,100090,100,99896,100,100104,100,99892,100,100144,100,99886,100,,,99876,100,,,99873,100,,,99872,100,,,99868,100
2019-06-28 09:30:00.000000046,100052,100,100002,100,100065,100,99989,100,100067,100,99928,100,100087,100,99896,100,100090,100,99892,100,100104,100,99886,100,100144,100,99876,100,,,99873,100,,,99872,100,,,99868,100
2019-06-28 09:30:00.000000047,100052,100,100002,100,100065,100,99989,100,100067,100,99988,100,100087,100,99928,100,100090,100,99896,100,100104,100,99892,100,100144,100,99886,100,,,99876,100,,,99873,100,,,99872,100
2019-06-28 09:30:00.000000051,100052,100,100006,100,100065,100,100002,100,100067,100,99989,100,100087,100,99988,100,100090,100,99928,100,100104,100,99896,100,100144,100,99892,100,,,99886,100,,,99876,100,,,99873,100
2019-06-28 09:30:00.000000052,100020,100,100002,100,100052,100,99989,100,100065,100,99988,100,100067,100,99928,100,100087,100,99896,100,100090,100,99892,100,100104,100,99886,100,100144,100,99876,100,,,99873,100,,,99872,100
2019-06-28 09:30:00.000000055,100016,100,100002,100,100020,100,99989,100,100052,100,99988,100,100065,100,99928,100,100067,100,99896,100,100087,100,99892,100,100090,100,99886,100,100104,100,99876,100,100144,100,99873,100,,,99872,100
2019-06-28 09:30:00.000000056,100016,100,100002,100,100020,100,99994,100,100052,100,99989,100,100065,100,99988,100,100067,100,99928,100,100087,100,99896,100,100090,100,99892,100,100094,100,99886,100,100104,100,99876,100,100144,100,99873,100
2019-06-28 09:30:00.000000058,100016,100,99994,100,100020,100,99989,100,100052,100,99988,100,100065,100,99928,100,100067,100,99896,100,100087,100,99892,100,100090,100,99886,100,100094,100,99876,100,100104,100,99873,100,100144,100,99872,100
2019-06-28 09:30:00.000000059,100016,100,100002,100,100020,100,99994,100,100052,100,99989,100,100065,100,99988,100,100067,100,99928,100,100087,100,99896,100,100090,100,99892,100,100094,100,99886,100,100104,100,99876,100,100144,100,99873,100
2019-06-28 09:30:00.000000060,100016,100,100002,200,100020,100,99994,100,100052,100,99989,100,100065,100,99988,100,100067,100,99947,100,100076,100,99928,100,100087,100,99896,100,100090,100,99892,100,100094,100,99886,100,100104,100,99876,100
2019-06-28 09:30:00.000000061,100016,100,100002,300,100020,100,99994,100,100052,100,99989,100,100065,100,99988,100,100067,100,99947,100,100076,100,99928,100,100087,100,99896,100,100090,100,99892,100,100094,100,99886,100,100104,100,99876,100
2019-06-28 09:30:00.000000064,100016,100,100002,300,100020,100,99994,100,100043,100,99989,100,100052,100,99988,100,100065,100,99947,100,100067,100,99928,100,100076,100,99896,100,100087,100,99892,100,100090,100,99886,100,100094,100,99876,100
2019-06-28 09:30:00.000000065,100016,100,100002,300,100020,100,99994,100,100043,100,99989,100,100052,100,99988,100,100065,100,99947,100,100067,100,99928,100,100076,100,99896,100,100087,100,99892,100,100090,100,99886,100,100094,100,99876,100
2019-06-28 09:30:00.000000067,100016,100,100015,100,100020,100,100002,300,100023,100,99994,100,100043,100,99989,100,100052,100,99988,100,100065,100,99947,100,100067,100,99928,100,100076,100,99896,100,100087,100,99892,100,100090,100,99886,100
2019-06-28 09:30:00.000000068,100016,100,100015,100,100020,100,100002,300,100023,100,99994,100,100043,100,99989,100,100052,100,99988,100,100065,100,99987,100,100067,100,99947,100,100076,100,99928,100,100087,100,99896,100,100090,100,99892,100
2019-06-28 09:30:00.000000069,100016,100,100015,100,100020,100,100002,300,100023,100,99994,100,100043,100,99989,100,100052,100,99988,100,100054,100,99987,100,100065,100,99947,100,100067,100,99928,100,100076,100,99896,100,100087,100,99892,100
2019-06-28 09:30:00.000000071,100016,100,100015,100,100020,100,100002,300,100023,100,99994,100,100043,200,99989,100,100052,100,99988,100,100054,100,99987,100,100065,100,99947,100,100067,100,99928,100,100076,100,99896,100,100087,100,99892,100
2019-06-28 09:30:00.000000072,100016,100,100002,300,100020,100,99994,100,100023,100,99989,100,100043,200,99988,100,100052,100,99987,100,100054,100,99947,100,100065,100,99928,100,100067,100,99896,100,100076,100,99892,100,100087,100,99886,100
2019-06-28 09:30:00.000000074,100016,100,100002,300,100020,100,99994,100,100023,100,99989,100,100043,200,99988,100,100052,100,99987,100,100054,100,99947,100,100065,100,99943,100,100067,100,99928,100,100076,100,99896,100,100087,100,99892,100
2019-06-28 09:30:00.000000078,100015,100,100002,300,100016,100,99994,100,100020,100,99989,100,100023,100,99988,100,100043,200,99987,100,100052,100,99947,100,100054,100,99943,100,100065,100,99928,100,100067,100,99896,100,100076,100,99892,100
2019-06-28 09:30:00.000000080,100015,200,100002,300,100016,100,99994,100,100020,100,99989,100,100023,100,99988,100,100043,200,99987,100,100052,100,99947,100,100054,100,99943,100,100065,100,99928,100,100067,100,99896,100,100076,100,99892,100
2019-06-28 09:30:00.000000081,100015,300,100002,300,100016,100,99994,100,100020,100,99989,100,100023,100,99988,100,100043,200,99987,100,100052,100,99950,100,100054,100,99947,100,100065,100,99943,100,100067,100,99929,100,100076,100,99928,100
2019-06-28 09:30:00.000000082,100015,200,100002,300,100016,100,99994,100,100020,100,99989,100,100023,100,99988,100,100043,200,99987,100,100052,100,99950,100,100054,100,99947,100,100065,100,99943,100,100067,100,99929,100,100076,100,99928,100
2019-06-28 09:30:00.000000084,100014,100,100002,300,100015,200,99994,100,100016,100,99989,100,100020,100,99988,100,100023,100,99987,100,100043,200,99950,100,100052,100,99947,100,100054,100,99943,100,100065,100,99929,100,100067,100,99928,100
2019-06-28 09:30:00.000000086,100014,100,100002,300,100015,200,99994,100,100016,100,99989,100,100020,100,99988,100,100023,100,99987,100,100043,200,99970,100,100052,100,99950,100,100054,100,99947,100,100065,100,99943,100,100067,100,99929,100
2019-06-28 09:30:00.000000087,100014,100,100002,300,100015,200,99994,100,100016,100,99989,100,100020,100,99988,100,100023,100,99987,100,100043,200,99970,100,100052,100,99950,100,100054,100,99947,100,100065,100,99943,100,100067,100,99929,100
2019-06-28 09:30:00.000000088,100014,100,100002,300,100015,200,99994,100,100016,100,99989,100,100020,100,99988,100,100023,100,99987,100,100043,200,99970,100,100052,100,99950,100,100054,100,99947,100,100065,100,99943,100,100067,100,99929,200
2019-06-28 09:30:00.000000090,100014,100,100002,300,100015,200,99994,100,100016,100,99989,100,100020,100,99988,100,100023,100,99987,100,100043,200,99970,100,100052,100,99950,100,100054,100,99947,100,100065,100,99943,100,100067,100,99929,200
2019-06-28 09:30:00.000000097,100014,100,100002,300,100015,200,99994,100,100016,100,99989,100,100020,100,99988,100,100023,100,99987,100,100043,200,99970,100,100052,200,99950,100,100054,100,99947,100,100065,100,99943,100,100067,100,99929,200
2019-06-28 09:30:10.000000000,100014,560,100002,760,100015,200,99994,100,100016,100,99989,100,100020,100,99988,100,100023,100,99987,100,100043,200,99970,100,100052,200,99950,100,100054,100,99947,100,100065,100,99943,100,100067,100,99929,200
2019-06-28 09:30:11.621226524,100014,560,100002,760,100015,200,99994,100,100016,100,99989,100,100020,100,99988,100,100023,100,99987,100,100043,200,99970,100,100052,200,99950,100,100054,100,99947,100,100065,100,99943,100,100067,100,99929,200
2019-06-28 09:30:20.000000000,100014,256,100002,456,100015,352,99994,252,100016,252,99989,252,100020,100,99988,100,100023,100,99987,100,100043,200,99970,100,100052,200,99950,100,100054,100,99947,100,100065,100,99943,100,100067,100,99929,200
2019-06-28 09:30:30.000000000,100014,215,100002,415,100015,315,99994,215,100016,215,99989,215,100020,215,99988,215,100023,100,99987,100,100043,200,99970,100,100052,200,99950,100,100054,100,99947,100,100065,100,99943,100,100067,100,99929,200
2019-06-28 09:30:32.543542454,100014,215,100006,100,100015,315,100002,415,100016,215,99994,215,100020,215,99989,215,100023,100,99988,215,100043,200,99987,100,100052,200,99970,100,100054,100,99950,100,100065,100,99947,100,100067,100,99943,100
2019-06-28 09:30:40.000000000,100014,192,100006,192,100015,292,100002,392,100016,192,99994,192,100020,192,99989,192,100023,192,99988,192,100043,200,99987,100,100052,200,99970,100,100054,100,99950,100,100065,100,99947,100,100067,100,99943,100
2019-06-28 09:30:41.266643890,100014,192,100006,192,100015,292,100002,392,100016,192,99994,192,100020,192,99989,192,100023,192,99988,192,100043,200,99987,100,100052,200,99970,100,100054,100,99950,100,100065,100,99947,100,100067,100,99943,100
2019-06-28 09:30:50.000000000,100014,256,100006,256,100015,352,100002,452,100016,252,99994,252,100020,100,99989,100,100023,100,99988,100,100043,200,99987,100,100052,200,99970,100,100054,100,99950,100,100065,100,99947,100,100067,100,99943,100
2019-06-28 09:31:00.000000000,100014,192,100006,192,100015,292,100002,392,100016,192,99994,192,100020,192,99989,192,100023,192,99988,192,100043,200,99987,100,100052,200,99970,100,100054,100,99950,100,100065,100,99947,100,100067,100,99943,100
2019-06-28 09:31:10.000000000,100014,256,100006,256,100015,352,100002,452,100016,252,99994,252,100020,100,99989,100,100023,100,99988,100,100043,200,99987,100,100052,200,99970,100,100054,100,99950,100,100065,100,99947,100,100067,100,99943,100
2019-06-28 09:31:20.000000000,100014,192,100006,192,100015,292,100002,392,100016,192,99994,192,100020,192,99989,192,100023,192,99988,192,100043,200,99987,100,100052,200,99970,100,100054,100,99950,100,100065,100,99947,100,100067,100,99943,100
2019-06-28 09:31:30.000000000,100014,560,100006,560,100015,200,100002,300,100016,100,99994,100,100020,100,99989,100,100023,100,99988,100,100043,200,99987,100,100052,200,99970,100,100054,100,99950,100,100065,100,99947,100,100067,100,99943,100
2019-06-28 09:31:33.076385599,100014,560,100006,660,100015,200,100002,300,100016,100,99994,100,100020,100,99989,100,100023,100,99988,100,100043,200,99987,100,100052,200,99970,100,100054,100,99950,100,100065,100,99947,100,100067,100,99943,100
2019-06-28 09:31:38.843910512,100014,460,100006,660,100015,200,100002,300,100016,100,99994,100,100020,100,99989,100,100023,100,99988,100,100043,100,99987,100,100052,200,99970,100,100054,100,99950,100,100065,100,99947,100,100067,100,99943,100
2019-06-28 09:31:40.000000000,100015,356,100006,356,100016,252,100002,452,100020,252,99994,252,100023,100,99989,100,100043,100,99988,100,100052,200,99987,100,100054,100,99970,100,100065,100,99950,100,100067,100,99947,100,100076,100,99943,100
2019-06-28 09:31:50.000000000,100015,315,100006,315,100016,215,100002,415,100020,215,99994,215,100023,215,99989,215,100043,100,99988,100,100052,200,99987,100,100054,100,99970,100,100065,100,99950,100,100067,100,99947,100,100076,100,99943,100
2019-06-28 09:32:00.000000000,100015,430,100006,430,100016,330,100002,530,100020,100,99994,100,100023,100,99989,100,100043,100,99988,100,100052,200,99987,100,100054,100,99970,100,100065,100,99950,100,100067,100,99947,100,100076,100,99943,100
2019-06-28 09:32:07.099412093,100015,430,100006,430,100016,330,100002,530,100020,100,99994,100,100023,100,99989,100,100043,100,99988,100,100052,200,99987,100,100054,100,99970,100,100065,100,99950,100,100067,100,99947,100,100076,100,99943,100
2019-06-28 09:32:10.000000000,100015,430,100006,430,100016,330,100002,530,100020,100,99994,100,100023,100,99989,100,100043,100,99988,100,100052,200,99987,100,100054,100,99970,100,100065,100,99950,100,100067,100,99947,100,100076,100,99943,100
2019-06-28 09:32:19.309281059,100015,430,100006,430,100016,330,100002,530,100020,100,99994,100,100023,100,99989,100,100043,100,99988,100,100052,200,99987,100,100054,100,99970,100,100065,100,99950,100,100067,100,99947,100,100076,100,99943,100
2019-06-28 09:32:20.000000000,100015,315,100006,315,100016,215,100002,415,100020,215,99994,215,100023,215,99989,215,100043,100,99988,100,100052,200,99987,100,100054,100,99970,100,100065,100,99950,100,100067,100,99947,100,100076,100,99943,100
2019-06-28 09:32:30.000000000,100015,292,100006,292,100016,192,100002,392,100020,192,99994,192,100023,192,99989,192,100043,192,99988,192,100052,200,99987,100,100054,100,99970,100,100065,100,99950,100,100067,100,99947,100,100076,100,99943,100
2019-06-28 09:32:32.991168724,100015,292,100014,100,100016,192,100006,292,100020,192,100002,392,100023,192,99994,192,100043,192,99989,192,100052,200,99988,192,100054,100,99987,100,100065,100,99970,100,100067,100,99950,100,100076,100,99947,100
2019-06-28 09:32:34.823083492,100015,192,100014,100,100016,192,100006,292,100020,192,100002,392,100023,192,99994,192,100043,192,99989,192,100052,200,99988,192,100054,100,99987,100,100065,100,99970,100,100067,100,99950,100,100076,100,99947,100
2019-06-28 09:32:36.757524424,100015,92,100014,100,100016,192,100006,292,100020,192,100002,392,100023,192,99994,192,100043,192,99989,192,100052,200,99988,192,100054,100,99987,100,100065,100,99970,100,100067,100,99950,100,100076,100,99947,100
2019-06-28 09:32:40.000000000,100016,215,100014,215,100020,215,100006,315,100023,215,100002,415,100043,215,99994,215,100052,200,99989,100,100054,100,99988,100,100065,100,99987,100,100067,100,99970,100,100076,100,99950,100,100087,100,99947,100
2019-06-28 09:32:50.000000000,100016,192,100014,192,100020,192,100006,292,100023,192,100002,392,100043,192,99994,192,100052,292,99989,192,100054,100,99988,100,100065,100,99987,100,100067,100,99970,100,100076,100,99950,100,100087,100,99947,100
2019-06-28 09:32:56.229647235,100016,92,100014,192,100020,192,100006,292,100023,192,100002,392,100043,192,99994,192,100052,292,99989,192,100054,100,99988,100,100065,100,99987,100,100067,100,99950,100,100076,100,99947,100,100087,100,99943,100
2019-06-28 09:33:00.000000000,100020,192,100014,192,100023,192,100006,292,100043,192,100002,392,100052,292,99994,192,100054,192,99989,192,100065,100,99988,100,100067,100,99987,100,100076,100,99950,100,100087,100,99947,100,100090,100,99943,100
2019-06-28 09:33:00.811382594,100020,92,100014,192,100023,192,100006,292,100043,192,100002,392,100052,292,99994,192,100054,192,99989,192,100065,100,99988,100,100067,100,99987,100,100076,100,99950,100,100087,100,99947,100,100090,100,99943,100
2019-06-28 09:33:10.000000000,100023,192,100014,192,100043,192,100006,292,100052,292,100002,392,100054,192,99994,192,100065,192,99989,192,100067,100,99988,100,100076,100,99987,100,100087,100,99950,100,100090,100,99947,100,100094,100,99943,100
2019-06-28 09:33:20.000000000,100023,215,100014,215,100043,215,100006,315,100052,315,100002,415,100054,215,99994,215,100065,100,99989,100,100067,100,99988,100,100076,100,99987,100,100087,100,99950,100,100090,100,99947,100,100094,100,99943,100
2019-06-28 09:33:22.175749193,100023,215,100014,215,100043,215,100006,315,100052,315,100002,415,100054,215,99994,215,100065,100,99989,100,100067,100,99988,100,100076,100,99987,100,100087,100,99950,100,100090,100,99947,100,100094,100,99943,100
2019-06-28 09:33:30.000000000,100023,192,100014,192,100043,192,100006,292,100052,292,100002,392,100054,192,99994,192,100065,192,99989,192,100067,100,99988,100,100076,100,99987,100,100087,100,99950,100,100090,100,99947,100,100094,100,99943,100
2019-06-28 09:33:40.000000000,100023,192,100014,192,100043,192,100006,292,100052,292,100002,392,100054,192,99994,192,100065,192,99989,192,100067,100,99988,100,100076,100,99987,100,100087,100,99950,100,100090,100,99947,100,100094,100,99943,100
2019-06-28 09:33:50.000000000,100023,330,100014,330,100043,330,100006,430,100052,200,100002,300,100054,100,99994,100,100065,100,99989,100,100067,100,99988,100,100076,100,99987,100,100087,100,99950,100,100090,100,99947,100,100094,100,99943,100
2019-06-28 09:33:53.472621560,100023,330,100014,230,100043,330,100006,430,100052,200,100002,300,100054,100,99994,100,100065,100,99989,100,100067,100,99988,100,100076,100,99987,100,100087,100,99950,100,100090,100,99947,100,100094,100,99943,100
2019-06-28 09:33:56.127133115,100023,330,100020,100,100043,330,100014,230,100052,200,100006,430,100054,100,100002,300,100065,100,99994,100,100067,100,99989,100,100076,100,99988,100,100087,100,99987,100,100090,100,99950,100,100104,100,99947,100
2019-06-28 09:34:00.000000000,100023,215,100020,215,100043,215,100006,315,100052,315,100002,415,100054,215,99994,215,100065,100,99989,100,100067,100,99988,100,100076,100,99987,100,100087,100,99950,100,100090,100,99947,100,100104,100,99943,100
2019-06-28 09:34:10.000000000,100023,215,100020,215,100043,215,100006,315,100052,315,100002,415,100054,215,99994,215,100065,100,99989,100,100067,100,99988,100,100076,100,99987,100,100087,100,99950,100,100090,100,99947,100,100104,100,99943,100
2019-06-28 09:34:20.000000000,100023,330,100020,330,100043,330,100006,430,100052,200,100002,300,100054,100,99994,100,100065,100,99989,100,100067,100,99988,100,100076,100,99987,100,100087,100,99950,100,100090,100,99947,100,100104,100,99943,100
2019-06-28 09:34:27.799592073,100023,330,100020,330,100043,330,100006,430,100052,200,100002,300,100054,100,99994,100,100065,100,99989,100,100067,100,99988,100,100087,100,99987,100,100090,100,99950,100,100104,100,99947,100,100111,200,99943,100
2019-06-28 09:34:30.000000000,100023,256,100020,256,100043,252,100006,352,100052,352,100002,452,100054,100,99994,100,100065,100,99989,100,100067,100,99988,100,100087,100,99987,100,100090,100,99950,100,100104,100,99947,100,100111,200,99943,100
2019-06-28 09:34:37.195924376,100023,256,100020,156,100043,252,100006,352,100052,352,100002,452,100054,100,99994,100,100065,100,99989,100,100067,100,99988,100,100087,100,99987,100,100090,100,99950,100,100104,100,99947,100,100111,200,99943,100
2019-06-28 09:34:40.000000000,100023,256,100006,356,100043,252,100002,452,100052,352,99994,252,100054,100,99989,100,100065,100,99988,100,100067,100,99987,100,100087,100,99950,100,100090,100,99947,100,100104,100,99943,100,100111,200,99929,100
2019-06-28 09:34:44.707568355,100020,100,100006,356,100023,256,100002,352,100043,252,99994,252,100052,352,99989,100,100054,100,99988,100,100065,100,99987,100,100067,100,99950,100,100087,100,99947,100,100090,100,99943,100,100104,100,99929,100
2019-06-28 09:34:50.000000000,100020,215,100006,315,100023,215,100002,315,100043,215,99994,215,100052,315,99989,215,100054,100,99988,100,100065,100,99987,100,100067,100,99950,100,100087,100,99947,100,100090,100,99943,100,100104,100,99929,100
2019-06-28 09:35:00.000000000,100020,256,100006,356,100023,252,100002,352,100043,252,99994,252,100052,200,99989,100,100054,100,99988,100,100065,100,99987,100,100067,100,99950,100,100087,100,99947,100,100090,100,99943,100,100104,100,99929,100
2019-06-28 09:35:10.000000000,100020,192,100006,292,100023,192,100002,292,100043,192,99994,192,100052,292,99989,192,100054,192,99988,192,100065,100,99987,100,100067,100,99950,100,100087,100,99947,100,100090,100,99943,100,100104,100,99929,100
2019-06-28 09:35:20.000000000,100020,256,100006,356,100023,252,100002,352,100043,252,99994,252,100052,200,99989,100,100054,100,99988,100,100065,100,99987,100,100067,100,99950,100,100087,100,99947,100,100090,100,99943,100,100104,100,99929,100
2019-06-28 09:35:22.193001253,100020,256,100006,356,100022,100,100002,352,100023,252,99994,252,100043,252,99989,100,100052,200,99988,100,100054,100,99987,100,100065,100,99950,100,100067,100,99947,100,100087,100,99943,100,100090,100,99929,100
2019-06-28 09:35:26.098665305,100020,256,100006,356,100022,100,100002,352,100023,252,99994,252,100043,252,99989,100,100052,200,99988,100,100054,100,99987,100,100065,100,99950,100,100067,100,99947,100,100087,100,99943,100,100090,100,99929,100
2019-06-28 09:35:30.000000000,100020,192,100006,292,100022,192,100002,292,100023,192,99994,192,100043,192,99989,192,100052,292,99988,192,100054,100,99987,100,100065,100,99950,100,100067,100,99947,100,100087,100,99943,100,100090,100,99929,100
2019-06-28 09:35:40.000000000,100020,560,100006,660,100022,100,100002,200,100023,100,99994,100,100043,100,99989,100,100052,200,99988,100,100054,100,99987,100,100065,100,99950,100,100067,100,99947,100,100087,100,99943,100,100090,100,99929,100
2019-06-28 09:35:50.000000000,100020,330,100006,430,100022,330,100002,430,100023,100,99994,100,100043,100,99989,100,100052,200,99988,100,100054,100,99987,100,100065,100,99950,100,100067,100,99947,100,100087,100,99943,100,100090,100,99929,100
2019-06-28 09:36:00.000000000,100020,192,100006,292,100022,192,100002,292,100023,192,99994,192,100043,192,99989,192,100052,292,99988,192,100054,100,99987,100,100065,100,99950,100,100067,100,99947,100,100087,100,99943,100,100090,100,99929,100
2019-06-28 09:36:09.727011174,100020,292,100006,292,100022,192,100002,292,100023,192,99994,192,100043,192,99989,192,100052,292,99988,192,100054,100,99987,100,100065,100,99950,100,100067,100,99947,100,100087,100,99943,100,100090,100,99929,100
2019-06-28 09:36:10.000000000,100020,315,100006,315,100022,215,100002,315,100023,215,99994,215,100043,215,99989,215,100052,200,99988,100,100054,100,99987,100,100065,100,99950,100,100067,100,99947,100,100087,100,99943,100,100090,100,99929,100
2019-06-28 09:36:20.000000000,100020,292,100006,292,100022,192,100002,292,100023,192,99994,192,100043,192,99989,192,100052,292,99988,192,100054,100,99987,100,100065,100,99950,100,100067,100,99947,100,100087,100,99943,100,100090,100,99929,100
2019-06-28 09:36:30.000000000,100020,356,100006,356,100022,252,100002,352,100023,252,99994,252,100043,100,99989,100,100052,200,99988,100,100054,100,99987,100,100065,100,99950,100,100067,100,99947,100,100087,100,99943,100,100090,100,99929,100
2019-06-28 09:36:32.344719110,100020,356,100006,256,100022,252,100002,352,100023,252,99994,252,100043,100,99989,100,100052,200,99988,100,100054,100,99987,100,100065,100,99950,100,100067,100,99947,100,100087,100,99929,100,100090,100,99896,100
2019-06-28 09:36:40.000000000,100020,430,100006,330,100022,330,100002,430,100023,100,99994,100,100043,100,99989,100,100052,200,99988,100,100054,100,99987,100,100065,100,99950,100,100067,100,99947,100,100087,100,99929,100,100090,100,99896,100
2019-06-28 09:36:44.310268432,100020,430,100006,230,100022,330,100002,430,100023,100,99994,100,100043,100,99989,100,100052,200,99988,100,100054,100,99987,100,100065,100,99947,100,100067,100,99929,100,100087,100,99896,100,100090,100,99892,100
2019-06-28 09:36:50.000000000,100020,430,100002,430,100022,330,99994,330,100023,100,99989,100,100043,100,99988,100,100052,200,99987,100,100054,100,99947,100,100065,100,99929,100,100067,100,99896,100,100087,100,99892,100,100090,100,99886,100
2019-06-28 09:36:55.952639381,100020,430,100002,330,100022,330,99994,230,100023,100,99989,100,100043,100,99988,100,100052,200,99987,100,100054,100,99947,100,100065,100,99929,100,100067,100,99896,100,100087,100,99892,100,100090,100,99886,100
2019-06-28 09:37:00.000000000,100020,292,100002,192,100022,192,99989,192,100023,192,99988,192,100043,192,99987,192,100052,292,99947,192,100054,100,99929,100,100065,100,99896,100,100067,100,99892,100,100087,100,99886,100,100090,100,99876,100
2019-06-28 09:37:01.503286997,100020,292,100002,92,100022,92,99989,192,100023,192,99988,192,100043,192,99987,192,100052,292,99947,192,100054,100,99929,100,100065,100,99896,100,100067,100,99892,100,100087,100,99886,100,100090,100,99876,100
2019-06-28 09:37:10.000000000,100020,315,99989,215,100023,215,99988,215,100043,215,99987,215,100052,315,99947,215,100054,100,99929,100,100065,100,99896,100,100067,100,99892,100,100087,100,99886,100,100090,100,99876,100,100097,100,99873,100
2019-06-28 09:37:20.000000000,100020,356,99989,256,100023,252,99988,252,100043,252,99987,252,100052,200,99947,100,100054,100,99929,100,100065,100,99896,100,100067,100,99892,100,100087,100,99886,100,100090,100,99876,100,100097,100,99873,100
2019-06-28 09:37:28.746160462,100020,356,99989,156,100023,252,99988,252,100043,252,99987,252,100052,200,99947,100,100054,100,99929,100,100065,100,99896,100,100067,100,99892,100,100087,100,99886,100,100090,100,99876,100,100097,100,99873,100
2019-06-28 09:37:30.000000000,100020,660,99988,560,100023,100,99987,100,100043,100,99947,100,100052,200,99929,100,100054,100,99896,100,100065,100,99892,100,100067,100,99886,100,100087,100,99876,100,100090,100,99873,100,100097,100,99872,100
2019-06-28 09:37:39.219775183,100020,660,99988,460,100023,100,99987,100,100043,100,99947,100,100052,200,99929,100,100054,100,99896,100,100065,100,99892,100,100067,100,99886,100,100087,100,99876,100,100090,100,99873,100,100097,100,99872,100
2019-06-28 09:37:40.000000000,100020,660,99987,560,100023,100,99947,100,100043,100,99929,100,100052,200,99896,100,100054,100,99892,100,100065,100,99886,100,100067,100,99876,100,100087,100,99873,100,100090,100,99872,100,100097,100,99868,100
2019-06-28 09:37:50.000000000,100020,660,99987,560,100023,100,99947,100,100043,100,99929,100,100052,200,99896,100,100054,100,99892,100,100065,100,99886,100,100067,100,99876,100,100087,100,99873,100,100090,100,99872,100,100097,100,99868,100
2019-06-28 09:37:58.510373417,100020,660,99987,560,100023,100,99947,100,100043,100,99929,100,100052,200,99896,100,100054,100,99892,100,100065,100,99886,100,100067,100,99876,100,100087,100,99873,100,100090,100,99872,100,100097,100,99868,100
2019-06-28 09:38:00.000000000,100020,292,99987,192,100023,192,99947,192,100043,192,99929,192,100052,292,99896,192,100054,192,99892,192,100065,100,99886,100,100067,100,99876,100,100087,100,99873,100,100090,100,99872,100,100097,100,99868,100
2019-06-28 09:38:10.000000000,100020,430,99987,330,100023,330,99947,330,100043,100,99929,100,100052,200,99896,100,100054,100,99892,100,100065,100,99886,100,100067,100,99876,100,100087,100,99873,100,100090,100,99872,100,100097,100,99868,100
2019-06-28 09:38:20.000000000,100020,430,99987,330,100023,330,99947,330,100043,100,99929,100,100052,200,99896,100,100054,100,99892,100,100065,100,99886,100,100067,100,99876,100,100087,100,99873,100,100090,100,99872,100,100097,100,99868,100
2019-06-28 09:38:27.374949331,100020,430,99987,330,100023,330,99947,330,100043,100,99929,100,100052,100,99896,100,100054,100,99892,100,100065,100,99886,100,100067,100,99876,100,100087,100,99873,100,100090,100,99872,100,100097,100,99868,100
2019-06-28 09:38:29.937003490,100020,430,99987,330,100023,330,99947,330,100043,100,99929,100,100052,100,99896,100,100054,100,99892,100,100065,100,99886,100,100067,100,99876,100,100087,100,99873,100,100090,100,99868,100,100097,100,99860,100
2019-06-28 09:38:30.000000000,100020,356,99987,256,100023,252,99947,252,100043,252,99929,252,100052,100,99896,100,100054,100,99892,100,100065,100,99886,100,100067,100,99876,100,100087,100,99873,100,100090,100,99868,100,100097,100,99860,100
2019-06-28 09:38:40.000000000,100020,660,99987,560,100023,100,99947,100,100043,100,99929,100,100052,100,99896,100,100054,100,99892,100,100065,100,99886,100,100067,100,99876,100,100087,100,99873,100,100090,100,99868,100,100097,100,99860,100
2019-06-28 09:38:47.041814847,100020,560,99987,560,100023,100,99947,100,100043,100,99929,100,100052,100,99896,100,100054,100,99892,100,100065,100,99886,100,100067,100,99876,100,100087,100,99873,100,100090,100,99868,100,100097,100,99860,100
2019-06-28 09:38:50.000000000,100020,192,99987,192,100023,192,99947,192,100043,192,99929,192,100052,192,99896,192,100054,192,99892,192,100065,100,99886,100,100067,100,99876,100,100087,100,99873,100,100090,100,99868,100,100097,100,99860,100
2019-06-28 09:39:00.000000000,100020,560,99987,560,100023,100,99947,100,100043,100,99929,100,100052,100,99896,100,100054,100,99892,100,100065,100,99886,100,100067,100,99876,100,100087,100,99873,100,100090,100,99868,100,100097,100,99860,100
2019-06-28 09:39:10.000000000,100020,330,99987,330,100023,330,99947,330,100043,100,99929,100,100052,100,99896,100,100054,100,99892,100,100065,100,99886,100,100067,100,99876,100,100087,100,99873,100,100090,100,99868,100,100097,100,99860,100
2019-06-28 09:39:17.582286558,100020,230,99987,330,100023,330,99947,330,100043,100,99929,100,100052,100,99896,100,100054,100,99892,100,100065,100,99886,100,100067,100,99876,100,100087,100,99873,100,100090,100,99868,100,100097,100,99860,100
2019-06-28 09:39:20.000000000,100023,192,99987,192,100043,192,99947,192,100052,192,99929,192,100054,192,99896,192,100065,192,99892,192,100067,100,99886,100,100087,100,99876,100,100090,100,99873,100,100097,100,99868,100,100098,100,99860,100
2019-06-28 09:39:21.583477867,100023,192,99987,192,100043,192,99947,192,100052,192,99929,192,100054,192,99896,192,100065,192,99892,192,100067,100,99886,100,100087,100,99876,100,100090,100,99873,100,100097,100,99868,100,100098,100,99860,100
2019-06-28 09:39:30.000000000,100023,192,99987,192,100043,192,99947,192,100052,192,99929,192,100054,192,99896,192,100065,192,99892,192,100067,100,99886,100,100087,100,99876,100,100090,100,99873,100,100097,100,99868,100,100098,100,99860,100
2019-06-28 09:39:40.000000000,100023,560,99987,560,100043,100,99947,100,100052,100,99929,100,100054,100,99896,100,100065,100,99892,100,100067,100,99886,100,100087,100,99876,100,100090,100,99873,100,100097,100,99868,100,100098,100,99860,100
2019-06-28 09:39:50.000000000,100023,215,99987,215,100043,215,99947,215,100052,215,99929,215,100054,215,99896,215,100065,100,99892,100,100067,100,99886,100,100087,100,99876,100,100090,100,99873,100,100097,100,99868,100,100098,100,99860,100
2019-06-28 09:39:57.616679097,100023,115,99987,215,100043,115,99947,215,100052,215,99929,215,100054,215,99896,215,100065,100,99892,100,100067,100,99886,100,100087,100,99876,100,100090,100,99873,100,100097,100,99868,100,100098,100,99860,100
2019-06-28 09:40:00.000000000,100052,215,99987,215,100054,215,99947,215,100065,215,99929,215,100067,215,99896,215,100087,100,99892,100,100090,100,99886,100,100097,100,99876,100,100098,100,99873,100,100104,100,99868,100,100108,100,99860,100
2019-06-28 09:40:02.429899416,100052,115,99987,215,100054,215,99947,215,100065,215,99929,215,100067,215,99896,215,100087,100,99892,100,100090,100,99886,100,100097,100,99876,100,100098,100,99873,100,100104,100,99868,100,100108,100,99860,100
2019-06-28 09:40:10.000000000,100054,560,99987,560,100065,100,99947,100,100067,100,99929,100,100087,100,99896,100,100090,100,99892,100,100097,100,99886,100,100098,100,99876,100,100104,100,99873,100,100108,100,99868,100,100111,100,99860,100
2019-06-28 09:40:20.000000000,100054,192,99987,192,100065,192,99947,192,100067,192,99929,192,100087,192,99896,192,100090,192,99892,192,100097,100,99886,100,100098,100,99876,100,100104,100,99873,100,100108,100,99868,100,100111,100,99860,100
2019-06-28 09:40:24.360661814,100054,192,100046,100,100065,92,99987,192,100067,192,99947,192,100087,192,99929,192,100090,192,99896,192,100097,100,99892,192,100098,100,99886,100,100104,100,99876,100,100108,100,99873,100,100111,100,99868,100
2019-06-28 09:40:30.000000000,100054,192,100046,192,100067,192,99987,192,100087,192,99947,192,100090,192,99929,192,100097,192,99896,192,100098,100,99892,100,100104,100,99886,100,100108,100,99876,100,100111,100,99873,100,100144,100,99868,100
2019-06-28 09:40:40.000000000,100054,215,100046,215,100067,215,99987,215,100087,215,99947,215,100090,215,99929,215,100097,100,99896,100,100098,100,99892,100,100104,100,99886,100,100108,100,99876,100,100111,100,99873,100,100144,100,99868,100
2019-06-28 09:40:50.000000000,100054,330,100046,330,100067,330,99987,330,100087,100,99947,100,100090,100,99929,100,100097,100,99896,100,100098,100,99892,100,100104,100,99886,100,100108,100,99876,100,100111,100,99873,100,100144,100,99868,100
2019-06-28 09:40:53.452871950,100054,330,100046,330,100067,330,100020,100,100087,100,99987,330,100090,100,99947,100,100097,100,99929,100,100098,100,99896,100,100104,100,99892,100,100108,100,99886,100,100111,100,99876,100,100144,100,99873,100
2019-06-28 09:41:00.000000000,100054,560,100046,560,100067,100,100020,100,100087,100,99987,100,100090,100,99947,100,100097,100,99929,100,100098,100,99896,100,100104,100,99892,100,100108,100,99886,100,100111,100,99876,100,100144,100,99873,100
2019-06-28 09:41:10.000000000,100054,560,100046,560,100067,100,100020,100,100087,100,99987,100,100090,100,99947,100,100097,100,99929,100,100098,100,99896,100,100104,100,99892,100,100108,100,99886,100,100111,100,99876,100,100144,100,99873,100
2019-06-28 09:41:12.592832156,100054,560,100046,560,100067,100,100020,200,100087,100,99987,100,100090,100,99947,100,100097,100,99929,100,100098,100,99896,100,100104,100,99892,100,100108,100,99886,100,100111,100,99876,100,100144,100,99873,100
2019-06-28 09:41:20.000000000,100054,192,100046,192,100067,192,100020,292,100087,192,99987,192,100090,192,99947,192,100097,192,99929,192,100098,100,99896,100,100104,100,99892,100,100108,100,99886,100,100111,100,99876,100,100144,100,99873,100
2019-06-28 09:41:30.000000000,100054,192,100046,192,100067,192,100020,292,100087,192,99987,192,100090,192,99947,192,100097,192,99929,192,100098,100,99896,100,100104,100,99892,100,100108,100,99886,100,100111,100,99876,100,100144,100,99873,100
2019-06-28 09:41:40.000000000,100054,215,100046,215,100067,215,100020,315,100087,215,99987,215,100090,215,99947,215,100097,100,99929,100,100098,100,99896,100,100104,100,99892,100,100108,100,99886,100,100111,100,99876,100,100144,100,99873,100
2019-06-28 09:41:50.000000000,100054,215,100046,215,100067,215,100020,315,100087,215,99987,215,100090,215,99947,215,100097,100,99929,100,100098,100,99896,100,100104,100,99892,100,100108,100,99886,100,100111,100,99876,100,100144,100,99873,100
2019-06-28 09:42:00.000000000,100054,215,100046,215,100067,215,100020,315,100087,215,99987,215,100090,215,99947,215,100097,100,99929,100,100098,100,99896,100,100104,100,99892,100,100108,100,99886,100,100111,100,99876,100,100144,100,99873,100
2019-06-28 09:42:09.942723959,100054,115,100046,215,100067,215,100020,315,100087,215,99987,215,100090,215,99947,215,100097,100,99929,100,100098,100,99896,100,100104,100,99892,100,100108,100,99886,100,100111,100,99876,100,100144,100,99873,100
2019-06-28 09:42:10.000000000,100067,330,100046,330,100087,330,100020,430,100090,100,99987,100,100097,100,99947,100,100098,100,99929,100,100104,100,99896,100,100108,100,99892,100,100111,100,99886,100,100144,100,99876,100,100173,100,99873,100
2019-06-28 09:42:17.671645206,100067,230,100046,330,100087,330,100020,430,100090,100,99987,100,100097,100,99947,100,100098,100,99929,100,100104,100,99896,100,100108,100,99892,100,100111,100,99886,100,100144,100,99876,100,100173,100,99873,100
2019-06-28 09:42:20.000000000,100087,215,100046,215,100090,215,100020,315,100097,215,99987,215,100098,215,99947,215,100104,100,99929,100,100108,100,99896,100,100111,100,99892,100,100144,100,99886,100,100173,100,99876,100,100316,100,99873,100
2019-06-28 09:42:29.241692014,100087,215,100046,215,100090,215,100020,315,100097,215,99987,215,100098,215,99947,215,100104,100,99929,100,100108,100,99896,100,100144,100,99892,100,100173,100,99886,100,100316,100,99876,100,100369,100,99873,100
2019-06-28 09:42:29.297708493,100087,215,100046,215,100090,215,100020,315,100097,215,99987,215,100098,215,99947,215,100104,100,99929,100,100108,100,99896,100,100144,100,99892,100,100173,100,99886,100,100316,100,99876,100,100369,100,99873,100
2019-06-28 09:42:30.000000000,100087,192,100046,192,100090,192,100020,292,100097,192,99987,192,100098,192,99947,192,100104,192,99929,192,100108,100,99896,100,100144,100,99892,100,100173,100,99886,100,100316,100,99876,100,100369,100,99873,100
2019-06-28 09:42:40.000000000,100087,192,100046,192,100090,192,100020,292,100097,192,99987,192,100098,192,99947,192,100104,192,99929,192,100108,100,99896,100,100144,100,99892,100,100173,100,99886,100,100316,100,99876,100,100369,100,99873,100
2019-06-28 09:42:50.000000000,100087,256,100046,256,100090,252,100020,352,100097,252,99987,252,100098,100,99947,100,100104,100,99929,100,100108,100,99896,100,100144,100,99892,100,100173,100,99886,100,100316,100,99876,100,100369,100,99873,100
2019-06-28 09:43:00.000000000,100087,330,100046,330,100090,330,100020,430,100097,100,99987,100,100098,100,99947,100,100104,100,99929,100,100108,100,99896,100,100144,100,99892,100,100173,100,99886,100,100316,100,99876,100,100369,100,99873,100
2019-06-28 09:43:09.915510417,100087,330,100046,330,100090,330,100020,430,100097,100,99987,100,100098,100,99947,100,100104,100,99929,100,100108,100,99892,100,100144,100,99886,100,100173,100,99876,100,100316,100,99873,100,100369,100,99868,100
2019-06-28 09:43:10.000000000,100087,256,100046,256,100090,252,100020,352,100097,252,99987,252,100098,100,99947,100,100104,100,99929,100,100108,100,99892,100,100144,100,99886,100,100173,100,99876,100,100316,100,99873,100,100369,100,99868,100
2019-06-28 09:43:20.000000000,100087,215,100046,215,100090,215,100020,315,100097,215,99987,215,100098,215,99947,215,100104,100,99929,100,100108,100,99892,100,100144,100,99886,100,100173,100,99876,100,100316,100,99873,100,100369,100,99868,100
2019-06-28 09:43:27.978827098,100087,115,100046,215,100090,215,100020,315,100097,215,99987,215,100098,215,99947,215,100104,100,99929,100,100108,100,99892,100,100144,100,99886,100,100173,100,99876,100,100316,100,99873,100,100369,100,99868,100
2019-06-28 09:43:30.000000000,100090,256,100046,256,100097,252,100020,352,100098,252,99987,252,100104,100,99947,100,100108,100,99929,100,100144,100,99892,100,100173,100,99886,100,100316,100,99876,100,100369,100,99873,100,100532,100,99868,100
2019-06-28 09:43:34.263021384,100090,256,100046,256,100097,252,100020,352,100098,252,99987,252,100104,100,99947,100,100108,100,99929,100,100144,100,99892,100,100173,100,99886,100,100316,100,99876,100,100369,100,99873,100,100532,100,99868,100
2019-06-28 09:43:40.000000000,100090,215,100046,215,100097,215,100020,315,100098,215,99987,215,100104,215,99947,215,100108,100,99929,100,100144,100,99892,100,100173,100,99886,100,100316,100,99876,100,100369,100,99873,100,100532,100,99868,100
2019-06-28 09:43:50.000000000,100090,330,100046,330,100097,330,100020,430,100098,100,99987,100,100104,100,99947,100,100108,100,99929,100,100144,100,99892,100,100173,100,99886,100,100316,100,99876,100,100369,100,99873,100,100532,100,99868,100
2019-06-28 09:44:00.000000000,100090,192,100046,192,100097,192,100020,292,100098,192,99987,192,100104,192,99947,192,100108,192,99929,192,100144,100,99892,100,100173,100,99886,100,100316,100,99876,100,100369,100,99873,100,100532,100,99868,100
2019-06-28 09:44:05.888663338,100090,92,100046,192,100097,192,100020,292,100098,192,99987,192,100104,192,99947,192,100108,192,99929,192,100144,100,99892,100,100173,100,99886,100,100316,100,99876,100,100369,100,99873,100,100532,100,99868,100
2019-06-28 09:44:10.000000000,100097,256,100046,256,100098,252,100020,352,100104,252,99987,252,100108,100,99947,100,100144,100,99929,100,100173,100,99892,100,100316,100,99886,100,100369,100,99876,100,100532,100,99873,100,100987,100,99868,100
2019-06-28 09:44:12.519982437,100097,156,100046,256,100098,252,100020,352,100104,252,99987,252,100108,100,99947,100,100144,100,99929,100,100173,100,99892,100,100316,100,99886,100,100369,100,99876,100,100987,100,99873,100,101138,100,99868,100
2019-06-28 09:44:20.000000000,100098,256,100046,256,100104,252,100020,352,100108,252,99987,252,100144,100,99947,100,100173,100,99929,100,100316,100,99892,100,100369,100,99886,100,100987,100,99876,100,101138,100,99873,100,101176,100,99868,100
2019-06-28 09:44:22.848549369,100098,156,100046,256,100104,252,100020,352,100108,252,99987,252,100144,100,99947,100,100173,100,99929,100,100316,100,99892,100,100369,100,99886,100,100987,100,99876,100,101138,100,99873,100,101176,100,99868,100
2019-06-28 09:44:23.949917847,100098,156,100090,100,100104,252,100046,256,100108,252,100020,352,100144,100,99987,252,100173,100,99947,100,100316,100,99929,100,100369,100,99892,100,100987,100,99886,100,101138,100,99876,100,101176,100,99873,100
2019-06-28 09:44:30.000000000,100104,215,100090,215,100108,215,100046,215,100144,215,100020,315,100173,215,99987,215,100316,100,99947,100,100369,100,99929,100,100987,100,99892,100,101138,100,99886,100,101176,100,99876,100,101321,100,99873,100
2019-06-28 09:44:40.000000000,100104,330,100090,330,100108,330,100046,330,100144,100,100020,200,100173,100,99987,100,100316,100,99947,100,100369,100,99929,100,100987,100,99892,100,101138,100,99886,100,101176,100,99876,100,101321,100,99873,100
2019-06-28 09:44:50.000000000,100104,330,100090,330,100108,330,100046,330,100144,100,100020,200,100173,100,99987,100,100316,100,99947,100,100369,100,99929,100,100987,100,99892,100,101138,100,99886,100,101176,100,99876,100,101321,100,99873,100
2019-06-28 09:45:00.000000000,100104,192,100090,192,100108,192,100046,192,100144,192,100020,292,100173,192,99987,192,100316,192,99947,192,100369,100,99929,100,100987,100,99892,100,101138,100,99886,100,101176,100,99876,100,101321,100,99873,100
2019-06-28 09:45:07.197231627,100104,92,100090,192,100108,192,100046,192,100144,192,100020,292,100173,192,99987,192,100316,192,99947,192,100369,100,99929,100,100987,100,99892,100,101138,100,99886,100,101176,100,99876,100,101321,100,99873,100
2019-06-28 09:45:08.503538472,100104,92,100090,192,100108,192,100046,192,100144,192,100020,292,100173,192,99987,192,100316,192,99947,192,100369,100,99929,100,100983,100,99892,100,100987,100,99876,100,101138,100,99873,100,101176,100,99868,100
2019-06-28 09:45:10.000000000,100108,215,100090,215,100144,215,100046,215,100173,215,100020,315,100316,215,99987,215,100369,100,99947,100,100983,100,99929,100,100987,100,99892,100,101138,100,99876,100,101176,100,99873,100,101321,100,99868,100
2019-06-28 09:45:20.000000000,100108,192,100090,192,100144,192,100046,192,100173,192,100020,292,100316,192,99987,192,100369,192,99947,192,100983,100,99929,100,100987,100,99892,100,101138,100,99876,100,101176,100,99873,100,101321,100,99868,100
2019-06-28 09:45:30.000000000,100108,256,100090,256,100144,252,100046,252,100173,252,100020,352,100316,100,99987,100,100369,100,99947,100,100983,100,99929,100,100987,100,99892,100,101138,100,99876,100,101176,100,99873,100,101321,100,99868,100
2019-06-28 09:45:40.000000000,100108,192,100090,192,100144,192,100046,192,100173,192,100020,292,100316,192,99987,192,100369,192,99947,192,100983,100,99929,100,100987,100,99892,100,101138,100,99876,100,101176,100,99873,100,101321,100,99868,100
2019-06-28 09:45:44.780185608,100108,192,100090,192,100144,192,100046,192,100173,192,100020,292,100316,192,99987,192,100369,192,99947,192,100983,100,99929,100,100987,100,99892,100,101102,100,99876,100,101138,100,99868,100,101176,100,99860,100
2019-06-28 09:45:50.000000000,100108,330,100090,330,100144,330,100046,330,100173,100,100020,200,100316,100,99987,100,100369,100,99947,100,100983,100,99929,100,100987,100,99892,100,101102,100,99876,100,101138,100,99868,100,101176,100,99860,100
2019-06-28 09:46:00.000000000,100108,192,100090,192,100144,192,100046,192,100173,192,100020,292,100316,192,99987,192,100369,192,99947,192,100983,100,99929,100,100987,100,99892,100,101102,100,99876,100,101138,100,99868,100,101176,100,99860,100
2019-06-28 09:46:10.000000000,100108,256,100090,256,100144,252,100046,252,100173,252,100020,352,100316,100,99987,100,100369,100,99947,100,100983,100,99929,100,100987,100,99892,100,101102,100,99876,100,101138,100,99868,100,101176,100,99860,100
2019-06-28 09:46:20.000000000,100108,215,100090,215,100144,215,100046,215,100173,215,100020,315,100316,215,99987,215,100369,100,99947,100,100983,100,99929,100,100987,100,99892,100,101102,100,99876,100,101138,100,99868,100,101176,100,99860,100
2019-06-28 09:46:30.000000000,100108,192,100090,192,100144,192,100046,192,100173,192,100020,292,100316,192,99987,192,100369,192,99947,192,100983,100,99929,100,100987,100,99892,100,101102,100,99876,100,101138,100,99868,100,101176,100,99860,100
2019-06-28 09:46:35.592433521,100108,92,100090,192,100144,192,100046,192,100173,192,100020,292,100316,192,99987,92,100369,192,99947,192,100983,100,99929,100,100987,100,99892,100,101102,100,99876,100,101138,100,99868,100,101176,100,99860,100
2019-06-28 09:46:40.000000000,100144,192,100090,192,100173,192,100046,192,100316,192,100020,292,100369,192,99947,192,100983,192,99929,192,100987,100,99892,100,101102,100,99876,100,101138,100,99868,100,101176,100,99860,100,101321,100,99853,100
2019-06-28 09:46:50.000000000,100144,256,100090,256,100173,252,100046,252,100316,252,100020,352,100369,100,99947,100,100983,100,99929,100,100987,100,99892,100,101102,100,99876,100,101138,100,99868,100,101176,100,99860,100,101321,100,99853,100
2019-06-28 09:47:00.000000000,100144,560,100090,560,100173,100,100046,100,100316,100,100020,200,100369,100,99947,100,100983,100,99929,100,100987,100,99892,100,101102,100,99876,100,101138,100,99868,100,101176,100,99860,100,101321,100,99853,100
2019-06-28 09:47:10.000000000,100144,256,100090,256,100173,252,100046,252,100316,252,100020,352,100369,100,99947,100,100983,100,99929,100,100987,100,99892,100,101102,100,99876,100,101138,100,99868,100,101176,100,99860,100,101321,100,99853,100
2019-06-28 09:47:12.551225562,100144,256,100104,100,100173,252,100090,256,100316,252,100046,252,100369,100,100020,352,100983,100,99947,100,100987,100,99929,100,101102,100,99892,100,101138,100,99876,100,101176,100,99860,100,101321,100,99853,100
2019-06-28 09:47:14.596823287,100144,256,100104,100,100173,252,100090,256,100316,252,100046,252,100369,100,100020,352,100764,100,99947,100,100983,100,99929,100,100987,100,99892,100,101102,100,99876,100,101138,100,99860,100,101176,100,99853,100
2019-06-28 09:47:20.000000000,100144,192,100104,192,100173,192,100090,192,100316,192,100046,192,100369,192,100020,292,100764,192,99947,192,100983,100,99929,100,100987,100,99892,100,101102,100,99876,100,101138,100,99860,100,101176,100,99853,100
2019-06-28 09:47:20.374953249,100144,92,100104,192,100173,92,100090,192,100316,192,100046,192,100369,192,100020,292,100764,192,99947,192,100983,100,99929,100,100987,100,99892,100,101102,100,99876,100,101138,100,99860,100,101176,100,99853,100
2019-06-28 09:47:23.040311320,100144,92,100108,100,100173,92,100104,192,100316,192,100090,192,100369,192,100046,192,100764,192,100020,292,100983,100,99947,192,100987,100,99929,100,101102,100,99892,100,101138,100,99876,100,101176,100,99860,100
2019-06-28 09:47:30.000000000,100316,330,100108,330,100369,330,100104,330,100764,100,100090,100,100983,100,100046,100,100987,100,100020,200,101102,100,99947,100,101138,100,99929,100,101176,100,99892,100,101321,100,99876,100,101325,100,99860,100
2019-06-28 09:47:30.666407585,100316,330,100108,330,100369,330,100104,330,100640,100,100090,100,100764,100,100046,100,100983,100,100020,200,100987,100,99947,100,101102,100,99929,100,101138,100,99892,100,101176,100,99876,100,101321,100,99860,100
2019-06-28 09:47:40.000000000,100316,330,100108,330,100369,330,100104,330,100640,100,100090,100,100764,100,100046,100,100983,100,100020,200,100987,100,99947,100,101102,100,99929,100,101138,100,99892,100,101176,100,99876,100,101321,100,99860,100
2019-06-28 09:47:41.782405184,100316,330,100108,430,100369,330,100104,330,100640,100,100090,100,100764,100,100046,100,100983,100,100020,200,100987,100,99947,100,101102,100,99929,100,101138,100,99892,100,101176,100,99876,100,101321,100,99860,100
2019-06-28 09:47:50.000000000,100316,560,100108,660,100369,100,100104,100,100640,100,100090,100,100764,100,100046,100,100983,100,100020,200,100987,100,99947,100,101102,100,99929,100,101138,100,99892,100,101176,100,99876,100,101321,100,99860,100
2019-06-28 09:48:00.000000000,100316,256,100108,356,100369,252,100104,252,100640,252,100090,252,100764,100,100046,100,100983,100,100020,200,100987,100,99947,100,101102,100,99929,100,101138,100,99892,100,101176,100,99876,100,101321,100,99860,100
2019-06-28 09:48:10.000000000,100316,330,100108,430,100369,330,100104,330,100640,100,100090,100,100764,100,100046,100,100983,100,100020,200,100987,100,99947,100,101102,100,99929,100,101138,100,99892,100,101176,100,99876,100,101321,100,99860,100
2019-06-28 09:48:11.216330084,100316,330,100108,430,100369,330,100104,330,100511,100,100090,100,100640,100,100046,100,100764,100,100020,200,100983,100,99947,100,100987,100,99929,100,101102,100,99892,100,101138,100,99876,100,101176,100,99860,100
2019-06-28 09:48:12.398562694,100316,330,100108,430,100369,330,100104,330,100511,100,100090,100,100579,100,100046,100,100640,100,100020,200,100764,100,99947,100,100983,100,99929,100,100987,100,99892,100,101102,100,99876,100,101138,100,99860,100
2019-06-28 09:48:20.000000000,100316,192,100108,292,100369,192,100104,192,100511,192,100090,192,100579,192,100046,192,100640,192,100020,292,100764,100,99947,100,100983,100,99929,100,100987,100,99892,100,101102,100,99876,100,101138,100,99860,100
2019-06-28 09:48:30.000000000,100316,256,100108,356,100369,252,100104,252,100511,252,100090,252,100579,100,100046,100,100640,100,100020,200,100764,100,99947,100,100983,100,99929,100,100987,100,99892,100,101102,100,99876,100,101138,100,99860,100
2019-06-28 09:48:40.000000000,100316,256,100108,356,100369,252,100104,252,100511,252,100090,252,100579,100,100046,100,100640,100,100020,200,100764,100,99947,100,100983,100,99929,100,100987,100,99892,100,101102,100,99876,100,101138,100,99860,100
2019-06-28 09:48:50.000000000,100316,215,100108,315,100369,215,100104,215,100511,215,100090,215,100579,215,100046,215,100640,100,100020,200,100764,100,99947,100,100983,100,99929,100,100987,100,99892,100,101102,100,99876,100,101138,100,99860,100
2019-06-28 09:48:52.150634772,100316,215,100108,315,100369,215,100104,215,100511,215,100090,215,100579,215,100046,215,100640,100,100020,200,100764,100,99947,100,100776,100,99929,100,100983,100,99892,100,100987,100,99876,100,101102,100,99860,100
2019-06-28 09:49:00.000000000,100316,192,100108,292,100369,192,100104,192,100511,192,100090,192,100579,192,100046,192,100640,192,100020,292,100764,100,99947,100,100776,100,99929,100,100983,100,99892,100,100987,100,99876,100,101102,100,99860,100
2019-06-28 09:49:10.000000000,100316,192,100108,292,100369,192,100104,192,100511,192,100090,192,100579,192,100046,192,100640,192,100020,292,100764,100,99947,100,100776,100,99929,100,100983,100,99892,100,100987,100,99876,100,101102,100,99860,100
2019-06-28 09:49:15.464644177,100316,92,100108,292,100369,192,100104,192,100511,192,100090,192,100579,192,100046,192,100640,192,100020,292,100764,100,99947,100,100776,100,99929,100,100983,100,99892,100,100987,100,99876,100,101102,100,99860,100
2019-06-28 09:49:20.000000000,100369,192,100108,292,100511,192,100104,192,100579,192,100090,192,100640,192,100046,192,100764,192,100020,292,100776,100,99947,100,100983,100,99929,100,100987,100,99892,100,101102,100,99876,100,101176,100,99860,100
2019-06-28 09:49:30.000000000,100369,256,100108,356,100511,252,100104,252,100579,252,100090,252,100640,100,100046,100,100764,100,100020,200,100776,100,99947,100,100983,100,99929,100,100987,100,99892,100,101102,100,99876,100,101176,100,99860,100
2019-06-28 09:49:40.000000000,100369,330,100108,430,100511,330,100104,330,100579,100,100090,100,100640,100,100046,100,100764,100,100020,200,100776,100,99947,100,100983,100,99929,100,100987,100,99892,100,101102,100,99876,100,101176,100,99860,100
2019-06-28 09:49:42.951575142,100369,330,100108,430,100511,330,100104,330,100579,100,100090,100,100640,100,100046,100,100764,100,100020,200,100776,100,99947,100,100893,100,99929,100,100983,100,99892,100,100987,100,99876,100,101102,100,99860,100
2019-06-28 09:49:50.000000000,100369,192,100108,292,100511,192,100104,192,100579,192,100090,192,100640,192,100046,192,100764,192,100020,292,100776,100,99947,100,100893,100,99929,100,100983,100,99892,100,100987,100,99876,100,101102,100,99860,100
2019-06-28 09:50:00.000000000,100369,215,100108,315,100511,215,100104,215,100579,215,100090,215,100640,215,100046,215,100764,100,100020,200,100776,100,99947,100,100893,100,99929,100,100983,100,99892,100,100987,100,99876,100,101102,100,99860,100
2019-06-28 09:50:01.102641216,100369,215,100108,315,100432,100,100104,215,100511,215,100090,215,100579,215,100046,215,100640,215,100020,200,100764,100,99947,100,100776,100,99929,100,100893,100,99892,100,100983,100,99876,100,100987,100,99860,100
2019-06-28 09:50:02.246586693,100369,215,100108,315,100432,100,100104,115,100511,215,100090,215,100579,215,100046,215,100640,215,100020,200,100764,100,99947,100,100776,100,99929,100,100893,100,99892,100,100983,100,99876,100,100987,100,99860,100
2019-06-28 09:50:10.000000000,100369,215,100108,315,100432,215,100090,215,100511,215,100046,215,100579,215,100020,315,100640,100,99947,100,100764,100,99929,100,100776,100,99892,100,100893,100,99876,100,100983,100,99860,100,100987,100,99605,100
2019-06-28 09:50:20.000000000,100369,192,100108,292,100432,192,100090,192,100511,192,100046,192,100579,192,100020,292,100640,192,99947,192,100764,100,99929,100,100776,100,99892,100,100893,100,99876,100,100983,100,99860,100,100987,100,99605,100
2019-06-28 09:50:30.000000000,100369,215,100108,315,100432,215,100090,215,100511,215,100046,215,100579,215,100020,315,100640,100,99947,100,100764,100,99929,100,100776,100,99892,100,100893,100,99876,100,100983,100,99860,100,100987,100,99605,100
2019-06-28 09:50:40.000000000,100369,560,100108,660,100432,100,100090,100,100511,100,100046,100,100579,100,100020,200,100640,100,99947,100,100764,100,99929,100,100776,100,99892,100,100893,100,99876,100,100983,100,99860,100,100987,100,99605,100
2019-06-28 09:50:42.629953872,100369,560,100108,660,100432,100,100090,100,100449,100,100046,100,100511,100,100020,200,100579,100,99947,100,100640,100,99929,100,100764,100,99892,100,100776,100,99876,100,100893,100,99860,100,100983,100,99605,100
2019-06-28 09:50:49.438093242,100369,560,100144,100,100432,100,100108,660,100449,100,100090,100,100511,100,100046,100,100579,100,100020,200,100640,100,99947,100,100764,100,99929,100,100776,100,99892,100,100893,100,99876,100,100983,100,99860,100
2019-06-28 09:50:50.000000000,100369,560,100144,560,100432,100,100108,200,100449,100,100090,100,100511,100,100046,100,100579,100,100020,200,100640,100,99947,100,100764,100,99929,100,100776,100,99892,100,100893,100,99876,100,100983,100,99860,100
2019-06-28 09:50:53.546906413,100369,560,100239,100,100432,100,100144,560,100449,100,100108,200,100511,100,100090,100,100579,100,100046,100,100640,100,100020,200,100764,100,99947,100,100776,100,99929,100,100893,100,99892,100,100983,100,99876,100
2019-06-28 09:51:00.000000000,100369,256,100239,256,100432,252,100144,252,100449,252,100108,352,100511,100,100090,100,100579,100,100046,100,100640,100,100020,200,100764,100,99947,100,100776,100,99929,100,100893,100,99892,100,100983,100,99876,100
2019-06-28 09:51:10.000000000,100369,256,100239,256,100432,252,100144,252,100449,252,100108,352,100511,100,100090,100,100579,100,100046,100,100640,100,100020,200,100764,100,99947,100,100776,100,99929,100,100893,100,99892,100,100983,100,99876,100
2019-06-28 09:51:15.318500229,100315,100,100239,256,100369,256,100144,252,100432,252,100108,352,100449,252,100090,100,100511,100,100046,100,100579,100,100020,200,100640,100,99947,100,100764,100,99929,100,100776,100,99892,100,100893,100,99876,100
2019-06-28 09:51:20.000000000,100315,215,100239,215,100369,215,100144,215,100432,215,100108,315,100449,215,100090,215,100511,100,100046,100,100579,100,100020,200,100640,100,99947,100,100764,100,99929,100,100776,100,99892,100,100893,100,99876,100
2019-06-28 09:51:30.000000000,100315,215,100239,215,100369,215,100144,215,100432,215,100108,315,100449,215,100090,215,100511,100,100046,100,100579,100,100020,200,100640,100,99947,100,100764,100,99929,100,100776,100,99892,100,100893,100,99876,100
2019-06-28 09:51:32.486176650,100315,115,100239,215,100369,215,100144,215,100432,215,100108,315,100449,215,100090,215,100511,100,100046,100,100579,100,100020,200,100640,100,99947,100,100764,100,99892,100,100776,100,99876,100,100893,100,99860,100
2019-06-28 09:51:40.000000000,100369,330,100239,330,100432,330,100144,330,100449,100,100108,200,100511,100,100090,100,100579,100,100046,100,100640,100,100020,200,100764,100,99947,100,100776,100,99892,100,100893,100,99876,100,100983,100,99860,100
2019-06-28 09:51:47.522646616,100369,330,100239,330,100415,100,100144,330,100432,330,100108,200,100449,100,100090,100,100511,100,100046,100,100579,100,100020,200,100640,100,99947,100,100764,100,99892,100,100776,100,99876,100,100893,100,99860,100
2019-06-28 09:51:50.000000000,100369,330,100239,330,100415,330,100144,330,100432,100,100108,200,100449,100,100090,100,100511,100,100046,100,100579,100,100020,200,100640,100,99947,100,100764,100,99892,100,100776,100,99876,100,100893,100,99860,100
2019-06-28 09:52:00.000000000,100369,215,100239,215,100415,215,100144,215,100432,215,100108,315,100449,215,100090,215,100511,100,100046,100,100579,100,100020,200,100640,100,99947,100,100764,100,99892,100,100776,100,99876,100,100893,100,99860,100
2019-06-28 09:52:10.000000000,100369,192,100239,192,100415,192,100144,192,100432,192,100108,292,100449,192,100090,192,100511,192,100046,192,100579,100,100020,200,100640,100,99947,100,100764,100,99892,100,100776,100,99876,100,100893,100,99860,100
2019-06-28 09:52:18.025541583,100369,92,100239,192,100415,192,100144,192,100432,192,100108,292,100449,192,100090,192,100511,192,100046,192,100579,100,100020,200,100640,100,99947,100,100764,100,99892,100,100776,100,99876,100,100893,100,99860,100
2019-06-28 09:52:20.000000000,100415,330,100239,330,100432,330,100144,330,100449,100,100108,200,100511,100,100090,100,100579,100,100046,100,100640,100,100020,200,100764,100,99947,100,100776,100,99892,100,100893,100,99876,100,100983,100,99860,100
2019-06-28 09:52:20.973730777,100415,330,100239,330,100432,330,100144,330,100449,100,100108,200,100511,100,100090,100,100579,100,100046,100,100640,100,100020,200,100764,100,99947,100,100776,100,99892,100,100847,100,99876,100,100893,100,99860,100
2019-06-28 09:52:30.000000000,100415,330,100239,330,100432,330,100144,330,100449,100,100108,200,100511,100,100090,100,100579,100,100046,100,100640,100,100020,200,100764,100,99947,100,100776,100,99892,100,100847,100,99876,100,100893,100,99860,100
2019-06-28 09:52:31.963596775,100415,230,100239,330,100432,330,100144,330,100449,100,100108,200,100579,100,100090,100,100640,100,100046,100,100764,100,100020,200,100776,100,99947,100,100847,100,99892,100,100893,100,99876,100,100983,100,99860,100
2019-06-28 09:52:40.000000000,100432,215,100239,215,100449,215,100144,215,100579,215,100108,315,100640,215,100090,215,100764,100,100046,100,100776,100,100020,200,100847,100,99947,100,100893,100,99892,100,100983,100,99876,100,101176,100,99860,100
2019-06-28 09:52:50.000000000,100432,330,100239,330,100449,330,100144,330,100579,100,100108,200,100640,100,100090,100,100764,100,100046,100,100776,100,100020,200,100847,100,99947,100,100893,100,99892,100,100983,100,99876,100,101176,100,99860,100
2019-06-28 09:53:00.000000000,100432,330,100239,330,100449,330,100144,330,100579,100,100108,200,100640,100,100090,100,100764,100,100046,100,100776,100,100020,200,100847,100,99947,100,100893,100,99892,100,100983,100,99876,100,101176,100,99860,100
2019-06-28 09:53:10.000000000,100432,330,100239,330,100449,330,100144,330,100579,100,100108,200,100640,100,100090,100,100764,100,100046,100,100776,100,100020,200,100847,100,99947,100,100893,100,99892,100,100983,100,99876,100,101176,100,99860,100
2019-06-28 09:53:12.317391653,100432,330,100369,100,100449,330,100239,330,100579,100,100144,330,100640,100,100108,100,100764,100,100090,100,100776,100,100046,100,100847,100,100020,200,100893,100,99947,100,100983,100,99892,100,101176,100,99876,100
2019-06-28 09:53:18.880181326,100432,330,100239,330,100449,330,100144,330,100579,100,100108,100,100640,100,100090,100,100764,100,100046,100,100776,100,100020,200,100847,100,99947,100,100893,100,99892,100,100983,100,99876,100,101176,100,99860,100
2019-06-28 09:53:20.000000000,100432,256,100239,256,100449,252,100144,252,100579,252,100108,252,100640,100,100090,100,100764,100,100046,100,100776,100,100020,200,100847,100,99947,100,100893,100,99892,100,100983,100,99876,100,101176,100,99860,100
2019-06-28 09:53:30.000000000,100432,215,100239,215,100449,215,100144,215,100579,215,100108,215,100640,215,100090,215,100764,100,100046,100,100776,100,100020,200,100847,100,99947,100,100893,100,99892,100,100983,100,99876,100,101176,100,99860,100
2019-06-28 09:53:40.000000000,100432,256,100239,256,100449,252,100144,252,100579,252,100108,252,100640,100,100090,100,100764,100,100046,100,100776,100,100020,200,100847,100,99947,100,100893,100,99892,100,100983,100,99876,100,101176,100,99860,100
2019-06-28 09:53:43.597021439,100432,256,100239,256,100449,252,100144,252,100579,252,100108,252,100640,100,100090,100,100668,100,100046,100,100764,100,100020,200,100776,100,99947,100,100847,100,99892,100,100893,100,99876,100,100983,100,99860,100
2019-06-28 09:53:50.000000000,100432,256,100239,256,100449,252,100144,252,100579,252,100108,252,100640,100,100090,100,100668,100,100046,100,100764,100,100020,200,100776,100,99947,100,100847,100,99892,100,100893,100,99876,100,100983,100,99860,100
2019-06-28 09:54:00.000000000,100432,330,100239,330,100449,330,100144,330,100579,100,100108,100,100640,100,100090,100,100668,100,100046,100,100764,100,100020,200,100776,100,99947,100,100847,100,99892,100,100893,100,99876,100,100983,100,99860,100
2019-06-28 09:54:07.908217151,100432,330,100239,330,100449,330,100144,330,100579,100,100108,100,100640,100,100090,100,100668,100,100046,100,100764,100,100020,100,100776,100,99947,100,100847,100,99892,100,100893,100,99876,100,100983,100,99860,100
2019-06-28 09:54:10.000000000,100432,560,100239,560,100449,100,100144,100,100579,100,100108,100,100640,100,100090,100,100668,100,100046,100,100764,100,100020,100,100776,100,99947,100,100847,100,99892,100,100893,100,99876,100,100983,100,99860,100
2019-06-28 09:54:16.522243704,100432,560,100369,100,100449,100,100239,560,100579,100,100144,100,100640,100,100108,100,100668,100,100090,100,100764,100,100046,100,100776,100,100020,100,100847,100,99947,100,100893,100,99892,100,100983,100,99876,100
2019-06-28 09:54:20.000000000,100432,256,100369,256,100449,252,100239,252,100579,252,100144,252,100640,100,100108,100,100668,100,100090,100,100764,100,100046,100,100776,100,100020,100,100847,100,99947,100,100893,100,99892,100,100983,100,99876,100
2019-06-28 09:54:22.196791528,100432,256,100369,156,100449,252,100239,252,100579,252,100144,152,100640,100,100108,100,100668,100,100090,100,100764,100,100046,100,100776,100,100020,100,100847,100,99947,100,100893,100,99892,100,100983,100,99876,100
2019-06-28 09:54:24.986043605,100432,256,100370,100,100449,252,100369,156,100579,252,100239,252,100640,100,100144,152,100668,100,100108,100,100764,100,100090,100,100776,100,100046,100,100847,100,100020,100,100893,100,99947,100,100983,100,99892,100
2019-06-28 09:54:28.238413582,100432,256,100378,100,100449,252,100370,100,100579,252,100369,156,100640,100,100239,252,100668,100,100144,152,100764,100,100108,100,100776,100,100090,100,100847,100,100046,100,100893,100,100020,100,100983,100,99947,100
2019-06-28 09:54:30.000000000,100432,560,100378,560,100449,100,100370,100,100579,100,100239,100,100640,100,100108,100,100668,100,100090,100,100764,100,100046,100,100776,100,100020,100,100847,100,99947,100,100893,100,99892,100,100983,100,99876,100
2019-06-28 09:54:31.676187422,100432,560,100378,560,100449,100,100370,100,100579,100,100239,100,100640,100,100209,100,100668,100,100108,100,100764,100,100090,100,100776,100,100046,100,100847,100,100020,100,100893,100,99947,100,100983,100,99892,100
2019-06-28 09:54:40.000000000,100432,330,100378,330,100449,330,100370,330,100579,100,100239,100,100640,100,100209,100,100668,100,100108,100,100764,100,100090,100,100776,100,100046,100,100847,100,100020,100,100893,100,99947,100,100983,100,99892,100
2019-06-28 09:54:41.120927513,100432,330,100378,330,100449,330,100370,330,100579,100,100297,100,100640,100,100239,100,100668,100,100209,100,100764,100,100108,100,100776,100,100090,100,100847,100,100046,100,100893,100,100020,100,100983,100,99947,100
2019-06-28 09:54:47.911216838,100432,330,100378,330,100449,330,100370,330,100579,100,100297,100,100668,100,100239,100,100764,100,100209,100,100776,100,100135,100,100847,100,100108,100,100893,100,100090,100,100983,100,100046,100,101176,100,100020,100
2019-06-28 09:54:50.000000000,100432,215,100378,215,100449,215,100370,215,100579,215,100297,215,100668,215,100239,215,100764,100,100209,100,100776,100,100135,100,100847,100,100108,100,100893,100,100090,100,100983,100,100046,100,101176,100,100020,100
2019-06-28 09:55:00.000000000,100432,192,100378,192,100449,192,100370,192,100579,192,100297,192,100668,192,100239,192,100764,192,100209,192,100776,100,100135,100,100847,100,100108,100,100893,100,100090,100,100983,100,100046,100,101176,100,100020,100
2019-06-28 09:55:05.414942031,100432,192,100378,192,100449,192,100370,192,100579,192,100297,192,100668,192,100239,192,100764,192,100209,192,100776,100,100135,100,100847,100,100108,100,100893,100,100090,100,100983,100,100046,100,101176,100,99947,100
2019-06-28 09:55:05.817771911,100432,192,100378,92,100449,192,100370,192,100579,192,100297,192,100668,192,100239,192,100764,192,100209,192,100776,100,100135,100,100847,100,100108,100,100893,100,100090,100,100983,100,100046,100,101176,100,99947,100
2019-06-28 09:55:10.000000000,100432,215,100370,215,100449,215,100297,215,100579,215,100239,215,100668,215,100209,215,100764,100,100135,100,100776,100,100108,100,100847,100,100090,100,100893,100,100046,100,100983,100,99947,100,101176,100,99892,100
2019-06-28 09:55:15.151664991,100432,215,100370,215,100449,215,100355,100,100579,215,100297,215,100668,215,100239,215,100764,100,100209,215,100776,100,100135,100,100847,100,100108,100,100893,100,100090,100,100983,100,100046,100,101176,100,99947,100
2019-06-28 09:55:20.000000000,100432,330,100370,330,100449,330,100355,330,100579,100,100297,100,100668,100,100239,100,100764,100,100209,100,100776,100,100135,100,100847,100,100108,100,100893,100,100090,100,100983,100,100046,100,101176,100,99947,100
2019-06-28 09:55:30.000000000,100432,256,100370,256,100449,252,100355,252,100579,252,100297,252,100668,100,100239,100,100764,100,100209,100,100776,100,100135,100,100847,100,100108,100,100893,100,100090,100,100983,100,100046,100,101176,100,99947,100
2019-06-28 09:55:40.000000000,100432,256,100370,256,100449,252,100355,252,100579,252,100297,252,100668,100,100239,100,100764,100,100209,100,100776,100,100135,100,100847,100,100108,100,100893,100,100090,100,100983,100,100046,100,101176,100,99947,100
2019-06-28 09:55:50.000000000,100432,330,100370,330,100449,330,100355,330,100579,100,100297,100,100668,100,100239,100,100764,100,100209,100,100776,100,100135,100,100847,100,100108,100,100893,100,100090,100,100983,100,100046,100,101176,100,99947,100
2019-06-28 09:56:00.000000000,100432,256,100370,256,100449,252,100355,252,100579,252,100297,252,100668,100,100239,100,100764,100,100209,100,100776,100,100135,100,100847,100,100108,100,100893,100,100090,100,100983,100,100046,100,101176,100,99947,100
2019-06-28 09:56:08.239194260,100378,100,100370,256,100432,256,100355,252,100449,252,100297,252,100579,252,100239,100,100668,100,100209,100,100764,100,100135,100,100776,100,100090,100,100847,100,100046,100,100893,100,99947,100,100983,100,99892,100
2019-06-28 09:56:10.000000000,100378,215,100370,215,100432,215,100355,215,100449,215,100297,215,100579,215,100239,215,100668,100,100209,100,100764,100,100135,100,100776,100,100090,100,100847,100,100046,100,100893,100,99947,100,100983,100,99892,100
2019-06-28 09:56:20.000000000,100378,215,100370,215,100432,215,100355,215,100449,215,100297,215,100579,215,100239,215,100668,100,100209,100,100764,100,100135,100,100776,100,100090,100,100847,100,100046,100,100893,100,99947,100,100983,100,99892,100
2019-06-28 09:56:30.000000000,100378,256,100370,256,100432,252,100355,252,100449,252,100297,252,100579,100,100239,100,100668,100,100209,100,100764,100,100135,100,100776,100,100090,100,100847,100,100046,100,100893,100,99947,100,100983,100,99892,100
2019-06-28 09:56:38.040724360,100378,256,100370,256,100432,252,100355,252,100449,252,100297,252,100579,100,100239,100,100668,100,100209,100,100764,100,100163,100,100776,100,100135,100,100847,100,100090,100,100893,100,100046,100,100983,100,99947,100
2019-06-28 09:56:39.650843717,100378,256,100370,156,100432,252,100355,252,100449,252,100297,252,100579,100,100239,100,100668,100,100209,100,100764,100,100163,100,100847,100,100135,100,100893,100,100090,100,100983,100,100046,100,101176,100,99947,100
2019-06-28 09:56:40.000000000,100378,215,100355,215,100432,215,100297,215,100449,215,100239,215,100579,215,100209,215,100668,100,100163,100,100764,100,100135,100,100847,100,100090,100,100893,100,100046,100,100983,100,99947,100,101176,100,99892,100
2019-06-28 09:56:42.370998076,100378,115,100355,115,100432,215,100297,215,100449,215,100239,215,100579,215,100209,215,100668,100,100163,100,100764,100,100135,100,100847,100,100090,100,100893,100,100046,100,100983,100,99947,100,101176,100,99892,100
2019-06-28 09:56:43.776747548,100378,115,100355,115,100432,215,100306,100,100449,215,100297,215,100579,215,100239,215,100668,100,100209,215,100764,100,100163,100,100847,100,100135,100,100893,100,100090,100,100983,100,100046,100,101176,100,99947,100
2019-06-28 09:56:50.000000000,100432,256,100306,256,100449,252,100297,252,100579,252,100239,252,100668,100,100209,100,100764,100,100163,100,100847,100,100135,100,100893,100,100090,100,100983,100,100046,100,101176,100,99947,100,101321,100,99892,100
2019-06-28 09:57:00.000000000,100432,560,100306,560,100449,100,100297,100,100579,100,100239,100,100668,100,100209,100,100764,100,100163,100,100847,100,100135,100,100893,100,100090,100,100983,100,100046,100,101176,100,99947,100,101321,100,99892,100
2019-06-28 09:57:06.043174540,100399,100,100306,560,100432,560,100297,100,100449,100,100239,100,100579,100,100209,100,100668,100,100163,100,100764,100,100135,100,100847,100,100090,100,100893,100,100046,100,100983,100,99947,100,101176,100,99892,100
2019-06-28 09:57:10.000000000,100399,560,100306,560,100432,100,100297,100,100449,100,100239,100,100579,100,100209,100,100668,100,100163,100,100764,100,100135,100,100847,100,100090,100,100893,100,100046,100,100983,100,99947,100,101176,100,99892,100
2019-06-28 09:57:18.578651166,100399,560,100306,460,100449,100,100297,100,100579,100,100239,100,100668,100,100209,100,100764,100,100163,100,100847,100,100135,100,100893,100,100090,100,100983,100,100046,100,101176,100,99947,100,101321,100,99892,100
2019-06-28 09:57:20.000000000,100399,256,100297,256,100449,252,100239,252,100579,252,100209,252,100668,100,100163,100,100764,100,100135,100,100847,100,100090,100,100893,100,100046,100,100983,100,99947,100,101176,100,99892,100,101321,100,99876,100
2019-06-28 09:57:26.188332380,100377,100,100297,256,100399,256,100239,252,100449,252,100209,252,100579,252,100163,100,100668,100,100135,100,100764,100,100090,100,100847,100,100046,100,100893,100,99947,100,100983,100,99892,100,101176,100,99876,100
2019-06-28 09:57:26.517111224,100377,100,100297,256,100399,256,100247,100,100449,252,100239,252,100579,252,100209,252,100764,100,100163,100,100847,100,100135,100,100893,100,100090,100,100983,100,100046,100,101176,100,99947,100,101321,100,99892,100
2019-06-28 09:57:30.000000000,100377,560,100297,560,100399,100,100247,100,100449,100,100239,100,100579,100,100209,100,100764,100,100163,100,100847,100,100135,100,100893,100,100090,100,100983,100,100046,100,101176,100,99947,100,101321,100,99892,100
2019-06-28 09:57:34.602891074,100377,560,100297,460,100399,100,100247,100,100449,100,100239,100,100579,100,100209,100,100764,100,100163,100,100847,100,100135,100,100893,100,100090,100,101176,100,100046,100,101321,100,99947,100,,,99892,100
2019-06-28 09:57:40.000000000,100377,192,100247,192,100399,192,100239,192,100449,192,100209,192,100579,192,100163,192,100764,192,100135,192,100847,100,100090,100,100893,100,100046,100,101176,100,99947,100,101321,100,99892,100,,,99876,100
2019-06-28 09:57:40.563251923,100306,100,100247,192,100377,192,100239,192,100399,192,100209,192,100449,192,100163,192,100579,192,100135,192,100764,192,100090,100,100847,100,100046,100,100893,100,99947,100,101176,100,99892,100,101321,100,99876,100
2019-06-28 09:57:50.000000000,100306,256,100247,256,100377,252,100239,252,100399,252,100209,252,100449,100,100163,100,100579,100,100135,100,100764,100,100090,100,100847,100,100046,100,100893,100,99947,100,101176,100,99892,100,101321,100,99876,100
2019-06-28 09:58:00.000000000,100306,256,100247,256,100377,252,100239,252,100399,252,100209,252,100449,100,100163,100,100579,100,100135,100,100764,100,100090,100,100847,100,100046,100,100893,100,99947,100,101176,100,99892,100,101321,100,99876,100
2019-06-28 09:58:09.500399318,100306,256,100247,256,100377,252,100239,252,100399,252,100209,252,100449,100,100163,100,100534,100,100135,100,100579,100,100090,100,100764,100,100046,100,100847,100,99947,100,100893,100,99892,100,101176,100,99876,100
2019-06-28 09:58:10.000000000,100306,330,100247,330,100377,330,100239,330,100399,100,100209,100,100449,100,100163,100,100534,100,100135,100,100579,100,100090,100,100764,100,100046,100,100847,100,99947,100,100893,100,99892,100,101176,100,99876,100
2019-06-28 09:58:20.000000000,100306,256,100247,256,100377,252,100239,252,100399,252,100209,252,100449,100,100163,100,100534,100,100135,100,100579,100,100090,100,100764,100,100046,100,100847,100,99947,100,100893,100,99892,100,101176,100,99876,100
2019-06-28 09:58:30.000000000,100306,330,100247,330,100377,330,100239,330,100399,100,100209,100,100449,100,100163,100,100534,100,100135,100,100579,100,100090,100,100764,100,100046,100,100847,100,99947,100,100893,100,99892,100,101176,100,99876,100
2019-06-28 09:58:40.000000000,100306,215,100247,215,100377,215,100239,215,100399,215,100209,215,100449,215,100163,215,100534,100,100135,100,100579,100,100090,100,100764,100,100046,100,100847,100,99947,100,100893,100,99892,100,101176,100,99876,100
2019-06-28 09:58:45.258089319,100306,115,100247,215,100377,215,100239,215,100399,215,100209,215,100449,215,100163,215,100534,100,100135,100,100579,100,100090,100,100764,100,100046,100,100847,100,99892,100,100893,100,99876,100,101176,100,99860,100
2019-06-28 09:58:45.558207893,100306,115,100247,215,100334,100,100239,215,100377,215,100209,215,100399,215,100163,215,100449,215,100135,100,100534,100,100090,100,100579,100,100046,100,100764,100,99892,100,100847,100,99876,100,100893,100,99860,100
2019-06-28 09:58:50.000000000,100334,330,100247,330,100377,330,100239,330,100399,100,100209,100,100449,100,100163,100,100534,100,100135,100,100579,100,100090,100,100764,100,100046,100,100847,100,99892,100,100893,100,99876,100,101176,100,99860,100
2019-06-28 09:58:56.402371151,100334,330,100298,100,100377,330,100247,330,100399,100,100239,330,100449,100,100209,100,100534,100,100163,100,100579,100,100135,100,100764,100,100090,100,100847,100,100046,100,100893,100,99892,100,101176,100,99876,100
2019-06-28 09:59:00.000000000,100334,256,100298,256,100377,252,100247,252,100399,252,100239,252,100449,100,100209,100,100534,100,100163,100,100579,100,100135,100,100764,100,100090,100,100847,100,100046,100,100893,100,99892,100,101176,100,99876,100
2019-06-28 09:59:10.000000000,100334,256,100298,256,100377,252,100247,252,100399,252,100239,252,100449,100,100209,100,100534,100,100163,100,100579,100,100135,100,100764,100,100090,100,100847,100,100046,100,100893,100,99892,100,101176,100,99876,100
2019-06-28 09:59:20.000000000,100334,330,100298,330,100377,330,100247,330,100399,100,100239,100,100449,100,100209,100,100534,100,100163,100,100579,100,100135,100,100764,100,100090,100,100847,100,100046,100,100893,100,99892,100,101176,100,99876,100
2019-06-28 09:59:30.000000000,100334,560,100298,560,100377,100,100247,100,100399,100,100239,100,100449,100,100209,100,100534,100,100163,100,100579,100,100135,100,100764,100,100090,100,100847,100,100046,100,100893,100,99892,100,101176,100,99876,100
2019-06-28 09:59:35.435894874,100334,560,100298,560,100377,100,100247,100,100399,100,100239,100,100449,100,100209,100,100534,100,100163,100,100579,100,100135,100,100764,100,100090,100,100847,100,100046,100,100893,100,99892,100,101176,100,99876,100
2019-06-28 09:59:40.000000000,100334,192,100298,192,100377,192,100247,192,100399,192,100239,192,100449,192,100209,192,100534,192,100163,192,100579,100,100135,100,100764,100,100090,100,100847,100,100046,100,100893,100,99892,100,101176,100,99876,100
2019-06-28 09:59:42.462659253,100334,192,100298,192,100377,192,100247,192,100399,192,100239,192,100449,192,100209,192,100534,192,100163,92,100579,100,100135,100,100602,100,100090,100,100764,100,100046,100,100847,100,99892,100,100893,100,99876,100
2019-06-28 09:59:45.496326525,100334,92,100298,192,100377,192,100247,192,100399,192,100239,192,100449,192,100209,192,100534,192,100163,92,100579,100,100135,100,100602,100,100090,100,100764,100,100046,100,100893,100,99892,100,101176,100,99876,100
2019-06-28 09:59:50.000000000,100377,330,100298,330,100399,330,100247,330,100449,100,100239,100,100534,100,100209,100,100579,100,100135,100,100602,100,100090,100,100764,100,100046,100,100893,100,99892,100,101176,100,99876,100,101321,100,99860,100
2019-06-28 09:59:52.218160326,100377,330,100298,330,100399,330,100247,330,100449,100,100239,100,100534,100,100209,100,100579,100,100135,100,100602,100,100090,100,100681,100,100046,100,100764,100,99892,100,100893,100,99876,100,101176,100,99860,100
2019-06-28 10:00:00.000000000,100377,192,100298,192,100399,192,100247,192,100449,192,100239,192,100534,192,100209,192,100579,192,100135,192,100602,100,100090,100,100681,100,100046,100,100764,100,99892,100,100893,100,99876,100,101176,100,99860,100
2019-06-28 10:00:10.000000000,100377,330,100298,330,100399,330,100247,330,100449,100,100239,100,100534,100,100209,100,100579,100,100135,100,100602,100,100090,100,100681,100,100046,100,100764,100,99892,100,100893,100,99876,100,101176,100,99860,100
2019-06-28 10:00:12.420303035,100305,100,100298,330,100377,330,100247,330,100399,330,100239,100,100449,100,100209,100,100534,100,100135,100,100579,100,100090,100,100602,100,100046,100,100681,100,99892,100,100764,100,99876,100,100893,100,99860,100
2019-06-28 10:00:13.086538499,100305,100,100298,230,100377,330,100247,330,100399,330,100239,100,100449,100,100209,100,100534,100,100135,100,100579,100,100090,100,100602,100,100046,100,100681,100,99892,100,100764,100,99876,100,100893,100,99860,100
2019-06-28 10:00:20.000000000,100305,330,100247,330,100377,330,100239,330,100399,100,100209,100,100449,100,100135,100,100534,100,100090,100,100579,100,100046,100,100602,100,99892,100,100681,100,99876,100,100764,100,99860,100,100893,100,,
2019-06-28 10:00:30.000000000,100305,256,100247,256,100377,252,100239,252,100399,252,100209,252,100449,100,100135,100,100534,100,100090,100,100579,100,100046,100,100602,100,99892,100,100681,100,99876,100,100764,100,99860,100,100893,100,,
2019-06-28 10:00:35.915863566,100305,256,100247,256,100377,252,100239,252,100399,252,100209,252,100449,100,100135,100,100534,100,100090,100,100579,100,100046,100,100583,100,99892,100,100602,100,99876,100,100681,100,99860,100,100764,100,,
2019-06-28 10:00:40.000000000,100305,560,100247,560,100377,100,100239,100,100399,100,100209,100,100449,100,100135,100,100534,100,100090,100,100579,100,100046,100,100583,100,99892,100,100602,100,99876,100,100681,100,99860,100,100764,100,,
2019-06-28 10:00:44.864674496,100305,560,100247,560,100377,100,100239,100,100399,100,100209,100,100449,100,100135,100,100534,100,100090,100,100579,100,100046,100,100583,100,99892,100,100602,100,99876,100,100681,100,99860,100,100727,100,,
2019-06-28 10:00:50.000000000,100305,330,100247,330,100377,330,100239,330,100399,100,100209,100,100449,100,100135,100,100534,100,100090,100,100579,100,100046,100,100583,100,99892,100,100602,100,99876,100,100681,100,99860,100,100727,100,,
2019-06-28 10:01:00.000000000,100305,192,100247,192,100377,192,100239,192,100399,192,100209,192,100449,192,100135,192,100534,192,100090,192,100579,100,100046,100,100583,100,99892,100,100602,100,99876,100,100681,100,99860,100,100727,100,,
2019-06-28 10:01:10.000000000,100305,192,100247,192,100377,192,100239,192,100399,192,100209,192,100449,192,100135,192,100534,192,100090,192,100579,100,100046,100,100583,100,99892,100,100602,100,99876,100,100681,100,99860,100,100727,100,,
2019-06-28 10:01:20.000000000,100305,192,100247,192,100377,192,100239,192,100399,192,100209,192,100449,192,100135,192,100534,192,100090,192,100579,100,100046,100,100583,100,99892,100,100602,100,99876,100,100681,100,99860,100,100727,100,,
2019-06-28 10:01:27.283529770,100305,192,100247,192,100377,192,100239,192,100399,192,100209,192,100449,192,100135,192,100534,192,100090,192,100579,100,100046,100,100583,100,99980,100,100602,100,99892,100,100681,100,99876,100,100727,100,99860,100
2019-06-28 10:01:30.000000000,100305,256,100247,256,100377,252,100239,252,100399,252,100209,252,100449,100,100135,100,100534,100,100090,100,100579,100,100046,100,100583,100,99980,100,100602,100,99892,100,100681,100,99876,100,100727,100,99860,100
2019-06-28 10:01:40.000000000,100305,192,100247,192,100377,192,100239,192,100399,192,100209,192,100449,192,100135,192,100534,192,100090,192,100579,100,100046,100,100583,100,99980,100,100602,100,99892,100,100681,100,99876,100,100727,100,99860,100
2019-06-28 10:01:50.000000000,100305,330,100247,330,100377,330,100239,330,100399,100,100209,100,100449,100,100135,100,100534,100,100090,100,100579,100,100046,100,100583,100,99980,100,100602,100,99892,100,100681,100,99876,100,100727,100,99860,100
2019-06-28 10:01:59.550725785,100305,330,100247,330,100315,100,100239,330,100377,330,100209,100,100399,100,100135,100,100449,100,100090,100,100534,100,100046,100,100579,100,99980,100,100583,100,99892,100,100602,100,99876,100,100727,100,99860,100
2019-06-28 10:01:59.766739156,100304,100,100247,330,100305,330,100239,330,100315,100,100209,100,100377,330,100135,100,100399,100,100090,100,100449,100,100046,100,100534,100,99980,100,100579,100,99892,100,100583,100,99876,100,100602,100,99860,100
2019-06-28 10:02:00.000000000,100304,330,100247,330,100305,330,100239,330,100315,100,100209,100,100377,100,100135,100,100399,100,100090,100,100449,100,100046,100,100534,100,99980,100,100579,100,99892,100,100583,100,99876,100,100602,100,99860,100
2019-06-28 10:02:02.738031880,100304,330,100247,330,100305,330,100239,330,100315,100,100209,100,100377,100,100135,100,100399,100,100090,100,100449,100,100046,100,100534,100,99988,100,100579,100,99980,100,100583,100,99892,100,100602,100,99876,100
2019-06-28 10:02:07.134378015,100304,330,100247,230,100305,330,100239,330,100315,100,100209,100,100377,100,100135,100,100399,100,100090,100,100449,100,100046,100,100534,100,99988,100,100579,100,99980,100,100583,100,99971,100,100602,100,99892,100
2019-06-28 10:02:10.000000000,100304,192,100239,192,100305,192,100209,192,100315,192,100135,192,100377,192,100090,192,100399,192,100046,192,100449,100,99988,100,100534,100,99980,100,100579,100,99971,100,100583,100,99892,100,100602,100,99876,100
2019-06-28 10:02:18.004545258,100304,192,100239,92,100305,192,100209,192,100315,192,100135,192,100377,192,100090,192,100399,192,100046,192,100449,100,99988,100,100534,100,99980,100,100579,100,99971,100,100583,100,99892,100,100602,100,99876,100
2019-06-28 10:02:19.605659229,100304,192,100239,92,100305,192,100209,192,100315,192,100135,192,100377,192,100090,192,100399,192,100046,192,100449,100,99988,100,100534,100,99980,100,100579,100,99971,100,100583,100,99892,100,100602,100,99876,100
2019-06-28 10:02:20.000000000,100304,256,100209,256,100305,252,100135,252,100315,252,100090,252,100377,100,100046,100,100399,100,99988,100,100449,100,99980,100,100534,100,99971,100,100579,100,99892,100,100583,100,99876,100,100602,100,99860,100
2019-06-28 10:02:30.000000000,100304,330,100209,330,100305,330,100135,330,100315,100,100090,100,100377,100,100046,100,100399,100,99988,100,100449,100,99980,100,100534,100,99971,100,100579,100,99892,100,100583,100,99876,100,100602,100,99860,100
2019-06-28 10:02:34.809452545,100298,100,100209,330,100304,330,100135,330,100305,330,100046,100,100315,100,99988,100,100377,100,99980,100,100399,100,99971,100,100449,100,99892,100,100534,100,99876,100,100579,100,99860,100,100583,100,99606,100
2019-06-28 10:02:40.000000000,100298,330,100209,330,100304,330,100135,330,100305,100,100046,100,100315,100,99988,100,100377,100,99980,100,100399,100,99971,100,100449,100,99892,100,100534,100,99876,100,100579,100,99860,100,100583,100,99606,100
2019-06-28 10:02:50.000000000,100298,256,100209,256,100304,252,100135,252,100305,252,100046,252,100315,100,99988,100,100377,100,99980,100,100399,100,99971,100,100449,100,99892,100,100534,100,99876,100,100579,100,99860,100,100583,100,99606,100
2019-06-28 10:02:51.232248816,100298,256,100209,256,100304,252,100135,252,100305,252,100046,252,100315,100,99988,100,100377,100,99980,100,100399,100,99971,100,100449,100,99892,100,100534,100,99860,100,100579,100,99726,100,100583,100,99606,100
2019-06-28 10:02:58.871589624,100298,256,100209,256,100304,252,100135,252,100305,252,100046,252,100315,100,99988,100,100377,100,99980,100,100399,100,99971,100,100449,100,99895,100,100534,100,99892,100,100579,100,99860,100,100583,100,99726,100
2019-06-28 10:03:00.000000000,100298,215,100209,215,100304,215,100135,215,100305,215,100046,215,100315,215,99988,215,100377,100,99980,100,100399,100,99971,100,100449,100,99895,100,100534,100,99892,100,100579,100,99860,100,100583,100,99726,100
2019-06-28 10:03:07.205884976,100298,215,100209,215,100304,215,100135,215,100305,215,100046,215,100315,215,99988,215,100377,100,99980,100,100399,100,99971,100,100449,100,99895,100,100534,100,99892,100,100579,100,99860,100,100583,100,99835,100
2019-06-28 10:03:10.000000000,100298,192,100209,192,100304,192,100135,192,100305,192,100046,192,100315,192,99988,192,100377,192,99980,192,100399,100,99971,100,100449,100,99895,100,100534,100,99892,100,100579,100,99860,100,100583,100,99835,100
2019-06-28 10:03:20.000000000,100298,256,100209,256,100304,252,100135,252,100305,252,100046,252,100315,100,99988,100,100377,100,99980,100,100399,100,99971,100,100449,100,99895,100,100534,100,99892,100,100579,100,99860,100,100583,100,99835,100
2019-06-28 10:03:21.364952792,100298,256,100209,256,100304,252,100135,252,100305,252,100046,252,100315,100,99988,100,100377,100,99980,100,100399,100,99971,100,100449,100,99895,100,100534,100,99892,100,100579,100,99860,100,100583,100,99835,100
2019-06-28 10:03:30.000000000,100298,330,100209,330,100304,330,100135,330,100305,100,100046,100,100315,100,99988,100,100377,100,99980,100,100399,100,99971,100,100449,100,99895,100,100534,100,99892,100,100579,100,99860,100,100583,100,99835,100
2019-06-28 10:03:30.332564856,100298,330,100209,230,100304,330,100135,330,100305,100,100046,100,100315,100,99988,100,100377,100,99980,100,100399,100,99971,100,100449,100,99895,100,100534,100,99892,100,100579,100,99860,100,100583,100,99835,100
2019-06-28 10:03:40.000000000,100298,256,100135,256,100304,252,100046,252,100305,252,99988,252,100315,100,99980,100,100377,100,99971,100,100399,100,99895,100,100449,100,99892,100,100534,100,99860,100,100579,100,99835,100,100583,100,99822,100
2019-06-28 10:03:50.000000000,100298,192,100135,192,100304,192,100046,192,100305,192,99988,192,100315,192,99980,192,100377,192,99971,192,100399,100,99895,100,100449,100,99892,100,100534,100,99860,100,100579,100,99835,100,100583,100,99822,100
2019-06-28 10:04:00.000000000,100298,256,100135,256,100304,252,100046,252,100305,252,99988,252,100315,100,99980,100,100377,100,99971,100,100399,100,99895,100,100449,100,99892,100,100534,100,99860,100,100579,100,99835,100,100583,100,99822,100
2019-06-28 10:04:04.079402104,100298,156,100248,100,100304,252,100135,256,100305,252,100046,252,100315,100,99988,252,100377,100,99980,100,100399,100,99971,100,100449,100,99895,100,100534,100,99892,100,100579,100,99860,100,100583,100,99835,100
2019-06-28 10:04:10.000000000,100304,330,100248,330,100305,330,100135,330,100315,100,100046,100,100377,100,99988,100,100399,100,99980,100,100449,100,99971,100,100534,100,99895,100,100579,100,99892,100,100583,100,99860,100,100602,100,99835,100
2019-06-28 10:04:20.000000000,100304,560,100248,560,100305,100,100135,100,100315,100,100046,100,100377,100,99988,100,100399,100,99980,100,100449,100,99971,100,100534,100,99895,100,100579,100,99892,100,100583,100,99860,100,100602,100,99835,100
2019-06-28 10:04:30.000000000,100304,330,100248,330,100305,330,100135,330,100315,100,100046,100,100377,100,99988,100,100399,100,99980,100,100449,100,99971,100,100534,100,99895,100,100579,100,99892,100,100583,100,99860,100,100602,100,99835,100
2019-06-28 10:04:40.000000000,100304,330,100248,330,100305,330,100135,330,100315,100,100046,100,100377,100,99988,100,100399,100,99980,100,100449,100,99971,100,100534,100,99895,100,100579,100,99892,100,100583,100,99860,100,100602,100,99835,100
2019-06-28 10:04:50.000000000,100304,256,100248,256,100305,252,100135,252,100315,252,100046,252,100377,100,99988,100,100399,100,99980,100,100449,100,99971,100,100534,100,99895,100,100579,100,99892,100,100583,100,99860,100,100602,100,99835,100
2019-06-28 10:04:51.922402368,100265,100,100248,256,100304,256,100135,252,100305,252,100046,152,100315,252,99988,100,100377,100,99980,100,100399,100,99971,100,100449,100,99895,100,100534,100,99892,100,100579,100,99860,100,100583,100,99835,100
2019-06-28 10:04:55.900656227,100265,100,100248,156,100304,256,100135,252,100305,252,100046,152,100315,252,99988,100,100377,100,99980,100,100399,100,99971,100,100449,100,99895,100,100534,100,99892,100,100579,100,99860,100,100583,100,99835,100
2019-06-28 10:05:00.000000000,100265,330,100135,330,100304,330,99988,330,100305,100,99980,100,100315,100,99971,100,100377,100,99895,100,100399,100,99892,100,100449,100,99860,100,100534,100,99835,100,100579,100,99822,100,100583,100,99726,100
2019-06-28 10:05:10.000000000,100265,330,100135,330,100304,330,99988,330,100305,100,99980,100,100315,100,99971,100,100377,100,99895,100,100399,100,99892,100,100449,100,99860,100,100534,100,99835,100,100579,100,99822,100,100583,100,99726,100
2019-06-28 10:05:13.321750848,100265,230,100135,230,100304,330,99988,330,100305,100,99980,100,100315,100,99971,100,100377,100,99895,100,100399,100,99892,100,100449,100,99860,100,100534,100,99835,100,100579,100,99822,100,100583,100,99726,100
2019-06-28 10:05:14.740802813,100265,230,100242,100,100304,330,100135,230,100305,100,99988,330,100315,100,99980,100,100377,100,99971,100,100399,100,99895,100,100449,100,99860,100,100534,100,99835,100,100579,100,99822,100,100583,100,99726,100
2019-06-28 10:05:20.000000000,100304,256,100242,256,100305,252,99988,252,100315,252,99980,252,100377,100,99971,100,100399,100,99895,100,100449,100,99860,100,100534,100,99835,100,100579,100,99822,100,100583,100,99726,100,100602,100,99606,100
2019-06-28 10:05:22.537727342,100304,256,100242,156,100305,252,99988,252,100315,252,99980,252,100377,100,99971,100,100399,100,99895,100,100449,100,99860,100,100534,100,99835,100,100579,100,99822,100,100583,100,99726,100,100602,100,99606,100
2019-06-28 10:05:28.933988624,100304,256,100242,156,100305,252,100211,100,100315,252,99988,252,100377,100,99980,252,100399,100,99971,100,100449,100,99895,100,100534,100,99860,100,100579,100,99835,100,100602,100,99822,100,100727,100,99726,100
2019-06-28 10:05:30.000000000,100304,560,100211,560,100305,100,99988,100,100315,100,99980,100,100377,100,99971,100,100399,100,99895,100,100449,100,99860,100,100534,100,99835,100,100579,100,99822,100,100602,100,99726,100,100727,100,99606,100
2019-06-28 10:05:40.000000000,100304,330,100211,330,100305,330,99988,330,100315,100,99980,100,100377,100,99971,100,100399,100,99895,100,100449,100,99860,100,100534,100,99835,100,100579,100,99822,100,100602,100,99726,100,100727,100,99606,100
2019-06-28 10:05:43.978219273,100304,330,100211,230,100305,330,99988,330,100315,100,99980,100,100377,100,99971,100,100399,100,99895,100,100449,100,99860,100,100534,100,99835,100,100579,100,99822,100,100602,100,99726,100,100727,100,99606,100
2019-06-28 10:05:45.162246675,100304,330,100211,230,100305,330,100157,100,100315,100,99988,330,100377,100,99980,100,100399,100,99971,100,100449,100,99895,100,100534,100,99860,100,100579,100,99835,100,100602,100,99822,100,100727,100,99726,100
2019-06-28 10:05:50.000000000,100304,215,100157,215,100305,215,99988,215,100315,215,99980,215,100377,215,99971,215,100399,100,99895,100,100449,100,99860,100,100534,100,99835,100,100579,100,99822,100,100602,100,99726,100,100727,100,99606,100
2019-06-28 10:05:56.391591372,100304,215,100157,215,100305,215,99988,215,100315,215,99980,215,100377,215,99971,215,100399,100,99921,100,100449,100,99895,100,100534,100,99860,100,100579,100,99835,100,100602,100,99822,100,100727,100,99726,100
2019-06-28 10:05:59.922090713,100248,100,100157,215,100304,215,99988,215,100305,215,99980,215,100315,215,99971,215,100377,215,99921,100,100399,100,99895,100,100449,100,99860,100,100534,100,99835,100,100579,100,99822,100,100602,100,99726,100
2019-06-28 10:06:00.000000000,100248,330,100157,330,100304,330,99988,330,100305,100,99980,100,100315,100,99971,100,100377,100,99921,100,100399,100,99895,100,100449,100,99860,100,100534,100,99835,100,100579,100,99822,100,100602,100,99726,100
2019-06-28 10:06:10.000000000,100248,560,100157,560,100304,100,99988,100,100305,100,99980,100,100315,100,99971,100,100377,100,99921,100,100399,100,99895,100,100449,100,99860,100,100534,100,99835,100,100579,100,99822,100,100602,100,99726,100
2019-06-28 10:06:10.027096727,100248,560,100212,100,100304,100,100157,560,100305,100,99988,100,100315,100,99980,100,100377,100,99971,100,100399,100,99921,100,100449,100,99895,100,100534,100,99860,100,100579,100,99835,100,100602,100,99822,100
2019-06-28 10:06:15.592176670,100248,560,100157,560,100304,100,99988,100,100305,100,99980,100,100315,100,99971,100,100377,100,99921,100,100399,100,99895,100,100449,100,99860,100,100534,100,99835,100,100579,100,99822,100,100602,100,99726,100
2019-06-28 10:06:20.000000000,100248,192,100157,192,100304,192,99988,192,100305,192,99980,192,100315,192,99971,192,100377,192,99921,192,100399,100,99895,100,100449,100,99860,100,100534,100,99835,100,100579,100,99822,100,100602,100,99726,100
2019-06-28 10:06:21.812908652,100248,192,100157,192,100304,192,100072,100,100305,192,99988,92,100315,192,99980,192,100377,192,99971,192,100399,100,99921,192,100449,100,99895,100,100534,100,99860,100,100579,100,99835,100,100602,100,99822,100
2019-06-28 10:06:30.000000000,100248,256,100157,256,100304,252,100072,252,100305,252,99980,252,100315,100,99971,100,100377,100,99921,100,100399,100,99895,100,100449,100,99860,100,100534,100,99835,100,100579,100,99822,100,100602,100,99726,100
2019-06-28 10:06:40.000000000,100248,192,100157,192,100304,192,100072,192,100305,192,99980,192,100315,192,99971,192,100377,192,99921,192,100399,100,99895,100,100449,100,99860,100,100534,100,99835,100,100579,100,99822,100,100602,100,99726,100
2019-06-28 10:06:40.953821192,100248,192,100212,100,100304,192,100157,192,100305,192,100072,192,100315,192,99980,192,100377,192,99971,192,100399,100,99921,192,100449,100,99895,100,100534,100,99860,100,100579,100,99835,100,100602,100,99822,100
2019-06-28 10:06:50.000000000,100248,192,100212,192,100304,192,100157,192,100305,192,100072,192,100315,192,99980,192,100377,192,99971,192,100399,100,99921,100,100449,100,99895,100,100534,100,99860,100,100579,100,99835,100,100602,100,99822,100
2019-06-28 10:06:56.938778540,100248,92,100212,192,100304,192,100157,192,100305,192,100072,192,100315,192,99980,192,100377,192,99971,192,100449,100,99921,100,100534,100,99895,100,100579,100,99860,100,100602,100,99835,100,100727,100,99822,100
2019-06-28 10:07:00.000000000,100304,560,100212,560,100305,100,100157,100,100315,100,100072,100,100377,100,99980,100,100449,100,99971,100,100534,100,99921,100,100579,100,99895,100,100602,100,99860,100,100727,100,99835,100,100764,100,99822,100
2019-06-28 10:07:06.602853557,100268,100,100212,560,100304,560,100157,100,100305,100,100072,100,100315,100,99980,100,100377,100,99971,100,100449,100,99921,100,100534,100,99895,100,100579,100,99860,100,100602,100,99835,100,100727,100,99822,100
2019-06-28 10:07:10.000000000,100268,256,100212,256,100304,252,100157,252,100305,252,100072,252,100315,100,99980,100,100377,100,99971,100,100449,100,99921,100,100534,100,99895,100,100579,100,99860,100,100602,100,99835,100,100727,100,99822,100
