,ask_price_1,ask_size_1,bid_price_1,bid_size_1,ask_price_2,ask_size_2,bid_price_2,bid_size_2,ask_price_3,ask_size_3,bid_price_3,bid_size_3,ask_price_4,ask_size_4,bid_price_4,bid_size_4,ask_price_5,ask_size_5,bid_price_5,bid_size_5,ask_price_6,ask_size_6,bid_price_6,bid_size_6,ask_price_7,ask_size_7,bid_price_7,bid_size_7,ask_price_8,ask_size_8,bid_price_8,bid_size_8,ask_price_9,ask_size_9,bid_price_9,bid_size_9,ask_price_10,ask_size_10,bid_price_10,bid_size_10
2019-06-28 09:30:00.000000000,100062,100,,,,,,,,,,,,,,,,,,,,,,,,,,,,,,,,,,,,,,
2019-06-28 09:30:00.000000001,99947,100,,,100062,100,,,100087,100,,,,,,,,,,,,,,,,,,,,,,,,,,,,,,
2019-06-28 09:30:00.000000002,99947,100,,,100062,100,,,100087,100,,,100140,100,,,,,,,,,,,,,,,,,,,,,,,,,,
2019-06-28 09:30:00.000000003,99947,100,99901,100,99978,100,99842,100,100062,100,,,100087,100,,,100140,100,,,,,,,,,,,,,,,,,,,,,,
2019-06-28 09:30:00.000000008,99978,100,99949,100,100062,100,99901,100,100087,100,99842,100,100140,100,,,,,,,,,,,,,,,,,,,,,,,,,,
2019-06-28 09:30:00.000000009,100062,100,99950,100,100087,100,99949,100,100100,100,99901,100,100140,100,99842,100,,,,,,,,,,,,,,,,,,,,,,,,
2019-06-28 09:30:00.000000011,100060,100,99950,100,100062,100,99949,100,100087,100,99901,100,100100,100,99842,100,100140,100,,,,,,,,,,,,,,,,,,,,,,
2019-06-28 09:30:00.000000012,100060,100,99950,200,100062,100,99949,100,100087,100,99901,100,100100,100,99842,100,100140,100,,,,,,,,,,,,,,,,,,,,,,
2019-06-28 09:30:00.000000013,100060,100,99950,200,100062,100,99949,100,100087,100,99901,100,100100,100,99893,100,100140,100,99842,100,,,,,,,,,,,,,,,,,,,,
2019-06-28 09:30:00.000000014,100060,100,100001,100,100062,100,99950,200,100087,100,99949,100,100100,100,99901,100,100140,100,99893,100,,,99842,100,,,,,,,,,,,,,,,,
2019-06-28 09:30:00.000000017,100060,100,100001,100,100062,100,99950,200,100087,100,99949,100,100100,100,99942,100,100140,100,99901,100,,,99893,100,,,99842,100,,,,,,,,,,,,
2019-06-28 09:30:00.000000018,100060,100,100001,100,100062,100,99950,200,100087,100,99949,100,100100,100,99942,100,100140,100,99925,100,,,99901,100,,,99893,100,,,99891,100,,,99842,100,,,,
2019-06-28 09:30:00.000000019,100022,100,100001,100,100052,100,99950,200,100060,100,99949,100,100062,100,99942,100,100087,100,99925,100,100100,100,99901,100,100131,100,99893,100,100140,100,99891,100,,,99842,100,,,,
2019-06-28 09:30:00.000000021,100022,100,100001,100,100052,100,99950,300,100060,100,99949,100,100062,100,99942,100,100087,100,99925,100,100100,100,99901,100,100131,100,99893,100,100140,100,99891,100,,,99842,100,,,,
2019-06-28 09:30:00.000000023,100022,100,100001,100,100052,100,99950,300,100060,100,99949,100,100062,100,99942,100,100087,100,99925,100,100100,100,99901,100,100110,100,99893,100,100131,100,99891,100,100140,100,99842,100,,,,
2019-06-28 09:30:00.000000027,100022,100,100001,100,100052,100,99950,300,100060,100,99949,100,100062,100,99942,100,100086,100,99925,100,100087,100,99901,100,100100,100,99893,100,100110,100,99891,100,100131,100,99842,100,100140,100,,
2019-06-28 09:30:00.000000029,100022,100,100001,100,100052,100,99950,400,100060,100,99949,100,100062,100,99942,100,100086,100,99925,100,100087,100,99901,100,100100,100,99893,100,100110,100,99891,100,100131,100,99842,100,100140,100,,
2019-06-28 09:30:00.000000034,100022,100,100001,100,100052,100,99950,400,100060,100,99949,100,100062,100,99942,100,100063,100,99925,100,100086,100,99901,100,100087,100,99893,100,100100,100,99891,100,100110,100,99842,100,100131,100,,
2019-06-28 09:30:00.000000036,100022,100,100001,100,100052,100,99950,400,100060,100,99949,100,100062,100,99942,100,100063,100,99925,100,100086,100,99901,100,100087,100,99893,100,100100,100,99891,100,100110,100,99842,100,100131,100,99811,100
2019-06-28 09:30:00.000000037,100017,100,100001,100,100022,100,99950,400,100052,100,99949,100,100060,100,99942,100,100062,100,99925,100,100063,100,99901,100,100086,100,99893,100,100087,100,99891,100,100100,100,99842,100,100110,100,99811,100
2019-06-28 09:30:00.000000042,100017,100,100001,100,100022,100,99969,100,100052,100,99950,400,100060,100,99949,100,100062,100,99942,100,100063,100,99925,100,100086,100,99901,100,100087,100,99893,100,100100,100,99891,100,100110,100,99842,100
2019-06-28 09:30:00.000000043,100017,100,100001,100,100022,100,99969,100,100052,100,99950,400,100060,100,99949,100,100062,100,99942,100,100063,100,99925,100,100086,100,99901,100,100087,100,99893,100,100100,100,99891,100,100110,100,99871,100
2019-06-28 09:30:00.000000047,100017,100,100001,100,100022,100,99978,100,100052,100,99969,100,100060,100,99950,400,100062,100,99949,100,100063,100,99942,100,100086,100,99925,100,100087,100,99901,100,100100,100,99893,100,100101,100,99891,100
2019-06-28 09:30:00.000000049,100017,100,100001,100,100022,100,99978,100,100052,100,99969,100,100060,100,99950,400,100062,100,99949,100,100063,100,99942,100,100086,100,99925,100,100087,100,99901,100,100093,100,99893,100,100100,100,99891,100
2019-06-28 09:30:00.000000050,100017,100,100001,100,100022,100,99978,100,100052,100,99969,100,100053,100,99950,400,100060,100,99949,100,100062,100,99942,100,100063,100,99925,100,100086,100,99901,100,100087,100,99893,100,100093,100,99891,100
2019-06-28 09:30:00.000000052,100017,100,100001,100,100022,100,99978,100,100052,100,99969,100,100053,100,99950,400,100060,100,99949,100,100062,100,99942,100,100063,100,99925,100,100086,100,99901,100,100087,100,99893,100,100093,100,99891,100
2019-06-28 09:30:00.000000054,100017,100,100001,100,100022,100,99978,100,100052,100,99969,100,100053,100,99950,500,100060,100,99949,100,100062,100,99942,100,100063,100,99925,100,100086,100,99901,100,100087,100,99893,100,100093,100,99891,100
2019-06-28 09:30:00.000000055,100017,100,99978,100,100022,100,99969,100,100052,100,99950,500,100053,100,99949,100,100060,100,99942,100,100062,100,99925,100,100063,100,99901,100,100086,100,99893,100,100087,100,99891,100,100093,100,99871,100
2019-06-28 09:30:00.000000056,100017,100,99978,100,100022,100,99969,100,100052,100,99950,500,100053,100,99949,100,100060,100,99942,100,100062,100,99925,100,100063,100,99901,100,100086,100,99893,100,100087,100,99891,100,100089,100,99871,100
2019-06-28 09:30:00.000000066,100001,100,99978,100,100017,100,99969,100,100022,100,99950,500,100052,100,99949,100,100053,100,99942,100,100060,100,99925,100,100062,100,99901,100,100063,100,99893,100,100086,100,99891,100,100087,100,99871,100
2019-06-28 09:30:00.000000069,100001,100,99978,100,100017,100,99969,100,100022,100,99950,500,100052,100,99949,100,100053,100,99942,100,100060,100,99925,100,100062,100,99901,100,100063,100,99898,100,100086,100,99893,100,100087,100,99891,100
2019-06-28 09:30:00.000000073,99983,100,99978,100,100001,100,99969,100,100017,100,99950,500,100022,100,99949,100,100052,100,99942,100,100053,100,99925,100,100060,100,99901,100,100062,100,99898,100,100063,100,99893,100,100086,100,99891,100
2019-06-28 09:30:00.000000075,99983,100,99978,100,100001,100,99969,100,100017,100,99950,500,100022,100,99949,100,100052,100,99942,100,100053,100,99925,100,100060,100,99901,100,100062,100,99898,100,100063,100,99893,100,100086,100,99891,100
2019-06-28 09:30:00.000000076,99983,100,99979,100,100001,100,99978,100,100017,100,99969,100,100022,100,99950,500,100052,100,99949,100,100053,100,99942,100,100060,100,99925,100,100062,100,99901,100,100063,100,99898,100,100086,100,99893,100
2019-06-28 09:30:00.000000078,99983,100,99979,100,100001,100,99978,100,100017,100,99969,100,100022,100,99950,500,100052,100,99949,100,100053,100,99942,100,100060,100,99926,100,100062,100,99925,100,100063,100,99901,100,100086,100,99898,100
2019-06-28 09:30:00.000000079,99983,100,99979,100,100001,200,99978,100,100017,100,99969,100,100022,100,99950,500,100052,100,99949,100,100053,100,99942,100,100060,100,99926,100,100062,100,99925,100,100063,100,99901,100,100086,100,99898,100
2019-06-28 09:30:00.000000081,99983,100,99979,100,100001,200,99978,100,100016,100,99969,100,100017,100,99950,500,100022,100,99949,100,100052,100,99942,100,100053,100,99926,100,100060,100,99925,100,100062,100,99917,100,100063,100,99901,100
2019-06-28 09:30:00.000000082,99983,100,99979,100,100001,200,99978,100,100016,100,99969,100,100017,100,99950,500,100022,100,99949,100,100052,100,99942,100,100053,100,99926,100,100060,100,99925,100,100062,100,99917,100,100063,100,99901,200
2019-06-28 09:30:00.000000088,99983,100,99979,100,100001,200,99978,100,100016,100,99969,100,100017,100,99950,500,100022,100,99949,100,100052,100,99942,100,100053,100,99926,100,100060,100,99925,100,100062,100,99917,100,100063,100,99901,200
2019-06-28 09:30:00.000000090,99983,100,99979,100,100001,200,99978,100,100016,100,99969,100,100017,100,99954,100,100022,100,99950,500,100052,100,99949,100,100053,100,99942,100,100060,100,99926,100,100062,100,99925,100,100063,100,99917,100
2019-06-28 09:30:00.000000091,99983,100,99979,100,100001,300,99978,100,100016,100,99975,100,100017,100,99969,100,100022,100,99967,100,100052,100,99954,100,100053,100,99950,500,100060,100,99949,100,100062,100,99942,100,100063,100,99926,100
2019-06-28 09:30:00.000000093,100001,300,99980,100,100016,100,99979,100,100017,100,99978,100,100022,100,99975,100,100052,100,99969,100,100053,100,99967,100,100060,100,99954,100,100062,100,99950,500,100063,100,99949,100,100086,100,99942,100
2019-06-28 09:30:00.000000095,100001,300,99979,100,100016,100,99978,100,100017,100,99975,100,100022,100,99969,100,100052,100,99967,100,100053,100,99954,100,100060,100,99950,500,100062,100,99949,100,100063,100,99942,100,100086,100,99926,100
2019-06-28 09:30:00.000000099,100001,300,99979,100,100016,100,99978,100,100017,100,99975,100,100022,100,99969,100,100052,100,99967,200,100053,100,99954,100,100060,100,99950,500,100062,100,99949,100,100063,100,99942,100,100086,100,99926,100
2019-06-28 09:30:10.000000000,100001,550,99979,350,100016,100,99978,100,100017,100,99975,100,100022,100,99969,100,100052,100,99967,200,100053,100,99954,100,100060,100,99950,500,100062,100,99949,100,100063,100,99942,100,100086,100,99926,100
2019-06-28 09:30:20.000000000,100001,425,99979,225,100016,225,99978,225,100017,100,99975,100,100022,100,99969,100,100052,100,99967,200,100053,100,99954,100,100060,100,99950,500,100062,100,99949,100,100063,100,99942,100,100086,100,99926,100
2019-06-28 09:30:30.000000000,100001,425,99979,225,100016,225,99978,225,100017,100,99975,100,100022,100,99969,100,100052,100,99967,200,100053,100,99954,100,100060,100,99950,500,100062,100,99949,100,100063,100,99942,100,100086,100,99926,100
2019-06-28 09:30:30.289532345,100001,425,99980,100,100016,225,99979,225,100017,100,99978,225,100022,100,99975,100,100052,100,99969,100,100053,100,99967,200,100060,100,99954,100,100062,100,99950,500,100063,100,99949,100,100086,100,99942,100
2019-06-28 09:30:40.000000000,100001,550,99980,350,100016,100,99979,100,100017,100,99978,100,100022,100,99975,100,100052,100,99969,100,100053,100,99967,200,100060,100,99954,100,100062,100,99950,500,100063,100,99949,100,100086,100,99942,100
2019-06-28 09:30:43.192494508,100001,550,99980,250,100016,100,99979,100,100017,100,99978,100,100022,100,99975,100,100052,100,99969,100,100053,100,99967,200,100060,100,99954,100,100062,100,99950,500,100063,100,99949,100,100086,100,99942,100
2019-06-28 09:30:50.000000000,100001,425,99979,225,100016,225,99978,225,100017,100,99975,100,100022,100,99969,100,100052,100,99967,200,100053,100,99954,100,100060,100,99950,500,100062,100,99949,100,100063,100,99942,100,100086,100,99926,100
2019-06-28 09:30:59.750870362,100001,425,99979,225,100016,225,99978,225,100017,100,99975,100,100022,100,99969,100,100052,100,99967,200,100053,100,99954,100,100060,100,99950,500,100062,100,99949,100,100063,100,99942,100,100086,100,99926,100
2019-06-28 09:31:00.000000000,100001,350,99979,150,100016,150,99978,150,100017,150,99975,150,100022,150,99969,150,100052,150,99967,250,100053,100,99954,100,100060,100,99950,500,100062,100,99949,100,100063,100,99942,100,100086,100,99926,100
2019-06-28 09:31:00.301411254,99987,100,99979,150,100001,350,99978,150,100016,150,99975,150,100017,150,99969,150,100022,150,99967,250,100052,150,99954,100,100053,100,99950,500,100060,100,99949,100,100062,100,99942,100,100063,100,99926,100
2019-06-28 09:31:04.511380998,99987,100,99979,150,100001,350,99978,150,100016,150,99975,150,100017,150,99969,150,100022,150,99967,250,100052,150,99954,100,100053,100,99950,500,100060,100,99949,100,100062,100,99942,100,100063,100,99926,100
2019-06-28 09:31:10.000000000,99987,185,99979,185,100001,382,99978,182,100016,182,99975,182,100017,100,99969,100,100022,100,99967,200,100052,100,99954,100,100053,100,99950,500,100060,100,99949,100,100062,100,99942,100,100063,100,99926,100
2019-06-28 09:31:14.457935250,99980,100,99979,185,99987,185,99978,182,100001,382,99975,182,100016,182,99969,100,100017,100,99967,200,100022,100,99954,100,100052,100,99950,500,100053,100,99949,100,100060,100,99942,100,100062,100,99926,100
2019-06-28 09:31:17.462156823,99980,100,99979,85,99987,185,99978,182,100001,382,99975,182,100016,182,99969,100,100017,100,99967,200,100022,100,99954,100,100052,100,99950,500,100053,100,99949,100,100060,100,99942,100,100062,100,99926,100
2019-06-28 09:31:20.000000000,99980,225,99978,225,99987,225,99975,225,100001,300,99969,100,100016,100,99967,200,100017,100,99954,100,100022,100,99950,500,100052,100,99949,100,100053,100,99942,100,100060,100,99926,100,100062,100,99925,200
2019-06-28 09:31:30.000000000,99980,350,99978,350,99987,100,99975,100,100001,300,99969,100,100016,100,99967,200,100017,100,99954,100,100022,100,99950,500,100052,100,99949,100,100053,100,99942,100,100060,100,99926,100,100062,100,99925,200
2019-06-28 09:31:40.000000000,99980,150,99978,150,99987,150,99975,150,100001,350,99969,150,100016,150,99967,250,100017,150,99954,150,100022,100,99950,500,100052,100,99949,100,100053,100,99942,100,100060,100,99926,100,100062,100,99925,200
2019-06-28 09:31:50.000000000,99980,225,99978,225,99987,225,99975,225,100001,300,99969,100,100016,100,99967,200,100017,100,99954,100,100022,100,99950,500,100052,100,99949,100,100053,100,99942,100,100060,100,99926,100,100062,100,99925,200
2019-06-28 09:31:52.111816151,99980,225,99978,125,99987,225,99975,225,100001,300,99969,100,100016,100,99967,200,100017,100,99954,100,100022,100,99950,500,100052,100,99949,100,100060,100,99942,100,100062,100,99926,100,100063,100,99925,200
2019-06-28 09:31:52.680027106,99979,100,99978,125,99980,225,99975,225,99987,225,99969,100,100001,300,99967,200,100016,100,99954,100,100017,100,99950,500,100022,100,99949,100,100052,100,99942,100,100060,100,99926,100,100062,100,99925,200
2019-06-28 09:31:58.699321412,99979,100,99978,125,99980,225,99975,225,99987,225,99969,100,100001,300,99967,200,100016,100,99954,100,100017,100,99950,500,100022,100,99949,100,100052,100,99942,100,100060,100,99926,100,100062,100,99925,200
2019-06-28 09:32:00.000000000,99979,185,99975,185,99980,182,99969,182,99987,182,99967,282,100001,300,99954,100,100016,100,99950,500,100017,100,99949,100,100022,100,99942,100,100052,100,99926,100,100060,100,99925,200,100062,100,99901,200
2019-06-28 09:32:10.000000000,99979,350,99975,350,99980,100,99969,100,99987,100,99967,200,100001,300,99954,100,100016,100,99950,500,100017,100,99949,100,100022,100,99942,100,100052,100,99926,100,100060,100,99925,200,100062,100,99901,200
2019-06-28 09:32:20.000000000,99979,225,99975,225,99980,225,99969,225,99987,100,99967,200,100001,300,99954,100,100016,100,99950,500,100017,100,99949,100,100022,100,99942,100,100052,100,99926,100,100060,100,99925,200,100062,100,99901,200
2019-06-28 09:32:23.519419095,99979,225,99975,225,99980,225,99969,225,99987,100,99967,200,100001,300,99954,100,100016,100,99950,400,100017,100,99949,100,100022,100,99942,100,100052,100,99926,100,100060,100,99925,200,100062,100,99901,200
2019-06-28 09:32:30.000000000,99979,150,99975,150,99980,150,99969,150,99987,150,99967,250,100001,350,99954,150,100016,150,99950,450,100017,100,99949,100,100022,100,99942,100,100052,100,99926,100,100060,100,99925,200,100062,100,99901,200
2019-06-28 09:32:40.000000000,99979,185,99975,185,99980,182,99969,182,99987,182,99967,282,100001,300,99954,100,100016,100,99950,400,100017,100,99949,100,100022,100,99942,100,100052,100,99926,100,100060,100,99925,200,100062,100,99901,200
2019-06-28 09:32:44.474967971,99979,185,99975,85,99980,182,99969,182,99987,182,99967,282,100001,300,99954,100,100016,100,99950,400,100017,100,99949,100,100022,100,99942,100,100052,100,99926,100,100060,100,99925,200,100062,100,99901,200
2019-06-28 09:32:46.244781126,99979,185,99975,85,99980,182,99969,182,99987,182,99967,282,100001,300,99954,100,100016,100,99950,400,100017,100,99949,100,100022,100,99942,100,100052,100,99926,100,100060,100,99925,200,100062,100,99901,200
2019-06-28 09:32:50.000000000,99979,350,99969,350,99980,100,99967,200,99987,100,99954,100,100001,300,99950,400,100016,100,99949,100,100017,100,99942,100,100022,100,99926,100,100052,100,99925,200,100060,100,99901,200,100062,100,99891,100
2019-06-28 09:32:55.256671257,99979,350,99969,350,99980,100,99967,200,99985,100,99954,100,99987,100,99950,400,100001,300,99949,100,100016,100,99942,100,100017,100,99926,100,100022,100,99925,200,100052,100,99901,200,100060,100,99891,100
2019-06-28 09:33:00.000000000,99979,225,99969,225,99980,225,99967,325,99985,100,99954,100,99987,100,99950,400,100001,300,99949,100,100016,100,99942,100,100017,100,99926,100,100022,100,99925,200,100052,100,99901,200,100060,100,99891,100
2019-06-28 09:33:10.000000000,99979,150,99969,150,99980,150,99967,250,99985,150,99954,150,99987,150,99950,450,100001,350,99949,150,100016,100,99942,100,100017,100,99926,100,100022,100,99925,200,100052,100,99901,200,100060,100,99891,100
2019-06-28 09:33:20.000000000,99979,185,99969,185,99980,182,99967,282,99985,182,99954,182,99987,100,99950,400,100001,300,99949,100,100016,100,99942,100,100017,100,99926,100,100022,100,99925,200,100052,100,99901,200,100060,100,99891,100
2019-06-28 09:33:30.000000000,99979,350,99969,350,99980,100,99967,200,99985,100,99954,100,99987,100,99950,400,100001,300,99949,100,100016,100,99942,100,100017,100,99926,100,100022,100,99925,200,100052,100,99901,200,100060,100,99891,100
2019-06-28 09:33:32.434281404,99979,250,99969,350,99980,100,99967,200,99985,100,99954,100,99987,100,99950,400,100001,200,99949,100,100016,100,99942,100,100017,100,99926,100,100022,100,99925,200,100052,100,99901,200,100060,100,99891,100
2019-06-28 09:33:40.000000000,99980,185,99969,185,99985,182,99967,282,99987,182,99954,182,100001,200,99950,400,100016,100,99949,100,100017,100,99942,100,100022,100,99926,100,100052,100,99925,200,100060,100,99901,200,100062,100,99891,100
2019-06-28 09:33:50.000000000,99980,162,99969,162,99985,162,99967,262,99987,162,99954,162,100001,262,99950,462,100016,100,99949,100,100017,100,99942,100,100022,100,99926,100,100052,100,99925,200,100060,100,99901,200,100062,100,99891,100
2019-06-28 09:33:51.790729908,99980,162,99969,162,99985,162,99967,262,99987,162,99954,162,100001,162,99950,462,100016,100,99949,100,100017,100,99942,100,100022,100,99926,100,100052,100,99925,200,100060,100,99901,200,100062,100,99891,100
2019-06-28 09:34:00.000000000,99980,185,99969,185,99985,182,99967,282,99987,182,99954,182,100001,100,99950,400,100016,100,99949,100,100017,100,99942,100,100022,100,99926,100,100052,100,99925,200,100060,100,99901,200,100062,100,99891,100
2019-06-28 09:34:05.390537508,99980,185,99969,185,99985,182,99967,282,99987,182,99954,182,100001,100,99950,400,100016,100,99949,100,100017,100,99942,100,100022,100,99926,100,100052,100,99925,200,100060,100,99901,200,100062,100,99891,100
2019-06-28 09:34:10.000000000,99980,185,99969,185,99985,182,99967,282,99987,182,99954,182,100001,100,99950,400,100016,100,99949,100,100017,100,99942,100,100022,100,99926,100,100052,100,99925,200,100060,100,99901,200,100062,100,99891,100
2019-06-28 09:34:18.444707472,99980,185,99969,185,99985,182,99967,282,99987,182,99954,182,100001,100,99950,400,100016,100,99949,100,100017,100,99942,100,100022,100,99925,200,100052,100,99901,200,100060,100,99891,100,100062,100,99880,100
2019-06-28 09:34:20.000000000,99980,225,99969,225,99985,225,99967,325,99987,100,99954,100,100001,100,99950,400,100016,100,99949,100,100017,100,99942,100,100022,100,99925,200,100052,100,99901,200,100060,100,99891,100,100062,100,99880,100
2019-06-28 09:34:28.827473479,99980,225,99976,100,99985,225,99969,225,99987,100,99967,325,100001,100,99954,100,100016,100,99950,400,100017,100,99949,100,100022,100,99942,100,100052,100,99925,200,100060,100,99901,200,100062,100,99891,100
2019-06-28 09:34:30.000000000,99980,225,99976,225,99985,225,99969,225,99987,100,99967,200,100001,100,99954,100,100016,100,99950,400,100017,100,99949,100,100022,100,99942,100,100052,100,99925,200,100060,100,99901,200,100062,100,99891,100
2019-06-28 09:34:40.000000000,99980,225,99976,225,99985,225,99969,225,99987,100,99967,200,100001,100,99954,100,100016,100,99950,400,100017,100,99949,100,100022,100,99942,100,100052,100,99925,200,100060,100,99901,200,100062,100,99891,100
2019-06-28 09:34:40.645217845,99980,225,99976,225,99985,225,99969,225,99987,100,99967,200,100001,100,99954,100,100016,100,99950,500,100017,100,99949,100,100022,100,99942,100,100052,100,99925,200,100060,100,99901,200,100062,100,99891,100
2019-06-28 09:34:50.000000000,99980,150,99976,150,99985,150,99969,150,99987,150,99967,250,100001,150,99954,150,100016,150,99950,550,100017,100,99949,100,100022,100,99942,100,100052,100,99925,200,100060,100,99901,200,100062,100,99891,100
2019-06-28 09:34:54.912702768,99980,150,99976,50,99985,150,99969,150,99987,150,99967,250,100001,150,99954,150,100016,150,99950,550,100017,100,99949,100,100022,100,99942,100,100052,100,99925,200,100060,100,99901,200,100062,100,99891,100
2019-06-28 09:35:00.000000000,99980,185,99969,185,99985,182,99967,282,99987,182,99954,182,100001,100,99950,500,100016,100,99949,100,100017,100,99942,100,100022,100,99925,200,100052,100,99901,200,100060,100,99891,100,100062,100,99880,100
2019-06-28 09:35:03.209574757,99980,185,99969,85,99985,182,99967,282,99987,182,99954,182,100001,100,99950,500,100016,100,99949,100,100017,100,99942,100,100022,100,99925,200,100052,100,99901,100,100060,100,99891,100,100062,100,99880,100
2019-06-28 09:35:03.496050046,99980,185,99969,85,99985,182,99967,282,99987,182,99954,182,100001,100,99950,400,100016,100,99949,100,100017,100,99942,100,100022,100,99925,200,100052,100,99901,100,100060,100,99891,100,100062,100,99880,100
2019-06-28 09:35:05.722249811,99980,185,99969,85,99985,182,99967,282,99987,182,99954,182,100001,100,99950,400,100016,100,99949,100,100017,100,99942,100,100022,100,99925,200,100052,100,99901,100,100060,100,99891,100,100062,100,99880,100
2019-06-28 09:35:10.000000000,99980,185,99967,285,99985,182,99954,182,99987,182,99950,482,100001,100,99949,100,100016,100,99942,100,100017,100,99925,200,100022,100,99901,100,100052,100,99891,100,100060,100,99880,100,100062,100,99871,100
2019-06-28 09:35:20.000000000,99980,185,99967,285,99985,182,99954,182,99987,182,99950,482,100001,100,99949,100,100016,100,99942,100,100017,100,99925,200,100022,100,99901,100,100052,100,99891,100,100060,100,99880,100,100062,100,99871,100
2019-06-28 09:35:24.947991861,99980,185,99977,100,99985,182,99967,285,99987,182,99954,182,100001,100,99950,482,100016,100,99949,100,100017,100,99942,100,100022,100,99925,200,100052,100,99901,100,100060,100,99891,100,100062,100,99880,100
2019-06-28 09:35:25.930583127,99980,85,99977,100,99985,182,99967,285,99987,182,99954,182,100001,100,99950,482,100016,100,99949,100,100017,100,99942,100,100022,100,99925,200,100052,100,99901,100,100060,100,99891,100,100062,100,99880,100
2019-06-28 09:35:30.000000000,99985,185,99977,185,99987,182,99967,282,100001,182,99954,182,100016,100,99950,400,100017,100,99949,100,100022,100,99942,100,100052,100,99925,200,100060,100,99901,100,100062,100,99891,100,100063,100,99880,100
2019-06-28 09:35:37.384156960,99985,185,99978,100,99987,182,99977,185,100001,82,99967,282,100016,100,99954,182,100017,100,99950,400,100022,100,99949,100,100052,100,99942,100,100060,100,99925,200,100062,100,99901,100,100063,100,99891,100
2019-06-28 09:35:40.000000000,99985,185,99978,185,99987,182,99977,182,100016,182,99967,282,100017,100,99954,100,100022,100,99950,400,100052,100,99949,100,100060,100,99942,100,100062,100,99925,200,100063,100,99901,100,100076,100,99891,100
2019-06-28 09:35:47.168324845,99985,185,99978,185,99987,182,99977,82,100016,182,99967,282,100017,100,99954,100,100022,100,99950,400,100052,100,99949,100,100060,100,99942,100,100062,100,99925,200,100063,100,99901,100,100076,100,99891,100
2019-06-28 09:35:50.000000000,99985,185,99978,185,99987,182,99967,282,100016,182,99954,182,100017,100,99950,400,100022,100,99949,100,100052,100,99942,100,100060,100,99925,200,100062,100,99901,100,100063,100,99891,100,100076,100,99880,100
2019-06-28 09:36:00.000000000,99985,150,99978,150,99987,150,99967,250,100016,150,99954,150,100017,150,99950,450,100022,150,99949,150,100052,100,99942,100,100060,100,99925,200,100062,100,99901,100,100063,100,99891,100,100076,100,99880,100
2019-06-28 09:36:06.287144716,99985,150,99978,150,99987,150,99967,250,100016,150,99954,150,100017,150,99950,450,100022,150,99949,150,100052,100,99942,100,100060,100,99925,200,100062,100,99901,100,100063,100,99891,100,100076,100,99880,100
2019-06-28 09:36:06.434017076,99985,50,99978,150,99987,150,99967,250,100016,150,99954,150,100017,150,99950,450,100022,150,99949,150,100052,100,99942,100,100060,100,99925,200,100062,100,99901,100,100063,100,99891,100,100076,100,99880,100
2019-06-28 09:36:07.565418176,99985,50,99978,150,99987,150,99967,250,100016,150,99954,150,100017,150,99950,450,100022,150,99949,150,100052,100,99942,100,100060,100,99925,200,100062,100,99901,100,100063,100,99891,100,100076,100,99880,100
2019-06-28 09:36:10.000000000,99987,162,99978,162,100016,162,99967,262,100017,162,99954,162,100022,162,99950,462,100052,100,99949,100,100060,100,99942,100,100062,100,99925,200,100063,100,99901,100,100076,100,99891,100,100086,100,99880,100
2019-06-28 09:36:20.000000000,99987,162,99978,162,100016,162,99967,262,100017,162,99954,162,100022,162,99950,462,100052,100,99949,100,100060,100,99942,100,100062,100,99925,200,100063,100,99901,100,100076,100,99891,100,100086,100,99880,100
2019-06-28 09:36:23.096394355,99987,162,99978,162,100016,162,99967,262,100017,162,99954,162,100022,162,99950,462,100052,100,99949,100,100060,100,99942,100,100062,100,99933,100,100063,100,99925,200,100076,100,99901,100,100086,100,99891,100
2019-06-28 09:36:30.000000000,99987,225,99978,225,100016,225,99967,325,100017,100,99954,100,100022,100,99950,400,100052,100,99949,100,100060,100,99942,100,100062,100,99933,100,100063,100,99925,200,100076,100,99901,100,100086,100,99891,100
2019-06-28 09:36:38.977092017,99987,225,99978,225,100016,225,99967,325,100017,100,99954,100,100022,100,99950,400,100052,100,99949,100,100060,100,99942,100,100062,100,99933,100,100063,100,99925,200,100076,100,99901,100,100086,100,99891,100
2019-06-28 09:36:40.000000000,99987,350,99978,350,100016,100,99967,200,100017,100,99954,100,100022,100,99950,400,100052,100,99949,100,100060,100,99942,100,100062,100,99933,100,100063,100,99925,200,100076,100,99901,100,100086,100,99891,100
2019-06-28 09:36:50.000000000,99987,350,99978,350,100016,100,99967,200,100017,100,99954,100,100022,100,99950,400,100052,100,99949,100,100060,100,99942,100,100062,100,99933,100,100063,100,99925,200,100076,100,99901,100,100086,100,99891,100
2019-06-28 09:36:56.230379723,99987,350,99978,250,100016,100,99967,200,100017,100,99954,100,100022,100,99950,400,100052,100,99949,100,100060,100,99942,100,100062,100,99933,100,100063,100,99925,200,100076,100,99901,100,100086,100,99891,100
2019-06-28 09:37:00.000000000,99987,150,99967,250,100016,150,99954,150,100017,150,99950,450,100022,150,99949,150,100052,150,99942,150,100060,100,99933,100,100062,100,99925,200,100063,100,99901,100,100076,100,99891,100,100086,100,99880,100
2019-06-28 09:37:01.915217226,99987,150,99967,150,100016,50,99954,150,100017,150,99950,450,100022,150,99949,150,100052,150,99942,150,100060,100,99933,100,100062,100,99925,200,100063,100,99901,100,100076,100,99891,100,100086,100,99880,100
2019-06-28 09:37:08.046700090,99987,150,99967,150,99991,100,99954,150,100016,50,99950,450,100017,150,99949,150,100022,150,99942,150,100052,150,99933,100,100060,100,99925,200,100062,100,99891,100,100063,100,99880,100,100076,100,99871,100
2019-06-28 09:37:10.000000000,99987,162,99967,162,99991,162,99954,162,100017,162,99950,462,100022,162,99949,162,100052,100,99942,100,100060,100,99933,100,100062,100,99925,200,100063,100,99891,100,100076,100,99880,100,100086,100,99871,100
2019-06-28 09:37:19.239724394,99987,162,99967,162,99991,162,99954,162,100017,162,99950,462,100022,162,99949,162,100052,100,99942,100,100060,100,99933,100,100062,100,99925,200,100063,100,99891,100,100076,100,99880,100,100086,100,99871,100
2019-06-28 09:37:20.000000000,99987,162,99967,162,99991,162,99954,162,100017,162,99950,462,100022,162,99949,162,100052,100,99942,100,100060,100,99933,100,100062,100,99925,200,100063,100,99891,100,100076,100,99880,100,100086,100,99871,100
2019-06-28 09:37:30.000000000,99987,162,99967,162,99991,162,99954,162,100017,162,99950,462,100022,162,99949,162,100052,100,99942,100,100060,100,99933,100,100062,100,99925,200,100063,100,99891,100,100076,100,99880,100,100086,100,99871,100
2019-06-28 09:37:40.000000000,99987,350,99967,350,99991,100,99954,100,100017,100,99950,400,100022,100,99949,100,100052,100,99942,100,100060,100,99933,100,100062,100,99925,200,100063,100,99891,100,100076,100,99880,100,100086,100,99871,100
2019-06-28 09:37:50.000000000,99987,162,99967,162,99991,162,99954,162,100017,162,99950,462,100022,162,99949,162,100052,100,99942,100,100060,100,99933,100,100062,100,99925,200,100063,100,99891,100,100076,100,99880,100,100086,100,99871,100
2019-06-28 09:38:00.000000000,99987,185,99967,185,99991,182,99954,182,100017,182,99950,482,100022,100,99949,100,100052,100,99942,100,100060,100,99933,100,100062,100,99925,200,100063,100,99891,100,100076,100,99880,100,100086,100,99871,100
2019-06-28 09:38:00.571607090,99987,85,99967,185,99991,182,99954,182,100017,182,99950,482,100022,100,99949,100,100052,100,99942,100,100060,100,99933,100,100062,100,99925,200,100063,100,99891,100,100076,100,99880,100,100086,100,99871,100
2019-06-28 09:38:03.406741857,99987,85,99967,185,99991,182,99954,182,100017,182,99950,482,100022,100,99949,100,100052,100,99942,100,100060,100,99933,100,100062,100,99925,200,100063,100,99891,100,100076,100,99880,100,100086,100,99871,100
2019-06-28 09:38:09.334609461,99987,85,99967,185,99991,182,99954,182,100017,182,99950,482,100022,100,99949,100,100052,100,99942,100,100060,100,99933,100,100062,100,99925,200,100063,100,99912,100,100076,100,99880,100,100086,100,99871,100
2019-06-28 09:38:10.000000000,99991,162,99967,162,100017,162,99954,162,100022,162,99950,462,100052,162,99949,162,100060,100,99942,100,100062,100,99933,100,100063,100,99925,200,100076,100,99912,100,100086,100,99880,100,100093,100,99871,100
2019-06-28 09:38:20.000000000,99991,162,99967,162,100017,162,99954,162,100022,162,99950,462,100052,162,99949,162,100060,100,99942,100,100062,100,99933,100,100063,100,99925,200,100076,100,99912,100,100086,100,99880,100,100093,100,99871,100
2019-06-28 09:38:30.000000000,99991,225,99967,225,100017,225,99954,225,100022,100,99950,400,100052,100,99949,100,100060,100,99942,100,100062,100,99933,100,100063,100,99925,200,100076,100,99912,100,100086,100,99880,100,100093,100,99871,100
2019-06-28 09:38:39.643359822,99991,125,99967,225,100017,225,99954,225,100022,100,99950,400,100052,100,99949,100,100060,100,99942,100,100062,100,99933,100,100063,100,99925,200,100076,100,99912,100,100086,100,99880,100,100093,100,99871,100
2019-06-28 09:38:40.000000000,100017,162,99967,162,100022,162,99954,162,100052,162,99950,462,100060,162,99949,162,100062,100,99942,100,100063,100,99933,100,100076,100,99925,200,100086,100,99912,100,100093,100,99880,100,100128,100,99871,100
2019-06-28 09:38:50.000000000,100017,350,99967,350,100022,100,99954,100,100052,100,99950,400,100060,100,99949,100,100062,100,99942,100,100063,100,99933,100,100076,100,99925,200,100086,100,99912,100,100093,100,99880,100,100128,100,99871,100
2019-06-28 09:39:00.000000000,100017,350,99967,350,100022,100,99954,100,100052,100,99950,400,100060,100,99949,100,100062,100,99942,100,100063,100,99933,100,100076,100,99925,200,100086,100,99912,100,100093,100,99880,100,100128,100,99871,100
2019-06-28 09:39:08.410721660,100017,350,99967,250,100022,100,99954,100,100060,100,99950,400,100062,100,99949,100,100063,100,99942,100,100076,100,99933,100,100086,100,99925,200,100093,100,99912,100,100128,100,99880,100,100131,100,99871,100
2019-06-28 09:39:10.000000000,100017,150,99954,150,100022,150,99950,450,100060,150,99949,150,100062,150,99942,150,100063,150,99933,150,100076,100,99925,200,100086,100,99912,100,100093,100,99880,100,100128,100,99871,100,100131,100,99867,100
2019-06-28 09:39:15.545834870,100017,150,99954,150,100022,150,99950,450,100060,150,99949,150,100062,150,99942,150,100063,150,99933,150,100076,100,99925,200,100086,100,99912,100,100093,100,99880,100,100128,100,99871,100,100131,100,99867,100
2019-06-28 09:39:20.000000000,100017,162,99954,162,100022,162,99950,462,100060,162,99949,162,100062,162,99942,162,100063,100,99933,100,100076,100,99925,200,100086,100,99912,100,100093,100,99880,100,100128,100,99871,100,100131,100,99867,100
2019-06-28 09:39:23.193906352,100017,162,99954,62,100022,162,99950,462,100060,162,99949,162,100062,162,99942,162,100063,100,99933,100,100076,100,99925,200,100086,100,99880,100,100093,100,99871,100,100128,100,99867,100,100131,100,99846,100
2019-06-28 09:39:25.727632325,99954,38,99950,462,100017,162,99949,162,100022,162,99942,162,100060,162,99933,100,100062,162,99925,200,100063,100,99880,100,100076,100,99871,100,100086,100,99867,100,100093,100,99846,100,100128,100,99764,100
2019-06-28 09:39:30.000000000,99954,288,99950,650,100017,100,99949,100,100022,100,99942,100,100060,100,99933,100,100062,100,99925,200,100063,100,99880,100,100076,100,99871,100,100086,100,99867,100,100093,100,99846,100,100128,100,99764,100
2019-06-28 09:39:33.320827322,99954,288,99950,650,100017,100,99949,100,100022,100,99942,100,100060,100,99933,100,100062,100,99925,200,100063,100,99884,100,100076,100,99880,100,100086,100,99871,100,100128,100,99867,100,100131,100,99846,100
2019-06-28 09:39:40.000000000,99954,163,99950,525,100017,225,99949,225,100022,100,99942,100,100060,100,99933,100,100062,100,99925,200,100063,100,99884,100,100076,100,99880,100,100086,100,99871,100,100128,100,99867,100,100131,100,99846,100
2019-06-28 09:39:50.000000000,99954,123,99950,485,100017,182,99949,182,100022,182,99942,182,100060,100,99933,100,100062,100,99925,200,100063,100,99884,100,100076,100,99880,100,100086,100,99871,100,100128,100,99867,100,100131,100,99846,100
2019-06-28 09:39:57.980893594,99954,123,99950,485,100017,182,99949,182,100022,182,99942,182,100060,100,99933,100,100062,100,99925,200,100063,100,99884,100,100076,100,99880,100,100086,100,99871,100,100128,100,99867,100,100131,100,99846,100
2019-06-28 09:40:00.000000000,99954,123,99950,485,100017,182,99949,182,100022,182,99942,182,100060,100,99933,100,100062,100,99925,200,100063,100,99884,100,100076,100,99880,100,100086,100,99871,100,100128,100,99867,100,100131,100,99846,100
2019-06-28 09:40:10.000000000,99954,88,99950,450,100017,150,99949,150,100022,150,99942,150,100060,150,99933,150,100062,150,99925,250,100063,100,99884,100,100076,100,99880,100,100086,100,99871,100,100128,100,99867,100,100131,100,99846,100
2019-06-28 09:40:18.532525818,99954,88,99950,450,100017,150,99949,150,100022,150,99942,150,100060,150,99933,150,100062,150,99925,250,100063,100,99884,100,100076,100,99880,100,100086,100,99871,100,100128,100,99867,100,100131,100,99846,100
2019-06-28 09:40:20.000000000,99954,100,99950,462,100017,162,99949,162,100022,162,99942,162,100060,162,99933,162,100062,100,99925,200,100063,100,99884,100,100076,100,99880,100,100086,100,99871,100,100128,100,99867,100,100131,100,99846,100
2019-06-28 09:40:25.436456489,99954,200,99950,462,100017,162,99949,162,100022,162,99942,162,100060,162,99933,162,100062,100,99925,200,100063,100,99884,100,100076,100,99880,100,100086,100,99871,100,100128,100,99867,100,100131,100,99846,100
2019-06-28 09:40:26.822881551,99954,300,99950,462,100017,162,99949,162,100022,162,99942,162,100060,162,99933,162,100062,100,99925,200,100063,100,99884,100,100076,100,99880,100,100086,100,99871,100,100128,100,99867,100,100131,100,99846,100
2019-06-28 09:40:30.000000000,99954,363,99950,525,100017,225,99949,225,100022,100,99942,100,100060,100,99933,100,100062,100,99925,200,100063,100,99884,100,100076,100,99880,100,100086,100,99871,100,100128,100,99867,100,100131,100,99846,100
2019-06-28 09:40:40.000000000,99954,363,99950,525,100017,225,99949,225,100022,100,99942,100,100060,100,99933,100,100062,100,99925,200,100063,100,99884,100,100076,100,99880,100,100086,100,99871,100,100128,100,99867,100,100131,100,99846,100
2019-06-28 09:40:50.000000000,99954,300,99950,462,100017,162,99949,162,100022,162,99942,162,100060,162,99933,162,100062,100,99925,200,100063,100,99884,100,100076,100,99880,100,100086,100,99871,100,100128,100,99867,100,100131,100,99846,100
2019-06-28 09:41:00.000000000,99954,288,99950,450,100017,150,99949,150,100022,150,99942,150,100060,150,99933,150,100062,150,99925,250,100063,100,99884,100,100076,100,99880,100,100086,100,99871,100,100128,100,99867,100,100131,100,99846,100
2019-06-28 09:41:06.870513117,99954,388,99950,450,100017,150,99949,150,100022,150,99942,150,100060,150,99933,150,100062,150,99925,250,100063,100,99884,100,100076,100,99880,100,100086,100,99871,100,100128,100,99867,100,100131,100,99846,100
2019-06-28 09:41:10.000000000,99954,423,99950,485,100017,182,99949,182,100022,182,99942,182,100060,100,99933,100,100062,100,99925,200,100063,100,99884,100,100076,100,99880,100,100086,100,99871,100,100128,100,99867,100,100131,100,99846,100
2019-06-28 09:41:20.000000000,99954,588,99950,650,100017,100,99949,100,100022,100,99942,100,100060,100,99933,100,100062,100,99925,200,100063,100,99884,100,100076,100,99880,100,100086,100,99871,100,100128,100,99867,100,100131,100,99846,100
2019-06-28 09:41:30.000000000,99954,388,99950,450,100017,150,99949,150,100022,150,99942,150,100060,150,99933,150,100062,150,99925,250,100063,100,99884,100,100076,100,99880,100,100086,100,99871,100,100128,100,99867,100,100131,100,99846,100
2019-06-28 09:41:40.000000000,99954,463,99950,525,100017,225,99949,225,100022,100,99942,100,100060,100,99933,100,100062,100,99925,200,100063,100,99884,100,100076,100,99880,100,100086,100,99871,100,100128,100,99867,100,100131,100,99846,100
2019-06-28 09:41:48.096454916,99954,463,99950,525,99981,100,99949,225,100017,225,99942,100,100022,100,99933,100,100060,100,99925,200,100062,100,99884,100,100063,100,99880,100,100076,100,99871,100,100086,100,99867,100,100128,100,99846,100
2019-06-28 09:41:50.000000000,99954,388,99950,450,99981,150,99949,150,100017,150,99942,150,100022,150,99933,150,100060,150,99925,250,100062,100,99884,100,100063,100,99880,100,100076,100,99871,100,100086,100,99867,100,100128,100,99846,100
2019-06-28 09:42:00.000000000,99954,400,99950,462,99981,162,99949,162,100017,162,99942,162,100022,162,99933,162,100060,100,99925,200,100062,100,99884,100,100063,100,99880,100,100076,100,99871,100,100086,100,99867,100,100128,100,99846,100
2019-06-28 09:42:10.000000000,99954,463,99950,525,99981,225,99949,225,100017,100,99942,100,100022,100,99933,100,100060,100,99925,200,100062,100,99884,100,100063,100,99880,100,100076,100,99871,100,100086,100,99867,100,100128,100,99846,100
2019-06-28 09:42:12.998650675,99954,463,99950,525,99981,225,99949,225,100017,100,99942,100,100022,100,99933,100,100060,100,99925,200,100062,100,99884,100,100063,100,99880,100,100076,100,99871,100,100086,100,99867,100,100113,100,99846,100
2019-06-28 09:42:20.000000000,99954,400,99950,462,99981,162,99949,162,100017,162,99942,162,100022,162,99933,162,100060,100,99925,200,100062,100,99884,100,100063,100,99880,100,100076,100,99871,100,100086,100,99867,100,100113,100,99846,100
2019-06-28 09:42:20.552938806,99954,300,99950,462,99981,162,99949,162,100017,162,99942,162,100022,162,99933,162,100060,100,99925,200,100062,100,99884,100,100063,100,99880,100,100076,100,99871,100,100086,100,99867,100,100113,100,99846,100
2019-06-28 09:42:30.000000000,99954,300,99950,462,99981,162,99949,162,100017,162,99942,162,100022,162,99933,162,100060,100,99925,200,100062,100,99884,100,100063,100,99880,100,100076,100,99871,100,100086,100,99867,100,100113,100,99846,100
2019-06-28 09:42:40.000000000,99954,300,99950,462,99981,162,99949,162,100017,162,99942,162,100022,162,99933,162,100060,100,99925,200,100062,100,99884,100,100063,100,99880,100,100076,100,99871,100,100086,100,99867,100,100113,100,99846,100
2019-06-28 09:42:41.175710055,99954,300,99950,362,99981,162,99949,162,100017,162,99942,162,100022,162,99933,162,100060,100,99925,200,100062,100,99884,100,100063,100,99880,100,100076,100,99871,100,100086,100,99867,100,100113,100,99846,100
2019-06-28 09:42:41.305028539,99954,100,99950,362,99981,162,99949,162,100017,162,99942,162,100022,162,99933,162,100060,100,99925,200,100062,100,99884,100,100063,100,99880,100,100076,100,99871,100,100086,100,99867,100,100113,100,99846,100
2019-06-28 09:42:50.000000000,99954,288,99950,550,99981,100,99949,100,100017,100,99942,100,100022,100,99933,100,100060,100,99925,200,100062,100,99884,100,100063,100,99880,100,100076,100,99871,100,100086,100,99867,100,100113,100,99846,100
2019-06-28 09:43:00.000000000,99954,100,99950,362,99981,162,99949,162,100017,162,99942,162,100022,162,99933,162,100060,100,99925,200,100062,100,99884,100,100063,100,99880,100,100076,100,99871,100,100086,100,99867,100,100113,100,99846,100
2019-06-28 09:43:10.000000000,99954,88,99950,350,99981,150,99949,150,100017,150,99942,150,100022,150,99933,150,100060,150,99925,250,100062,100,99884,100,100063,100,99880,100,100076,100,99871,100,100086,100,99867,100,100113,100,99846,100
2019-06-28 09:43:20.000000000,99954,88,99950,350,99981,150,99949,150,100017,150,99942,150,100022,150,99933,150,100060,150,99925,250,100062,100,99884,100,100063,100,99880,100,100076,100,99871,100,100086,100,99867,100,100113,100,99846,100
2019-06-28 09:43:30.000000000,99954,288,99950,550,99981,100,99949,100,100017,100,99942,100,100022,100,99933,100,100060,100,99925,200,100062,100,99884,100,100063,100,99880,100,100076,100,99871,100,100086,100,99867,100,100113,100,99846,100
2019-06-28 09:43:40.000000000,99954,163,99950,425,99981,225,99949,225,100017,100,99942,100,100022,100,99933,100,100060,100,99925,200,100062,100,99884,100,100063,100,99880,100,100076,100,99871,100,100086,100,99867,100,100113,100,99846,100
2019-06-28 09:43:50.000000000,99954,123,99950,385,99981,182,99949,182,100017,182,99942,182,100022,100,99933,100,100060,100,99925,200,100062,100,99884,100,100063,100,99880,100,100076,100,99871,100,100086,100,99867,100,100113,100,99846,100
2019-06-28 09:44:00.000000000,99954,100,99950,362,99981,162,99949,162,100017,162,99942,162,100022,162,99933,162,100060,100,99925,200,100062,100,99884,100,100063,100,99880,100,100076,100,99871,100,100086,100,99867,100,100113,100,99846,100
2019-06-28 09:44:10.000000000,99954,288,99950,550,99981,100,99949,100,100017,100,99942,100,100022,100,99933,100,100060,100,99925,200,100062,100,99884,100,100063,100,99880,100,100076,100,99871,100,100086,100,99867,100,100113,100,99846,100
2019-06-28 09:44:20.000000000,99954,100,99950,362,99981,162,99949,162,100017,162,99942,162,100022,162,99933,162,100060,100,99925,200,100062,100,99884,100,100063,100,99880,100,100076,100,99871,100,100086,100,99867,100,100113,100,99846,100
2019-06-28 09:44:30.000000000,99954,88,99950,350,99981,150,99949,150,100017,150,99942,150,100022,150,99933,150,100060,150,99925,250,100062,100,99884,100,100063,100,99880,100,100076,100,99871,100,100086,100,99867,100,100113,100,99846,100
2019-06-28 09:44:37.682425559,99954,88,99950,350,99981,150,99949,150,100017,150,99942,150,100022,150,99933,150,100060,150,99925,250,100062,100,99884,100,100063,100,99880,100,100076,100,99871,100,100086,100,99867,100,100113,100,99846,100
2019-06-28 09:44:40.000000000,99954,163,99950,425,99981,225,99949,225,100017,100,99942,100,100022,100,99933,100,100060,100,99925,200,100062,100,99884,100,100063,100,99880,100,100076,100,99871,100,100086,100,99867,100,100113,100,99846,100
2019-06-28 09:44:50.000000000,99954,88,99950,350,99981,150,99949,150,100017,150,99942,150,100022,150,99933,150,100060,150,99925,250,100062,100,99884,100,100063,100,99880,100,100076,100,99871,100,100086,100,99867,100,100113,100,99846,100
2019-06-28 09:45:00.000000000,99954,123,99950,385,99981,182,99949,182,100017,182,99942,182,100022,100,99933,100,100060,100,99925,200,100062,100,99884,100,100063,100,99880,100,100076,100,99871,100,100086,100,99867,100,100113,100,99846,100
2019-06-28 09:45:10.000000000,99954,288,99950,550,99981,100,99949,100,100017,100,99942,100,100022,100,99933,100,100060,100,99925,200,100062,100,99884,100,100063,100,99880,100,100076,100,99871,100,100086,100,99867,100,100113,100,99846,100
2019-06-28 09:45:20.000000000,99954,163,99950,425,99981,225,99949,225,100017,100,99942,100,100022,100,99933,100,100060,100,99925,200,100062,100,99884,100,100063,100,99880,100,100076,100,99871,100,100086,100,99867,100,100113,100,99846,100
2019-06-28 09:45:21.044370619,99954,163,99950,425,99981,225,99949,225,100017,100,99942,100,100022,100,99933,100,100060,100,99925,100,100062,100,99884,100,100063,100,99880,100,100076,100,99871,100,100086,100,99867,100,100113,100,99846,100
2019-06-28 09:45:29.548909133,99954,63,99950,425,99981,225,99949,225,100017,100,99942,100,100022,100,99933,100,100060,100,99925,100,100062,100,99884,100,100063,100,99880,100,100076,100,99871,100,100086,100,99867,100,100113,100,99846,100
2019-06-28 09:45:30.000000000,99981,162,99950,362,100017,162,99949,162,100022,162,99942,162,100060,162,99933,162,100062,100,99925,100,100063,100,99884,100,100076,100,99880,100,100086,100,99871,100,100113,100,99867,100,100128,100,99846,100
2019-06-28 09:45:38.941771708,99981,162,99950,362,100017,162,99949,162,100022,162,99942,162,100060,162,99933,162,100062,100,99925,100,100063,100,99884,100,100076,100,99880,100,100086,100,99871,100,100113,100,99867,100,100128,100,99846,100
2019-06-28 09:45:40.000000000,99981,225,99950,425,100017,225,99949,225,100022,100,99942,100,100060,100,99933,100,100062,100,99925,100,100063,100,99884,100,100076,100,99880,100,100086,100,99871,100,100113,100,99867,100,100128,100,99846,100
2019-06-28 09:45:50.000000000,99981,225,99950,425,100017,225,99949,225,100022,100,99942,100,100060,100,99933,100,100062,100,99925,100,100063,100,99884,100,100076,100,99880,100,100086,100,99871,100,100113,100,99867,100,100128,100,99846,100
2019-06-28 09:45:52.127557337,99981,225,99950,325,100017,225,99949,225,100022,100,99942,100,100060,100,99933,100,100062,100,99925,100,100063,100,99884,100,100076,100,99880,100,100086,100,99871,100,100113,100,99867,100,100128,100,99846,100
2019-06-28 09:46:00.000000000,99981,350,99950,450,100017,100,99949,100,100022,100,99942,100,100060,100,99933,100,100062,100,99925,100,100063,100,99884,100,100076,100,99880,100,100086,100,99871,100,100113,100,99867,100,100128,100,99846,100
2019-06-28 09:46:10.000000000,99981,225,99950,325,100017,225,99949,225,100022,100,99942,100,100060,100,99933,100,100062,100,99925,100,100063,100,99884,100,100076,100,99880,100,100086,100,99871,100,100113,100,99867,100,100128,100,99846,100
2019-06-28 09:46:20.000000000,99981,150,99950,250,100017,150,99949,150,100022,150,99942,150,100060,150,99933,150,100062,150,99925,150,100063,100,99884,100,100076,100,99880,100,100086,100,99871,100,100113,100,99867,100,100128,100,99846,100
2019-06-28 09:46:30.000000000,99981,185,99950,285,100017,182,99949,182,100022,182,99942,182,100060,100,99933,100,100062,100,99925,100,100063,100,99884,100,100076,100,99880,100,100086,100,99871,100,100113,100,99867,100,100128,100,99846,100
2019-06-28 09:46:40.000000000,99981,350,99950,450,100017,100,99949,100,100022,100,99942,100,100060,100,99933,100,100062,100,99925,100,100063,100,99884,100,100076,100,99880,100,100086,100,99871,100,100113,100,99867,100,100128,100,99846,100
2019-06-28 09:46:50.000000000,99981,350,99950,450,100017,100,99949,100,100022,100,99942,100,100060,100,99933,100,100062,100,99925,100,100063,100,99884,100,100076,100,99880,100,100086,100,99871,100,100113,100,99867,100,100128,100,99846,100
2019-06-28 09:46:52.471070569,99981,350,99950,450,100017,100,99949,100,100022,100,99942,100,100060,100,99933,100,100062,100,99925,100,100063,100,99884,100,100076,100,99880,100,100086,100,99871,100,100113,100,99867,100,100128,100,99846,100
2019-06-28 09:47:00.000000000,99981,185,99950,285,100017,182,99949,182,100022,182,99942,182,100060,100,99933,100,100062,100,99925,100,100063,100,99884,100,100076,100,99880,100,100086,100,99871,100,100113,100,99867,100,100128,100,99846,100
2019-06-28 09:47:10.000000000,99981,150,99950,250,100017,150,99949,150,100022,150,99942,150,100060,150,99933,150,100062,150,99925,150,100063,100,99884,100,100076,100,99880,100,100086,100,99871,100,100113,100,99867,100,100128,100,99846,100
2019-06-28 09:47:20.000000000,99981,150,99950,250,100017,150,99949,150,100022,150,99942,150,100060,150,99933,150,100062,150,99925,150,100063,100,99884,100,100076,100,99880,100,100086,100,99871,100,100113,100,99867,100,100128,100,99846,100
2019-06-28 09:47:30.000000000,99981,185,99950,285,100017,182,99949,182,100022,182,99942,182,100060,100,99933,100,100062,100,99925,100,100063,100,99884,100,100076,100,99880,100,100086,100,99871,100,100113,100,99867,100,100128,100,99846,100
2019-06-28 09:47:40.000000000,99981,185,99950,285,100017,182,99949,182,100022,182,99942,182,100060,100,99933,100,100062,100,99925,100,100063,100,99884,100,100076,100,99880,100,100086,100,99871,100,100113,100,99867,100,100128,100,99846,100
2019-06-28 09:47:46.974822764,99981,185,99950,185,100017,182,99949,182,100022,182,99942,182,100060,100,99933,100,100062,100,99925,100,100063,100,99884,100,100076,100,99880,100,100086,100,99871,100,100113,100,99867,100,100128,100,99846,100
2019-06-28 09:47:50.000000000,99981,185,99950,185,100017,182,99949,182,100022,182,99942,182,100060,100,99933,100,100062,100,99925,100,100063,100,99884,100,100076,100,99880,100,100086,100,99871,100,100113,100,99867,100,100128,100,99846,100
2019-06-28 09:48:00.000000000,99981,350,99950,350,100017,100,99949,100,100022,100,99942,100,100060,100,99933,100,100062,100,99925,100,100063,100,99884,100,100076,100,99880,100,100086,100,99871,100,100113,100,99867,100,100128,100,99846,100
2019-06-28 09:48:07.512078503,99981,350,99950,350,100017,100,99949,100,100022,100,99942,100,100060,100,99933,100,100063,100,99925,100,100076,100,99884,100,100086,100,99880,100,100113,100,99871,100,100128,100,99867,100,100131,100,99846,100
2019-06-28 09:48:10.000000000,99981,150,99950,150,100017,150,99949,150,100022,150,99942,150,100060,150,99933,150,100063,150,99925,150,100076,100,99884,100,100086,100,99880,100,100113,100,99871,100,100128,100,99867,100,100131,100,99846,100
2019-06-28 09:48:19.960501955,99981,150,99950,50,100017,150,99949,150,100022,150,99942,150,100060,150,99933,150,100063,150,99925,150,100076,100,99884,100,100086,100,99880,100,100113,100,99871,100,100128,100,99867,100,100131,100,99846,100
2019-06-28 09:48:20.000000000,99981,350,99949,350,100017,100,99942,100,100022,100,99933,100,100060,100,99925,100,100063,100,99884,100,100076,100,99880,100,100086,100,99871,100,100113,100,99867,100,100128,100,99846,100,100131,100,99842,100
2019-06-28 09:48:24.838550852,99981,350,99949,350,100017,100,99942,100,100022,100,99933,100,100060,100,99925,100,100063,100,99884,100,100076,100,99880,100,100086,100,99871,100,100113,100,99846,100,100128,100,99842,100,100131,100,99761,100
2019-06-28 09:48:30.000000000,99981,350,99949,350,100017,100,99942,100,100022,100,99933,100,100060,100,99925,100,100063,100,99884,100,100076,100,99880,100,100086,100,99871,100,100113,100,99846,100,100128,100,99842,100,100131,100,99761,100
2019-06-28 09:48:30.867859476,99981,350,99949,350,100017,100,99942,100,100022,100,99933,100,100060,100,99925,100,100063,100,99884,100,100076,100,99880,100,100086,100,99871,100,100113,100,99846,100,100128,100,99842,100,100131,100,99761,100
2019-06-28 09:48:38.523622263,99953,100,99949,350,99981,350,99942,100,100017,100,99933,100,100022,100,99925,100,100060,100,99884,100,100063,100,99880,100,100076,100,99871,100,100086,100,99846,100,100113,100,99842,100,100128,100,99761,100
2019-06-28 09:48:40.000000000,99953,350,99949,350,99981,100,99942,100,100017,100,99933,100,100022,100,99925,100,100060,100,99884,100,100063,100,99880,100,100076,100,99871,100,100086,100,99846,100,100113,100,99842,100,100128,100,99761,100
2019-06-28 09:48:50.000000000,99953,350,99949,350,99981,100,99942,100,100017,100,99933,100,100022,100,99925,100,100060,100,99884,100,100063,100,99880,100,100076,100,99871,100,100086,100,99846,100,100113,100,99842,100,100128,100,99761,100
2019-06-28 09:49:00.000000000,99953,225,99949,225,99981,225,99942,225,100017,100,99933,100,100022,100,99925,100,100060,100,99884,100,100063,100,99880,100,100076,100,99871,100,100086,100,99846,100,100113,100,99842,100,100128,100,99761,100
2019-06-28 09:49:10.000000000,99953,350,99949,350,99981,100,99942,100,100017,100,99933,100,100022,100,99925,100,100060,100,99884,100,100063,100,99880,100,100076,100,99871,100,100086,100,99846,100,100113,100,99842,100,100128,100,99761,100
2019-06-28 09:49:20.000000000,99953,150,99949,150,99981,150,99942,150,100017,150,99933,150,100022,150,99925,150,100060,150,99884,150,100063,100,99880,100,100076,100,99871,100,100086,100,99846,100,100113,100,99842,100,100128,100,99761,100
2019-06-28 09:49:30.000000000,99953,350,99949,350,99981,100,99942,100,100017,100,99933,100,100022,100,99925,100,100060,100,99884,100,100063,100,99880,100,100076,100,99871,100,100086,100,99846,100,100113,100,99842,100,100128,100,99761,100
2019-06-28 09:49:40.000000000,99953,185,99949,185,99981,182,99942,182,100017,182,99933,182,100022,100,99925,100,100060,100,99884,100,100063,100,99880,100,100076,100,99871,100,100086,100,99846,100,100113,100,99842,100,100128,100,99761,100
2019-06-28 09:49:40.712036390,99953,185,99949,185,99981,182,99942,182,100017,182,99933,182,100022,100,99925,100,100060,100,99884,100,100063,100,99880,100,100076,100,99871,100,100086,100,99846,100,100113,100,99842,100,100131,100,99761,100
2019-06-28 09:49:50.000000000,99953,225,99949,225,99981,225,99942,225,100017,100,99933,100,100022,100,99925,100,100060,100,99884,100,100063,100,99880,100,100076,100,99871,100,100086,100,99846,100,100113,100,99842,100,100131,100,99761,100
2019-06-28 09:50:00.000000000,99953,225,99949,225,99981,225,99942,225,100017,100,99933,100,100022,100,99925,100,100060,100,99884,100,100063,100,99880,100,100076,100,99871,100,100086,100,99846,100,100113,100,99842,100,100131,100,99761,100
2019-06-28 09:50:10.000000000,99953,225,99949,225,99981,225,99942,225,100017,100,99933,100,100022,100,99925,100,100060,100,99884,100,100063,100,99880,100,100076,100,99871,100,100086,100,99846,100,100113,100,99842,100,100131,100,99761,100
2019-06-28 09:50:13.113265478,99953,225,99949,225,99981,225,99942,225,100017,100,99933,100,100022,100,99925,100,100060,100,99884,100,100063,100,99880,100,100076,100,99871,100,100086,100,99846,100,100113,100,99842,100,100131,100,99761,100
2019-06-28 09:50:20.000000000,99953,162,99949,162,99981,162,99942,162,100017,162,99933,162,100022,162,99925,162,100060,100,99884,100,100063,100,99880,100,100076,100,99871,100,100086,100,99846,100,100113,100,99842,100,100131,100,99761,100
2019-06-28 09:50:30.000000000,99953,150,99949,150,99981,150,99942,150,100017,150,99933,150,100022,150,99925,150,100060,150,99884,150,100063,100,99880,100,100076,100,99871,100,100086,100,99846,100,100113,100,99842,100,100131,100,99761,100
2019-06-28 09:50:40.000000000,99953,225,99949,225,99981,225,99942,225,100017,100,99933,100,100022,100,99925,100,100060,100,99884,100,100063,100,99880,100,100076,100,99871,100,100086,100,99846,100,100113,100,99842,100,100131,100,99761,100
2019-06-28 09:50:50.000000000,99953,185,99949,185,99981,182,99942,182,100017,182,99933,182,100022,100,99925,100,100060,100,99884,100,100063,100,99880,100,100076,100,99871,100,100086,100,99846,100,100113,100,99842,100,100131,100,99761,100
2019-06-28 09:50:52.895184659,99953,185,99949,185,99981,182,99942,182,100017,182,99933,182,100022,100,99925,100,100060,100,99884,100,100063,100,99880,100,100076,100,99871,100,100086,100,99846,100,100113,100,99842,100,100131,100,99761,100
2019-06-28 09:51:00.000000000,99953,185,99949,185,99981,182,99942,182,100017,182,99933,182,100022,100,99925,100,100060,100,99884,100,100063,100,99880,100,100076,100,99871,100,100086,100,99846,100,100113,100,99842,100,100131,100,99761,100
2019-06-28 09:51:10.000000000,99953,225,99949,225,99981,225,99942,225,100017,100,99933,100,100022,100,99925,100,100060,100,99884,100,100063,100,99880,100,100076,100,99871,100,100086,100,99846,100,100113,100,99842,100,100131,100,99761,100
2019-06-28 09:51:20.000000000,99953,225,99949,225,99981,225,99942,225,100017,100,99933,100,100022,100,99925,100,100060,100,99884,100,100063,100,99880,100,100076,100,99871,100,100086,100,99846,100,100113,100,99842,100,100131,100,99761,100
2019-06-28 09:51:30.000000000,99953,185,99949,185,99981,182,99942,182,100017,182,99933,182,100022,100,99925,100,100060,100,99884,100,100063,100,99880,100,100076,100,99871,100,100086,100,99846,100,100113,100,99842,100,100131,100,99761,100
2019-06-28 09:51:40.000000000,99953,225,99949,225,99981,225,99942,225,100017,100,99933,100,100022,100,99925,100,100060,100,99884,100,100063,100,99880,100,100076,100,99871,100,100086,100,99846,100,100113,100,99842,100,100131,100,99761,100
2019-06-28 09:51:42.174039814,99953,225,99949,125,99981,225,99942,225,100017,100,99933,100,100022,100,99925,100,100060,100,99884,100,100063,100,99880,100,100076,100,99871,100,100086,100,99846,100,100113,100,99842,100,100131,100,99761,100
2019-06-28 09:51:48.871238966,99953,225,99949,25,99981,225,99942,225,100017,100,99933,100,100022,100,99925,100,100060,100,99884,100,100063,100,99880,100,100076,100,99871,100,100086,100,99846,100,100113,100,99842,100,100131,100,99761,100
2019-06-28 09:51:50.000000000,99953,150,99942,150,99981,150,99933,150,100017,150,99925,150,100022,150,99884,150,100060,150,99880,150,100063,100,99871,100,100076,100,99846,100,100086,100,99842,100,100113,100,99761,100,100131,100,99689,100
2019-06-28 09:51:55.854807421,99953,150,99942,150,99981,150,99933,150,100017,150,99925,150,100022,150,99884,150,100060,150,99880,150,100063,100,99871,100,100076,100,99846,100,100086,100,99842,100,100113,100,99761,100,100131,100,99689,100
2019-06-28 09:52:00.000000000,99953,225,99942,225,99981,225,99933,225,100017,100,99925,100,100022,100,99884,100,100060,100,99880,100,100063,100,99871,100,100076,100,99846,100,100086,100,99842,100,100113,100,99761,100,100131,100,99689,100
2019-06-28 09:52:10.000000000,99953,185,99942,185,99981,182,99933,182,100017,182,99925,182,100022,100,99884,100,100060,100,99880,100,100063,100,99871,100,100076,100,99846,100,100086,100,99842,100,100113,100,99761,100,100131,100,99689,100
2019-06-28 09:52:10.278608212,99950,100,99942,185,99953,185,99933,182,99981,182,99925,182,100017,182,99884,100,100022,100,99880,100,100060,100,99871,100,100063,100,99846,100,100076,100,99842,100,100086,100,99761,100,100113,100,99689,100
2019-06-28 09:52:20.000000000,99950,185,99942,185,99953,182,99933,182,99981,182,99925,182,100017,100,99884,100,100022,100,99880,100,100060,100,99871,100,100063,100,99846,100,100076,100,99842,100,100086,100,99761,100,100113,100,99689,100
2019-06-28 09:52:30.000000000,99950,150,99942,150,99953,150,99933,150,99981,150,99925,150,100017,150,99884,150,100022,150,99880,150,100060,100,99871,100,100063,100,99846,100,100076,100,99842,100,100086,100,99761,100,100113,100,99689,100
2019-06-28 09:52:33.801982350,99950,150,99942,150,99953,150,99933,150,99981,150,99925,150,100017,150,99884,150,100022,150,99880,150,100060,100,99871,100,100063,100,99846,100,100076,100,99842,100,100086,100,99761,100,100113,100,99689,100
2019-06-28 09:52:40.000000000,99950,150,99942,150,99953,150,99933,150,99981,150,99925,150,100017,150,99884,150,100022,150,99880,150,100060,100,99871,100,100063,100,99846,100,100076,100,99842,100,100086,100,99761,100,100113,100,99689,100
2019-06-28 09:52:50.000000000,99950,162,99942,162,99953,162,99933,162,99981,162,99925,162,100017,162,99884,162,100022,100,99880,100,100060,100,99871,100,100063,100,99846,100,100076,100,99842,100,100086,100,99761,100,100113,100,99689,100
2019-06-28 09:52:52.945662190,99950,162,99942,162,99953,162,99933,162,99981,62,99925,162,100017,162,99884,162,100022,100,99880,100,100060,100,99871,100,100063,100,99846,100,100076,100,99842,100,100086,100,99761,100,100113,100,99689,100
2019-06-28 09:52:57.180404992,99950,162,99942,162,99953,162,99933,162,99981,62,99925,162,100017,62,99884,162,100022,100,99880,100,100060,100,99871,100,100063,100,99846,100,100076,100,99842,100,100086,100,99761,100,100113,100,99689,100
2019-06-28 09:53:00.000000000,99950,350,99942,350,99953,100,99933,100,100022,100,99925,100,100060,100,99884,100,100063,100,99880,100,100076,100,99871,100,100086,100,99846,100,100113,100,99842,100,100131,100,99761,100,100250,100,99689,100
2019-06-28 09:53:10.000000000,99950,150,99942,150,99953,150,99933,150,100022,150,99925,150,100060,150,99884,150,100063,150,99880,150,100076,100,99871,100,100086,100,99846,100,100113,100,99842,100,100131,100,99761,100,100250,100,99689,100
2019-06-28 09:53:12.789353093,99950,150,99942,150,99953,150,99933,150,100022,150,99925,150,100060,150,99884,150,100063,150,99880,150,100076,100,99871,100,100086,100,99846,100,100113,100,99842,100,100250,100,99761,100,100261,100,99689,100
2019-06-28 09:53:20.000000000,99950,150,99942,150,99953,150,99933,150,100022,150,99925,150,100060,150,99884,150,100063,150,99880,150,100076,100,99871,100,100086,100,99846,100,100113,100,99842,100,100250,100,99761,100,100261,100,99689,100
2019-06-28 09:53:24.854030775,99950,150,99942,150,99953,150,99933,150,100022,150,99925,150,100060,150,99884,50,100063,150,99880,150,100076,100,99871,100,100086,100,99846,100,100113,100,99842,100,100250,100,99761,100,100261,100,99689,100
2019-06-28 09:53:30.000000000,99950,162,99942,162,99953,162,99933,162,100022,162,99925,162,100060,162,99880,162,100063,100,99871,100,100076,100,99846,100,100086,100,99842,100,100113,100,99761,100,100250,100,99689,100,100261,100,99679,100
2019-06-28 09:53:40.000000000,99950,350,99942,350,99953,100,99933,100,100022,100,99925,100,100060,100,99880,100,100063,100,99871,100,100076,100,99846,100,100086,100,99842,100,100113,100,99761,100,100250,100,99689,100,100261,100,99679,100
2019-06-28 09:53:50.000000000,99950,185,99942,185,99953,182,99933,182,100022,182,99925,182,100060,100,99880,100,100063,100,99871,100,100076,100,99846,100,100086,100,99842,100,100113,100,99761,100,100250,100,99689,100,100261,100,99679,100
2019-06-28 09:53:50.799205965,99950,185,99942,85,99953,182,99933,182,100022,82,99925,182,100060,100,99880,100,100063,100,99871,100,100076,100,99846,100,100086,100,99842,100,100113,100,99761,100,100250,100,99689,100,100261,100,99679,100
2019-06-28 09:54:00.000000000,99950,350,99933,350,99953,100,99925,100,100060,100,99880,100,100063,100,99871,100,100076,100,99846,100,100086,100,99842,100,100113,100,99761,100,100250,100,99689,100,100261,100,99679,100,100276,100,99653,100
2019-06-28 09:54:10.000000000,99950,162,99933,162,99953,162,99925,162,100060,162,99880,162,100063,162,99871,162,100076,100,99846,100,100086,100,99842,100,100113,100,99761,100,100250,100,99689,100,100261,100,99679,100,100276,100,99653,100
2019-06-28 09:54:19.145227015,99949,100,99933,162,99950,162,99925,162,99953,162,99880,162,100060,162,99871,162,100063,162,99846,100,100076,100,99842,100,100086,100,99761,100,100113,100,99689,100,100250,100,99679,100,100261,100,99653,100
2019-06-28 09:54:20.000000000,99949,350,99933,350,99950,100,99925,100,99953,100,99880,100,100060,100,99871,100,100063,100,99846,100,100076,100,99842,100,100086,100,99761,100,100113,100,99689,100,100250,100,99679,100,100261,100,99653,100
2019-06-28 09:54:25.637450595,99949,350,99933,250,99950,100,99925,100,99953,100,99880,100,100060,100,99871,100,100063,100,99846,100,100076,100,99842,100,100086,100,99761,100,100113,100,99689,100,100250,100,99679,100,100261,100,99653,100
2019-06-28 09:54:27.607642905,99949,350,99933,250,99950,100,99925,100,99953,100,99880,100,100060,100,99871,100,100063,100,99846,100,100076,100,99842,100,100086,100,99761,100,100113,100,99689,100,100250,100,99679,100,100261,100,99653,100
2019-06-28 09:54:30.000000000,99949,162,99925,162,99950,162,99880,162,99953,162,99871,162,100060,162,99846,162,100063,100,99842,100,100076,100,99761,100,100086,100,99689,100,100113,100,99679,100,100250,100,99653,100,100261,100,99095,100
2019-06-28 09:54:39.180058191,99949,162,99925,62,99950,162,99880,162,99953,162,99871,162,100060,162,99846,162,100063,100,99842,100,100076,100,99761,100,100086,100,99689,100,100113,100,99679,100,100250,100,99653,100,100261,100,99095,100
2019-06-28 09:54:40.000000000,99949,162,99880,162,99950,162,99871,162,99953,162,99846,162,100060,162,99842,162,100063,100,99761,100,100076,100,99689,100,100086,100,99679,100,100113,100,99653,100,100250,100,99095,100,100261,100,99024,100
2019-06-28 09:54:50.000000000,99949,162,99880,162,99950,162,99871,162,99953,162,99846,162,100060,162,99842,162,100063,100,99761,100,100076,100,99689,100,100086,100,99679,100,100113,100,99653,100,100250,100,99095,100,100261,100,99024,100
2019-06-28 09:54:54.341513248,99949,162,99880,162,99950,162,99871,162,99953,162,99846,162,100060,162,99842,162,100063,100,99761,100,100076,100,99689,100,100086,100,99679,100,100113,100,99653,100,100250,100,99095,100,100261,100,99024,100
2019-06-28 09:55:00.000000000,99949,350,99880,350,99950,100,99871,100,99953,100,99846,100,100060,100,99842,100,100063,100,99761,100,100076,100,99689,100,100086,100,99679,100,100113,100,99653,100,100250,100,99095,100,100261,100,99024,100
2019-06-28 09:55:04.592654174,99949,350,99880,250,99950,100,99871,100,99953,100,99846,100,100060,100,99842,100,100063,100,99761,100,100076,100,99679,100,100086,100,99653,100,100113,100,99095,100,100250,100,99024,100,100261,100,98982,100
2019-06-28 09:55:10.000000000,99949,225,99871,225,99950,225,99846,225,99953,100,99842,100,100060,100,99761,100,100063,100,99679,100,100076,100,99653,100,100086,100,99095,100,100113,100,99024,100,100250,100,98982,100,100261,100,98340,100
2019-06-28 09:55:15.233583263,99949,225,99871,225,99950,225,99846,225,99953,100,99842,100,100060,100,99761,100,100063,100,99679,100,100076,100,99653,100,100086,100,99095,100,100113,100,99024,100,100250,100,98982,100,100261,100,98340,100
2019-06-28 09:55:20.000000000,99949,350,99871,350,99950,100,99846,100,99953,100,99842,100,100060,100,99761,100,100063,100,99679,100,100076,100,99653,100,100086,100,99095,100,100113,100,99024,100,100250,100,98982,100,100261,100,98340,100
2019-06-28 09:55:21.086680821,99925,100,99871,350,99949,350,99846,100,99950,100,99842,100,99953,100,99761,100,100060,100,99679,100,100063,100,99653,100,100076,100,99095,100,100086,100,99024,100,100113,100,98982,100,100250,100,98340,100
2019-06-28 09:55:30.000000000,99925,150,99871,150,99949,150,99846,150,99950,150,99842,150,99953,150,99761,150,100060,150,99679,150,100063,100,99653,100,100076,100,99095,100,100086,100,99024,100,100113,100,98982,100,100250,100,98340,100
2019-06-28 09:55:32.545563317,99925,150,99871,50,99949,150,99846,150,99950,150,99842,150,99953,150,99761,150,100060,150,99679,150,100063,100,99095,100,100076,100,99024,100,100086,100,98982,100,100113,100,98340,100,100250,100,98268,100
2019-06-28 09:55:40.000000000,99925,150,99846,150,99949,150,99842,150,99950,150,99761,150,99953,150,99679,150,100060,150,99095,150,100063,100,99024,100,100076,100,98982,100,100086,100,98340,100,100113,100,98268,100,100250,100,98220,100
2019-06-28 09:55:43.403109913,99925,150,99846,50,99949,150,99842,150,99950,150,99761,150,99953,150,99679,150,100060,150,99095,150,100063,100,99024,100,100076,100,98982,100,100086,100,98340,100,100113,100,98268,100,100250,100,98220,100
2019-06-28 09:55:50.000000000,99925,185,99842,185,99949,182,99761,182,99950,182,99679,182,99953,100,99095,100,100060,100,99024,100,100063,100,98982,100,100076,100,98340,100,100086,100,98268,100,100113,100,98220,100,100250,100,98135,100
2019-06-28 09:56:00.000000000,99925,185,99842,185,99949,182,99761,182,99950,182,99679,182,99953,100,99095,100,100060,100,99024,100,100063,100,98982,100,100076,100,98340,100,100086,100,98268,100,100113,100,98220,100,100250,100,98135,100
2019-06-28 09:56:10.000000000,99925,150,99842,150,99949,150,99761,150,99950,150,99679,150,99953,150,99095,150,100060,150,99024,150,100063,100,98982,100,100076,100,98340,100,100086,100,98268,100,100113,100,98220,100,100250,100,98135,100
2019-06-28 09:56:15.874639322,99925,150,99842,50,99949,150,99761,150,99950,150,99679,150,99953,150,99095,150,100060,150,99024,150,100063,100,98982,100,100076,100,98340,100,100113,100,98268,100,100250,100,98220,100,100261,100,98135,100
2019-06-28 09:56:20.000000000,99925,350,99761,350,99949,100,99679,100,99950,100,99095,100,99953,100,99024,100,100060,100,98982,100,100063,100,98340,100,100076,100,98268,100,100113,100,98220,100,100250,100,98135,100,100261,100,98115,100
2019-06-28 09:56:30.000000000,99925,162,99761,162,99949,162,99679,162,99950,162,99095,162,99953,162,99024,162,100060,100,98982,100,100063,100,98340,100,100076,100,98268,100,100113,100,98220,100,100250,100,98135,100,100261,100,98115,100
2019-06-28 09:56:34.288132760,99925,162,99761,162,99949,162,99679,162,99950,162,99095,162,99953,162,99024,162,100060,100,98982,100,100063,100,98340,100,100076,100,98268,100,100113,100,98223,100,100250,100,98220,100,100261,100,98135,100
2019-06-28 09:56:40.000000000,99925,225,99761,225,99949,225,99679,225,99950,100,99095,100,99953,100,99024,100,100060,100,98982,100,100063,100,98340,100,100076,100,98268,100,100113,100,98223,100,100250,100,98220,100,100261,100,98135,100
2019-06-28 09:56:50.000000000,99925,350,99761,350,99949,100,99679,100,99950,100,99095,100,99953,100,99024,100,100060,100,98982,100,100063,100,98340,100,100076,100,98268,100,100113,100,98223,100,100250,100,98220,100,100261,100,98135,100
2019-06-28 09:57:00.000000000,99925,225,99761,225,99949,225,99679,225,99950,100,99095,100,99953,100,99024,100,100060,100,98982,100,100063,100,98340,100,100076,100,98268,100,100113,100,98223,100,100250,100,98220,100,100261,100,98135,100
2019-06-28 09:57:10.000000000,99925,150,99761,150,99949,150,99679,150,99950,150,99095,150,99953,150,99024,150,100060,150,98982,150,100063,100,98340,100,100076,100,98268,100,100113,100,98223,100,100250,100,98220,100,100261,100,98135,100
2019-06-28 09:57:20.000000000,99925,185,99761,185,99949,182,99679,182,99950,182,99095,182,99953,100,99024,100,100060,100,98982,100,100063,100,98340,100,100076,100,98268,100,100113,100,98223,100,100250,100,98220,100,100261,100,98135,100
2019-06-28 09:57:30.000000000,99925,185,99761,185,99949,182,99679,182,99950,182,99095,182,99953,100,99024,100,100060,100,98982,100,100063,100,98340,100,100076,100,98268,100,100113,100,98223,100,100250,100,98220,100,100261,100,98135,100
2019-06-28 09:57:40.000000000,99925,225,99761,225,99949,225,99679,225,99950,100,99095,100,99953,100,99024,100,100060,100,98982,100,100063,100,98340,100,100076,100,98268,100,100113,100,98223,100,100250,100,98220,100,100261,100,98135,100
2019-06-28 09:57:50.000000000,99925,150,99761,150,99949,150,99679,150,99950,150,99095,150,99953,150,99024,150,100060,150,98982,150,100063,100,98340,100,100076,100,98268,100,100113,100,98223,100,100250,100,98220,100,100261,100,98135,100
2019-06-28 09:57:51.166233123,99925,150,99761,150,99949,150,99679,150,99950,150,99374,100,99953,150,99095,150,100060,50,99024,150,100063,100,98982,150,100076,100,98340,100,100113,100,98268,100,100250,100,98223,100,100261,100,98220,100
2019-06-28 09:58:00.000000000,99925,350,99761,350,99949,100,99679,100,99950,100,99374,100,99953,100,99095,100,100063,100,99024,100,100076,100,98982,100,100113,100,98340,100,100250,100,98268,100,100261,100,98223,100,100276,100,98220,100
2019-06-28 09:58:10.000000000,99925,185,99761,185,99949,182,99679,182,99950,182,99374,182,99953,100,99095,100,100063,100,99024,100,100076,100,98982,100,100113,100,98340,100,100250,100,98268,100,100261,100,98223,100,100276,100,98220,100
2019-06-28 09:58:12.524992866,99925,185,99761,185,99949,182,99679,182,99950,82,99374,182,99953,100,99095,100,100063,100,99024,100,100076,100,98982,100,100113,100,98340,100,100250,100,98268,100,100261,100,98223,100,100276,100,98220,100
2019-06-28 09:58:12.723945649,99925,185,99761,185,99949,182,99679,182,99950,82,99480,100,99953,100,99374,182,100063,100,99095,100,100076,100,99024,100,100113,100,98982,100,100261,100,98340,100,100276,100,98268,100,100362,100,98223,100
2019-06-28 09:58:19.581311215,99925,185,99761,185,99949,182,99679,182,99950,82,99480,100,99953,100,99374,182,100063,100,99329,100,100076,100,99095,100,100113,100,99024,100,100276,100,98982,100,100362,100,98340,100,,,98268,100
2019-06-28 09:58:20.000000000,99925,150,99761,150,99949,150,99679,150,99953,150,99480,150,100063,150,99374,150,100076,150,99329,150,100113,100,99095,100,100276,100,99024,100,100362,100,98982,100,,,98340,100,,,98268,100
2019-06-28 09:58:30.000000000,99925,185,99761,185,99949,182,99679,182,99953,182,99480,182,100063,100,99374,100,100076,100,99329,100,100113,100,99095,100,100276,100,99024,100,100362,100,98982,100,,,98340,100,,,98268,100
2019-06-28 09:58:40.000000000,99925,185,99761,185,99949,182,99679,182,99953,182,99480,182,100063,100,99374,100,100076,100,99329,100,100113,100,99095,100,100276,100,99024,100,100362,100,98982,100,,,98340,100,,,98268,100
2019-06-28 09:58:50.000000000,99925,162,99761,162,99949,162,99679,162,99953,162,99480,162,100063,162,99374,162,100076,100,99329,100,100113,100,99095,100,100276,100,99024,100,100362,100,98982,100,,,98340,100,,,98268,100
2019-06-28 09:58:56.311251235,99925,62,99761,162,99949,162,99679,162,99953,162,99480,162,100063,62,99374,162,100076,100,99329,100,100113,100,99095,100,100276,100,99024,100,100362,100,98982,100,,,98340,100,,,98268,100
2019-06-28 09:59:00.000000000,99949,185,99761,185,99953,182,99679,182,100076,182,99480,182,100113,100,99374,100,100276,100,99329,100,100362,100,99095,100,,,99024,100,,,98982,100,,,98340,100,,,98268,100
2019-06-28 09:59:10.000000000,99949,162,99761,162,99953,162,99679,162,100076,162,99480,162,100113,162,99374,162,100276,100,99329,100,100362,100,99095,100,,,99024,100,,,98982,100,,,98340,100,,,98268,100
2019-06-28 09:59:14.488449307,99949,162,99761,162,99953,162,99679,162,100076,162,99480,162,100113,162,99374,162,100276,100,99329,100,100362,100,99095,100,100542,100,99024,100,,,98982,100,,,98340,100,,,98268,100
2019-06-28 09:59:20.000000000,99949,225,99761,225,99953,225,99679,225,100076,100,99480,100,100113,100,99374,100,100276,100,99329,100,100362,100,99095,100,100542,100,99024,100,,,98982,100,,,98340,100,,,98268,100
2019-06-28 09:59:23.631676400,99949,125,99761,225,99953,225,99679,225,100076,100,99480,100,100113,100,99374,100,100276,100,99329,100,100362,100,99095,100,100542,100,99024,100,,,98982,100,,,98340,100,,,98268,100
2019-06-28 09:59:30.000000000,99953,225,99761,225,100076,225,99679,225,100113,100,99480,100,100276,100,99374,100,100362,100,99329,100,100542,100,99095,100,,,99024,100,,,98982,100,,,98340,100,,,98268,100
2019-06-28 09:59:33.995160509,99953,225,99761,225,99972,100,99679,225,100076,225,99480,100,100113,100,99374,100,100276,100,99329,100,100362,100,99095,100,100542,100,99024,100,,,98982,100,,,98340,100,,,98268,100
2019-06-28 09:59:40.000000000,99953,350,99761,350,99972,100,99679,100,100076,100,99480,100,100113,100,99374,100,100276,100,99329,100,100362,100,99095,100,100542,100,99024,100,,,98982,100,,,98340,100,,,98268,100
2019-06-28 09:59:50.000000000,99953,185,99761,185,99972,182,99679,182,100076,182,99480,182,100113,100,99374,100,100276,100,99329,100,100362,100,99095,100,100542,100,99024,100,,,98982,100,,,98340,100,,,98268,100
2019-06-28 10:00:00.000000000,99953,150,99761,150,99972,150,99679,150,100076,150,99480,150,100113,150,99374,150,100276,150,99329,150,100362,100,99095,100,100542,100,99024,100,,,98982,100,,,98340,100,,,98268,100
2019-06-28 10:00:07.235620454,99953,150,99859,100,99972,150,99761,150,100076,150,99679,150,100113,150,99480,150,100276,150,99374,150,100362,100,99329,150,100542,100,99095,100,,,99024,100,,,98982,100,,,98340,100
2019-06-28 10:00:10.000000000,99953,162,99859,162,99972,162,99761,162,100076,162,99679,162,100113,162,99480,162,100276,100,99374,100,100362,100,99329,100,100542,100,99095,100,,,99024,100,,,98982,100,,,98340,100
2019-06-28 10:00:20.000000000,99953,162,99859,162,99972,162,99761,162,100076,162,99679,162,100113,162,99480,162,100276,100,99374,100,100362,100,99329,100,100542,100,99095,100,,,99024,100,,,98982,100,,,98340,100
2019-06-28 10:00:30.000000000,99953,162,99859,162,99972,162,99761,162,100076,162,99679,162,100113,162,99480,162,100276,100,99374,100,100362,100,99329,100,100542,100,99095,100,,,99024,100,,,98982,100,,,98340,100
2019-06-28 10:00:40.000000000,99953,150,99859,150,99972,150,99761,150,100076,150,99679,150,100113,150,99480,150,100276,150,99374,150,100362,100,99329,100,100542,100,99095,100,,,99024,100,,,98982,100,,,98340,100
2019-06-28 10:00:50.000000000,99953,225,99859,225,99972,225,99761,225,100076,100,99679,100,100113,100,99480,100,100276,100,99374,100,100362,100,99329,100,100542,100,99095,100,,,99024,100,,,98982,100,,,98340,100
2019-06-28 10:00:58.376521298,99953,225,99859,225,99972,225,99761,225,100076,100,99679,100,100113,100,99480,100,100276,100,99452,100,100362,100,99374,100,100542,100,99329,100,,,99095,100,,,99024,100,,,98982,100
2019-06-28 10:00:58.798084128,99953,225,99859,225,99972,225,99761,225,100076,100,99679,100,100113,100,99545,100,100276,100,99480,100,100362,100,99452,100,100542,100,99374,100,,,99329,100,,,99095,100,,,99024,100
2019-06-28 10:01:00.000000000,99953,225,99859,225,99972,225,99761,225,100076,100,99679,100,100113,100,99545,100,100276,100,99480,100,100362,100,99452,100,100542,100,99374,100,,,99329,100,,,99095,100,,,99024,100
2019-06-28 10:01:09.774834935,99953,225,99859,225,99972,225,99761,225,100076,100,99679,100,100113,100,99641,100,100276,100,99545,100,100362,100,99480,100,100542,100,99452,100,,,99374,100,,,99329,100,,,99095,100
2019-06-28 10:01:10.000000000,99953,350,99859,350,99972,100,99761,100,100076,100,99679,100,100113,100,99641,100,100276,100,99545,100,100362,100,99480,100,100542,100,99452,100,,,99374,100,,,99329,100,,,99095,100
2019-06-28 10:01:20.000000000,99953,350,99859,350,99972,100,99761,100,100076,100,99679,100,100113,100,99641,100,100276,100,99545,100,100362,100,99480,100,100542,100,99452,100,,,99374,100,,,99329,100,,,99095,100
2019-06-28 10:01:21.969152435,99953,350,99859,250,99972,100,99761,100,100076,100,99679,100,100113,100,99641,100,100276,100,99545,100,100362,100,99480,100,100542,100,99452,100,,,99374,100,,,99329,100,,,99095,100
2019-06-28 10:01:30.000000000,99953,150,99761,150,99972,150,99679,150,100076,150,99641,150,100113,150,99545,150,100276,150,99480,150,100362,100,99452,100,100542,100,99374,100,,,99329,100,,,99095,100,,,99024,100
2019-06-28 10:01:40.000000000,99953,150,99761,150,99972,150,99679,150,100076,150,99641,150,100113,150,99545,150,100276,150,99480,150,100362,100,99452,100,100542,100,99374,100,,,99329,100,,,99095,100,,,99024,100
2019-06-28 10:01:43.068558057,99953,150,99761,50,99972,150,99679,150,100076,150,99641,150,100113,150,99545,150,100276,150,99480,50,100362,100,99452,100,100542,100,99374,100,,,99329,100,,,99095,100,,,99024,100
2019-06-28 10:01:50.000000000,99953,225,99679,225,99972,225,99641,225,100076,100,99545,100,100113,100,99452,100,100276,100,99374,100,100362,100,99329,100,100542,100,99095,100,,,99024,100,,,98982,100,,,98340,100
2019-06-28 10:02:00.000000000,99953,162,99679,162,99972,162,99641,162,100076,162,99545,162,100113,162,99452,162,100276,100,99374,100,100362,100,99329,100,100542,100,99095,100,,,99024,100,,,98982,100,,,98340,100
2019-06-28 10:02:04.703708868,99859,100,99679,162,99953,162,99641,162,99972,162,99545,162,100076,162,99452,162,100113,162,99374,100,100276,100,99329,100,100362,100,99095,100,100542,100,99024,100,,,98982,100,,,98340,100
2019-06-28 10:02:10.000000000,99859,150,99679,150,99953,150,99641,150,99972,150,99545,150,100076,150,99452,150,100113,150,99374,150,100276,100,99329,100,100362,100,99095,100,100542,100,99024,100,,,98982,100,,,98340,100
2019-06-28 10:02:13.060432792,99859,150,99679,150,99953,150,99641,150,99972,150,99545,150,100076,150,99452,150,100113,150,99374,150,100276,100,99329,100,100362,100,99313,100,100542,100,99095,100,,,99024,100,,,98340,100
2019-06-28 10:02:20.000000000,99859,150,99679,150,99953,150,99641,150,99972,150,99545,150,100076,150,99452,150,100113,150,99374,150,100276,100,99329,100,100362,100,99313,100,100542,100,99095,100,,,99024,100,,,98340,100
2019-06-28 10:02:30.000000000,99859,185,99679,185,99953,182,99641,182,99972,182,99545,182,100076,100,99452,100,100113,100,99374,100,100276,100,99329,100,100362,100,99313,100,100542,100,99095,100,,,99024,100,,,98340,100
2019-06-28 10:02:40.000000000,99859,162,99679,162,99953,162,99641,162,99972,162,99545,162,100076,162,99452,162,100113,100,99374,100,100276,100,99329,100,100362,100,99313,100,100542,100,99095,100,,,99024,100,,,98340,100
2019-06-28 10:02:50.000000000,99859,162,99679,162,99953,162,99641,162,99972,162,99545,162,100076,162,99452,162,100113,100,99374,100,100276,100,99329,100,100362,100,99313,100,100542,100,99095,100,,,99024,100,,,98340,100
2019-06-28 10:03:00.000000000,99859,225,99679,225,99953,225,99641,225,99972,100,99545,100,100076,100,99452,100,100113,100,99374,100,100276,100,99329,100,100362,100,99313,100,100542,100,99095,100,,,99024,100,,,98340,100
2019-06-28 10:03:10.000000000,99859,150,99679,150,99953,150,99641,150,99972,150,99545,150,100076,150,99452,150,100113,150,99374,150,100276,100,99329,100,100362,100,99313,100,100542,100,99095,100,,,99024,100,,,98340,100
2019-06-28 10:03:16.549905302,99859,250,99679,150,99953,150,99641,150,99972,150,99545,150,100076,150,99452,150,100113,150,99374,150,100276,100,99329,100,100362,100,99313,100,100542,100,99095,100,,,99024,100,,,98340,100
2019-06-28 10:03:20.000000000,99859,285,99679,185,99953,182,99641,182,99972,182,99545,182,100076,100,99452,100,100113,100,99374,100,100276,100,99329,100,100362,100,99313,100,100542,100,99095,100,,,99024,100,,,98340,100
2019-06-28 10:03:21.231104837,99859,285,99679,185,99950,100,99641,182,99953,182,99545,182,99972,182,99452,100,100076,100,99374,100,100113,100,99329,100,100276,100,99313,100,100362,100,99024,100,100542,100,98340,100,,,98268,100
2019-06-28 10:03:30.000000000,99859,250,99679,150,99950,150,99641,150,99953,150,99545,150,99972,150,99452,150,100076,150,99374,150,100113,100,99329,100,100276,100,99313,100,100362,100,99024,100,100542,100,98340,100,,,98268,100
2019-06-28 10:03:30.273156349,99859,150,99679,150,99950,150,99641,150,99953,150,99545,150,99972,150,99452,150,100076,150,99374,150,100113,100,99329,100,100276,100,99313,100,100362,100,99024,100,100542,100,98340,100,,,98268,100
2019-06-28 10:03:37.027017356,99859,50,99679,150,99950,150,99641,150,99953,150,99545,150,99972,150,99452,150,100076,150,99374,150,100113,100,99329,100,100276,100,99313,100,100362,100,99024,100,100542,100,98340,100,,,98268,100
2019-06-28 10:03:40.000000000,99950,150,99679,150,99953,150,99641,150,99972,150,99545,150,100076,150,99452,150,100113,150,99374,150,100276,100,99329,100,100362,100,99313,100,100542,100,99024,100,,,98340,100,,,98268,100
2019-06-28 10:03:50.000000000,99950,185,99679,185,99953,182,99641,182,99972,182,99545,182,100076,100,99452,100,100113,100,99374,100,100276,100,99329,100,100362,100,99313,100,100542,100,99024,100,,,98340,100,,,98268,100
2019-06-28 10:04:00.000000000,99950,150,99679,150,99953,150,99641,150,99972,150,99545,150,100076,150,99452,150,100113,150,99374,150,100276,100,99329,100,100362,100,99313,100,100542,100,99024,100,,,98340,100,,,98268,100
2019-06-28 10:04:10.000000000,99950,185,99679,185,99953,182,99641,182,99972,182,99545,182,100076,100,99452,100,100113,100,99374,100,100276,100,99329,100,100362,100,99313,100,100542,100,99024,100,,,98340,100,,,98268,100
2019-06-28 10:04:10.814000674,99950,185,99679,185,99953,182,99641,182,99972,182,99545,182,100076,100,99452,100,100276,100,99374,100,100362,100,99329,100,100379,100,99313,100,100542,100,99024,100,,,98340,100,,,98268,100
2019-06-28 10:04:11.037271311,99950,185,99679,185,99953,182,99641,182,99972,182,99545,182,100076,100,99452,100,100276,100,99374,100,100304,100,99329,100,100362,100,99313,100,100379,100,99024,100,100542,100,98340,100,,,98268,100
2019-06-28 10:04:14.524770945,99950,185,99679,185,99953,182,99641,182,99972,182,99545,182,100076,100,99452,100,100261,100,99374,100,100276,100,99329,100,100304,100,99313,100,100362,100,99024,100,100379,100,98340,100,100542,100,98268,100
2019-06-28 10:04:20.000000000,99950,350,99679,350,99953,100,99641,100,99972,100,99545,100,100076,100,99452,100,100261,100,99374,100,100276,100,99329,100,100304,100,99313,100,100362,100,99024,100,100379,100,98340,100,100542,100,98268,100
2019-06-28 10:04:23.407341550,99950,250,99679,250,99953,100,99641,100,99972,100,99545,100,100076,100,99452,100,100261,100,99374,100,100276,100,99329,100,100304,100,99313,100,100362,100,99024,100,100379,100,98340,100,100542,100,98268,100
2019-06-28 10:04:30.000000000,99953,150,99641,150,99972,150,99545,150,100076,150,99452,150,100261,150,99374,150,100276,150,99329,150,100304,100,99313,100,100362,100,99024,100,100379,100,98340,100,100542,100,98268,100,,,98220,100
2019-06-28 10:04:36.271386094,99953,150,99641,150,99972,150,99545,150,100076,150,99452,150,100261,150,99374,150,100276,150,99329,150,100304,100,99313,100,100362,100,99024,100,100379,100,98340,100,100475,100,98268,100,100542,100,98220,100
2019-06-28 10:04:40.000000000,99953,350,99641,350,99972,100,99545,100,100076,100,99452,100,100261,100,99374,100,100276,100,99329,100,100304,100,99313,100,100362,100,99024,100,100379,100,98340,100,100475,100,98268,100,100542,100,98220,100
2019-06-28 10:04:50.000000000,99953,185,99641,185,99972,182,99545,182,100076,182,99452,182,100261,100,99374,100,100276,100,99329,100,100304,100,99313,100,100362,100,99024,100,100379,100,98340,100,100475,100,98268,100,100542,100,98220,100
2019-06-28 10:05:00.000000000,99953,350,99641,350,99972,100,99545,100,100076,100,99452,100,100261,100,99374,100,100276,100,99329,100,100304,100,99313,100,100362,100,99024,100,100379,100,98340,100,100475,100,98268,100,100542,100,98220,100
2019-06-28 10:05:10.000000000,99953,350,99641,350,99972,100,99545,100,100076,100,99452,100,100261,100,99374,100,100276,100,99329,100,100304,100,99313,100,100362,100,99024,100,100379,100,98340,100,100475,100,98268,100,100542,100,98220,100
2019-06-28 10:05:11.092743061,99949,100,99641,350,99953,350,99545,100,99972,100,99452,100,100076,100,99374,100,100261,100,99329,100,100276,100,99313,100,100304,100,99024,100,100362,100,98340,100,100379,100,98268,100,100475,100,98220,100
2019-06-28 10:05:16.417729400,99949,100,99769,100,99953,350,99641,350,99972,100,99545,100,100076,100,99452,100,100261,100,99374,100,100276,100,99329,100,100304,100,99313,100,100362,100,99024,100,100379,100,98340,100,100475,100,98268,100
2019-06-28 10:05:16.989735186,99949,100,99769,100,99953,350,99641,350,99972,100,99545,100,100006,100,99374,100,100076,100,99329,100,100261,100,99313,100,100276,100,99024,100,100304,100,98340,100,100362,100,98268,100,100379,100,98220,100
2019-06-28 10:05:20.000000000,99949,150,99769,150,99953,150,99641,150,99972,150,99545,150,100006,150,99374,150,100076,150,99329,150,100261,100,99313,100,100276,100,99024,100,100304,100,98340,100,100362,100,98268,100,100379,100,98220,100
2019-06-28 10:05:30.000000000,99949,225,99769,225,99953,225,99641,225,99972,100,99545,100,100006,100,99374,100,100076,100,99329,100,100261,100,99313,100,100276,100,99024,100,100304,100,98340,100,100362,100,98268,100,100379,100,98220,100
2019-06-28 10:05:40.000000000,99949,185,99769,185,99953,182,99641,182,99972,182,99545,182,100006,100,99374,100,100076,100,99329,100,100261,100,99313,100,100276,100,99024,100,100304,100,98340,100,100362,100,98268,100,100379,100,98220,100
2019-06-28 10:05:50.000000000,99949,185,99769,185,99953,182,99641,182,99972,182,99545,182,100006,100,99374,100,100076,100,99329,100,100261,100,99313,100,100276,100,99024,100,100304,100,98340,100,100362,100,98268,100,100379,100,98220,100
2019-06-28 10:06:00.000000000,99949,350,99769,350,99953,100,99641,100,99972,100,99545,100,100006,100,99374,100,100076,100,99329,100,100261,100,99313,100,100276,100,99024,100,100304,100,98340,100,100362,100,98268,100,100379,100,98220,100
2019-06-28 10:06:00.059581053,99949,450,99769,350,99953,100,99641,100,99972,100,99545,100,100006,100,99374,100,100076,100,99329,100,100261,100,99313,100,100276,100,99024,100,100304,100,98340,100,100362,100,98268,100,100379,100,98220,100
2019-06-28 10:06:10.000000000,99949,325,99769,225,99953,225,99641,225,99972,100,99545,100,100006,100,99374,100,100076,100,99329,100,100261,100,99313,100,100276,100,99024,100,100304,100,98340,100,100362,100,98268,100,100379,100,98220,100
2019-06-28 10:06:20.000000000,99949,262,99769,162,99953,162,99641,162,99972,162,99545,162,100006,162,99374,162,100076,100,99329,100,100261,100,99313,100,100276,100,99024,100,100304,100,98340,100,100362,100,98268,100,100379,100,98220,100
2019-06-28 10:06:23.824975535,99949,262,99769,162,99953,162,99641,162,99972,162,99545,162,100006,162,99374,162,100076,100,99329,100,100261,100,99313,100,100276,100,99250,100,100362,100,99024,100,100379,100,98340,100,100475,100,98268,100
2019-06-28 10:06:30.000000000,99949,285,99769,185,99953,182,99641,182,99972,182,99545,182,100006,100,99374,100,100076,100,99329,100,100261,100,99313,100,100276,100,99250,100,100362,100,99024,100,100379,100,98340,100,100475,100,98268,100
2019-06-28 10:06:34.583145282,99949,285,99769,85,99953,182,99641,182,99972,182,99545,182,100006,100,99374,100,100076,100,99329,100,100261,100,99313,100,100276,100,99250,100,100362,100,99024,100,100379,100,98340,100,100475,100,98268,100
2019-06-28 10:06:40.000000000,99949,250,99641,150,99953,150,99545,150,99972,150,99374,150,100006,150,99329,150,100076,150,99313,150,100261,100,99250,100,100276,100,99024,100,100362,100,98340,100,100379,100,98268,100,100475,100,98220,100
2019-06-28 10:06:42.635442366,99949,250,99641,150,99953,150,99545,50,99972,150,99374,150,100006,150,99329,150,100076,150,99313,150,100261,100,99279,100,100276,100,99250,100,100362,100,99024,100,100379,100,98340,100,100475,100,98268,100
2019-06-28 10:06:50.000000000,99949,262,99641,162,99953,162,99374,162,99972,162,99329,162,100006,162,99313,162,100076,100,99279,100,100261,100,99250,100,100276,100,99024,100,100362,100,98340,100,100379,100,98268,100,100475,100,98220,100
2019-06-28 10:07:00.000000000,99949,262,99641,162,99953,162,99374,162,99972,162,99329,162,100006,162,99313,162,100076,100,99279,100,100261,100,99250,100,100276,100,99024,100,100362,100,98340,100,100379,100,98268,100,100475,100,98220,100
2019-06-28 10:07:10.000000000,99949,250,99641,150,99953,150,99374,150,99972,150,99329,150,100006,150,99313,150,100076,150,99279,150,100261,100,99250,100,100276,100,99024,100,100362,100,98340,100,100379,100,98268,100,100475,100,98220,100
2019-06-28 10:07:19.665805452,99949,250,99641,150,99953,150,99374,150,99972,150,99329,150,100006,150,99313,150,100076,150,99279,150,100261,100,99250,100,100276,100,99024,100,100362,100,98956,100,100379,100,98340,100,100475,100,98268,100
2019-06-28 10:07:20.000000000,99949,325,99641,225,99953,225,99374,225,99972,100,99329,100,100006,100,99313,100,100076,100,99279,100,100261,100,99250,100,100276,100,99024,100,100362,100,98956,100,100379,100,98340,100,100475,100,98268,100
2019-06-28 10:07:30.000000000,99949,262,99641,162,99953,162,99374,162,99972,162,99329,162,100006,162,99313,162,100076,100,99279,100,100261,100,99250,100,100276,100,99024,100,100362,100,98956,100,100379,100,98340,100,100475,100,98268,100
2019-06-28 10:07:33.381544481,99949,262,99641,162,99953,162,99374,162,99972,162,99329,162,100006,162,99313,162,100076,100,99279,100,100261,100,99250,100,100276,100,99024,100,100362,100,98956,100,100379,100,98913,100,100475,100,98340,100
2019-06-28 10:07:40.000000000,99949,285,99641,185,99953,182,99374,182,99972,182,99329,182,100006,100,99313,100,100076,100,99279,100,100261,100,99250,100,100276,100,99024,100,100362,100,98956,100,100379,100,98913,100,100475,100,98340,100
2019-06-28 10:07:44.194228033,99948,100,99641,185,99949,285,99374,182,99953,182,99329,182,99972,182,99313,100,100006,100,99279,100,100076,100,99250,100,100261,100,99024,100,100276,100,98956,100,100362,100,98913,100,100379,100,98340,100
2019-06-28 10:07:50.000000000,99948,150,99641,150,99949,250,99374,150,99953,150,99329,150,99972,150,99313,150,100006,150,99279,150,100076,100,99250,100,100261,100,99024,100,100276,100,98956,100,100362,100,98913,100,100379,100,98340,100
2019-06-28 10:07:56.606049193,99948,150,99641,150,99949,250,99374,150,99953,150,99329,150,99972,150,99313,150,100006,150,99279,150,100076,100,99250,100,100261,100,99024,100,100276,100,99010,100,100362,100,98956,100,100379,100,98913,100
2019-06-28 10:08:00.000000000,99948,225,99641,225,99949,325,99374,225,99953,100,99329,100,99972,100,99313,100,100006,100,99279,100,100076,100,99250,100,100261,100,99024,100,100276,100,99010,100,100362,100,98956,100,100379,100,98913,100
2019-06-28 10:08:07.816229714,99948,225,99641,125,99949,325,99374,225,99953,100,99329,100,99972,100,99313,100,100006,100,99279,100,100261,100,99250,100,100276,100,99024,100,100362,100,99010,100,100379,100,98956,100,100475,100,98913,100
2019-06-28 10:08:07.891550682,99769,100,99641,125,99948,225,99374,225,99949,325,99329,100,99953,100,99313,100,99972,100,99279,100,100006,100,99250,100,100261,100,99024,100,100276,100,99010,100,100362,100,98956,100,100379,100,98913,100
2019-06-28 10:08:10.000000000,99769,350,99374,350,99948,100,99329,100,99949,200,99313,100,99953,100,99279,100,99972,100,99250,100,100006,100,99024,100,100261,100,99010,100,100276,100,98956,100,100362,100,98913,100,100379,100,98340,100
2019-06-28 10:08:20.000000000,99769,225,99374,225,99948,225,99329,225,99949,200,99313,100,99953,100,99279,100,99972,100,99250,100,100006,100,99024,100,100261,100,99010,100,100276,100,98956,100,100362,100,98913,100,100379,100,98340,100
2019-06-28 10:08:28.165464828,99769,225,99374,125,99948,225,99329,225,99949,200,99313,100,99953,100,99279,100,99972,100,99250,100,100006,100,99024,100,100261,100,98956,100,100276,100,98913,100,100362,100,98340,100,100379,100,98268,100
2019-06-28 10:08:30.000000000,99769,162,99329,162,99948,162,99313,162,99949,262,99279,162,99953,162,99250,162,99972,100,99024,100,100006,100,98956,100,100261,100,98913,100,100276,100,98340,100,100362,100,98268,100,100379,100,98220,100
2019-06-28 10:08:35.725274681,99769,162,99329,62,99948,162,99313,162,99949,262,99279,162,99953,162,99250,162,99972,100,99024,100,100006,100,98956,100,100261,100,98913,100,100276,100,98340,100,100362,100,98268,100,100379,100,98220,100
2019-06-28 10:08:40.000000000,99769,162,99313,162,99948,162,99279,162,99949,262,99250,162,99953,162,99024,162,99972,100,98956,100,100006,100,98913,100,100261,100,98340,100,100276,100,98268,100,100362,100,98220,100,100379,100,98135,100
2019-06-28 10:08:50.000000000,99769,350,99313,350,99948,100,99279,100,99949,200,99250,100,99953,100,99024,100,99972,100,98956,100,100006,100,98913,100,100261,100,98340,100,100276,100,98268,100,100362,100,98220,100,100379,100,98135,100
2019-06-28 10:08:51.853564757,99769,350,99313,350,99948,100,99279,100,99949,200,99250,100,99953,100,99230,100,100006,100,99024,100,100261,100,98956,100,100276,100,98913,100,100362,100,98340,100,100379,100,98268,100,100475,100,98220,100
2019-06-28 10:09:00.000000000,99769,185,99313,185,99948,182,99279,182,99949,282,99250,182,99953,100,99230,100,100006,100,99024,100,100261,100,98956,100,100276,100,98913,100,100362,100,98340,100,100379,100,98268,100,100475,100,98220,100
2019-06-28 10:09:10.000000000,99769,350,99313,350,99948,100,99279,100,99949,200,99250,100,99953,100,99230,100,100006,100,99024,100,100261,100,98956,100,100276,100,98913,100,100362,100,98340,100,100379,100,98268,100,100475,100,98220,100
2019-06-28 10:09:13.343128279,99769,350,99313,250,99948,100,99279,100,99949,200,99250,100,99953,100,99230,100,100006,100,99024,100,100261,100,98956,100,100276,100,98913,100,100362,100,98340,100,100379,100,98268,100,100475,100,98220,100
2019-06-28 10:09:20.000000000,99769,150,99279,150,99948,150,99250,150,99949,250,99230,150,99953,150,99024,150,100006,150,98956,150,100261,100,98913,100,100276,100,98340,100,100362,100,98268,100,100379,100,98220,100,100475,100,98135,100
2019-06-28 10:09:30.000000000,99769,350,99279,350,99948,100,99250,100,99949,200,99230,100,99953,100,99024,100,100006,100,98956,100,100261,100,98913,100,100276,100,98340,100,100362,100,98268,100,100379,100,98220,100,100475,100,98135,100
2019-06-28 10:09:34.362535587,99769,350,99279,350,99948,100,99250,100,99949,100,99230,100,99953,100,99024,100,100006,100,98956,100,100261,100,98913,100,100276,100,98340,100,100362,100,98268,100,100379,100,98220,100,100475,100,98135,100
2019-06-28 10:09:40.000000000,99769,150,99279,150,99948,150,99250,150,99949,150,99230,150,99953,150,99024,150,100006,150,98956,150,100261,100,98913,100,100276,100,98340,100,100362,100,98268,100,100379,100,98220,100,100475,100,98135,100
2019-06-28 10:09:50.000000000,99769,185,99279,185,99948,182,99250,182,99949,182,99230,182,99953,100,99024,100,100006,100,98956,100,100261,100,98913,100,100276,100,98340,100,100362,100,98268,100,100379,100,98220,100,100475,100,98135,100
2019-06-28 10:09:50.971177588,99769,185,99284,100,99948,182,99279,185,99949,182,99250,182,99953,100,99230,182,100006,100,99024,100,100261,100,98956,100,100276,100,98913,100,100362,100,98340,100,100379,100,98268,100,100475,100,98220,100
2019-06-28 10:10:00.000000000,99769,162,99284,162,99948,162,99279,162,99949,162,99250,162,99953,162,99230,162,100006,100,99024,100,100261,100,98956,100,100276,100,98913,100,100362,100,98340,100,100379,100,98268,100,100475,100,98220,100
2019-06-28 10:10:08.968186400,99769,162,99284,162,99778,100,99279,162,99948,162,99250,162,99949,162,99230,162,99953,162,99024,100,100006,100,98956,100,100261,100,98913,100,100276,100,98340,100,100362,100,98268,100,100379,100,98135,100
2019-06-28 10:10:10.000000000,99769,350,99284,350,99778,100,99279,100,99948,100,99250,100,99949,100,99230,100,99953,100,99024,100,100006,100,98956,100,100261,100,98913,100,100276,100,98340,100,100362,100,98268,100,100379,100,98135,100
2019-06-28 10:10:16.465218544,99769,350,99284,350,99778,100,99279,100,99783,100,99250,100,99948,100,99230,100,99949,100,99024,100,99953,100,98956,100,100006,100,98913,100,100261,100,98340,100,100276,100,98268,100,100362,100,98135,100
2019-06-28 10:10:20.000000000,99769,150,99284,150,99778,150,99279,150,99783,150,99250,150,99948,150,99230,150,99949,150,99024,150,99953,100,98956,100,100006,100,98913,100,100261,100,98340,100,100276,100,98268,100,100362,100,98135,100
2019-06-28 10:10:30.000000000,99769,350,99284,350,99778,100,99279,100,99783,100,99250,100,99948,100,99230,100,99949,100,99024,100,99953,100,98956,100,100006,100,98913,100,100261,100,98340,100,100276,100,98268,100,100362,100,98135,100
2019-06-28 10:10:40.000000000,99769,185,99284,185,99778,182,99279,182,99783,182,99250,182,99948,100,99230,100,99949,100,99024,100,99953,100,98956,100,100006,100,98913,100,100261,100,98340,100,100276,100,98268,100,100362,100,98135,100
2019-06-28 10:10:50.000000000,99769,185,99284,185,99778,182,99279,182,99783,182,99250,182,99948,100,99230,100,99949,100,99024,100,99953,100,98956,100,100006,100,98913,100,100261,100,98340,100,100276,100,98268,100,100362,100,98135,100
2019-06-28 10:10:55.292194560,99769,185,99284,185,99778,182,99279,182,99783,182,99250,182,99948,100,99230,100,99949,100,99024,100,99953,100,98956,100,100006,100,98340,100,100008,100,98268,100,100261,100,98135,100,100276,100,98057,100
