,ask_price_1,ask_size_1,bid_price_1,bid_size_1,ask_price_2,ask_size_2,bid_price_2,bid_size_2,ask_price_3,ask_size_3,bid_price_3,bid_size_3,ask_price_4,ask_size_4,bid_price_4,bid_size_4,ask_price_5,ask_size_5,bid_price_5,bid_size_5,ask_price_6,ask_size_6,bid_price_6,bid_size_6,ask_price_7,ask_size_7,bid_price_7,bid_size_7,ask_price_8,ask_size_8,bid_price_8,bid_size_8,ask_price_9,ask_size_9,bid_price_9,bid_size_9,ask_price_10,ask_size_10,bid_price_10,bid_size_10
2019-06-28 09:30:00.000000007,100102,100,,,,,,,,,,,,,,,,,,,,,,,,,,,,,,,,,,,,,,
2019-06-28 09:30:00.000000008,99993,100,,,100102,100,,,,,,,,,,,,,,,,,,,,,,,,,,,,,,,,,,
2019-06-28 09:30:00.000000009,99993,100,,,100102,100,,,100237,100,,,,,,,,,,,,,,,,,,,,,,,,,,,,,,
2019-06-28 09:30:00.000000010,99993,100,,,100060,100,,,100102,100,,,100237,100,,,,,,,,,,,,,,,,,,,,,,,,,,
2019-06-28 09:30:00.000000014,99993,100,99925,100,100060,100,,,100102,100,,,100237,100,,,,,,,,,,,,,,,,,,,,,,,,,,
2019-06-28 09:30:00.000000018,99993,100,99925,100,100060,100,99892,100,100102,100,,,100237,100,,,,,,,,,,,,,,,,,,,,,,,,,,
2019-06-28 09:30:00.000000020,99993,100,99925,100,100060,100,99892,100,100076,100,,,100102,100,,,100122,100,,,100237,100,,,,,,,,,,,,,,,,,,
2019-06-28 09:30:00.000000027,99966,100,99925,100,99993,100,99892,100,100060,100,,,100076,100,,,100102,100,,,100122,100,,,100237,100,,,,,,,,,,,,,,
2019-06-28 09:30:00.000000028,99966,100,99925,100,99993,100,99892,100,100060,100,,,100076,100,,,100083,100,,,100102,100,,,100122,100,,,100180,100,,,100237,100,,,,,,
2019-06-28 09:30:00.000000029,99966,100,99925,100,99993,100,99906,100,100060,100,99892,100,100076,100,,,100083,100,,,100102,100,,,100122,100,,,100180,100,,,100237,100,,,,,,
2019-06-28 09:30:00.000000030,99966,100,99925,100,99993,100,99906,100,100060,100,99892,100,100076,100,,,100083,100,,,100102,100,,,100122,100,,,100136,100,,,100180,100,,,100237,100,,
2019-06-28 09:30:00.000000032,99966,100,99925,100,99993,100,99906,100,100060,100,99894,100,100076,100,99892,100,100083,100,,,100102,100,,,100122,100,,,100136,100,,,100180,100,,,100237,100,,
2019-06-28 09:30:00.000000034,99966,100,99925,100,99993,100,99906,100,100009,100,99894,100,100060,100,99892,100,100076,100,,,100083,100,,,100102,100,,,100122,100,,,100136,100,,,100180,100,,
2019-06-28 09:30:00.000000036,99952,100,99925,100,99966,100,99906,100,99993,100,99894,100,100009,100,99892,100,100021,100,99885,100,100060,100,,,100076,100,,,100083,100,,,100102,100,,,100122,100,,
2019-06-28 09:30:00.000000037,99952,100,99925,100,99966,100,99906,100,99993,100,99894,100,100009,100,99892,100,100021,200,99885,100,100060,100,,,100076,100,,,100083,100,,,100102,100,,,100122,100,,
2019-06-28 09:30:00.000000042,99966,100,99925,100,99993,100,99906,100,100009,100,99894,100,100021,200,99892,100,100052,100,99885,100,100058,100,,,100060,100,,,100076,100,,,100083,100,,,100102,100,,
2019-06-28 09:30:00.000000043,99966,100,99925,100,99993,100,99906,100,100009,100,99894,100,100021,200,99892,100,100052,100,99886,100,100058,100,99885,100,100060,100,,,100076,100,,,100083,100,,,100102,100,,
2019-06-28 09:30:00.000000044,99966,100,99956,100,99993,100,99925,100,100009,100,99906,100,100021,200,99894,100,100052,100,99892,100,100058,100,99886,100,100060,100,99885,100,100076,100,,,100083,100,,,100102,100,,
2019-06-28 09:30:00.000000047,99993,100,99956,100,100009,100,99925,100,100021,200,99906,100,100052,100,99894,100,100058,100,99892,100,100060,100,99886,100,100076,100,99885,100,100083,100,,,100102,100,,,100122,100,,
2019-06-28 09:30:00.000000049,99993,100,99956,100,100009,100,99947,100,100021,200,99925,100,100052,100,99906,100,100058,100,99894,100,100060,100,99892,100,100076,100,99886,100,100083,100,99885,100,100102,100,99867,100,100122,100,,
2019-06-28 09:30:00.000000050,99993,100,99956,100,100009,100,99947,100,100021,200,99925,100,100052,100,99922,100,100058,100,99906,100,100060,100,99894,100,100076,100,99892,100,100083,100,99886,100,100102,100,99885,100,100122,100,99867,100
2019-06-28 09:30:00.000000055,99993,100,99956,100,100009,100,99947,100,100021,200,99925,100,100052,100,99922,100,100058,100,99906,100,100060,100,99894,100,100076,100,99892,100,100083,100,99886,100,100102,100,99885,100,100122,100,99867,100
2019-06-28 09:30:00.000000058,99993,100,99957,100,100009,100,99956,100,100021,200,99947,100,100052,100,99925,100,100058,100,99922,100,100060,100,99906,100,100076,100,99904,100,100083,100,99894,100,100102,100,99892,100,100122,100,99886,100
2019-06-28 09:30:00.000000060,99993,100,99957,100,100009,100,99956,100,100021,200,99947,100,100052,100,99925,100,100058,100,99922,100,100060,100,99906,100,100076,100,99904,100,100083,100,99895,100,100102,100,99894,100,100122,100,99892,100
2019-06-28 09:30:00.000000061,99993,100,99957,100,100009,100,99956,100,100021,200,99947,100,100052,100,99931,100,100058,100,99925,100,100060,100,99922,100,100076,100,99906,100,100083,100,99904,100,100102,100,99895,100,100119,100,99894,100
2019-06-28 09:30:00.000000063,99993,100,99957,100,100009,100,99956,100,100021,200,99947,100,100052,100,99943,100,100058,100,99931,100,100060,100,99925,100,100076,100,99922,100,100083,100,99906,100,100102,100,99904,100,100119,100,99895,100
2019-06-28 09:30:00.000000065,99993,100,99957,200,100009,100,99956,100,100021,200,99947,100,100052,100,99943,100,100058,100,99931,100,100060,100,99925,100,100076,100,99922,100,100083,100,99906,100,100102,100,99904,100,100119,100,99895,100
2019-06-28 09:30:00.000000066,99993,100,99957,200,100009,100,99956,100,100021,200,99947,100,100052,100,99943,100,100058,100,99931,100,100060,100,99925,100,100076,100,99922,100,100083,100,99906,100,100102,100,99904,100,100119,100,99895,100
2019-06-28 09:30:00.000000067,99993,100,99984,100,100009,100,99957,200,100021,200,99956,100,100052,100,99947,100,100058,100,99943,100,100060,100,99931,100,100076,100,99925,100,100083,100,99922,100,100102,100,99906,100,100119,100,99904,100
2019-06-28 09:30:00.000000069,99993,100,99984,100,100009,100,99957,200,100021,200,99956,100,100044,100,99947,100,100052,100,99943,100,100058,100,99931,100,100060,100,99925,100,100076,100,99922,100,100083,100,99917,100,100102,100,99906,100
2019-06-28 09:30:00.000000071,99993,100,99957,200,100009,100,99956,100,100021,200,99947,100,100044,100,99943,100,100052,100,99931,100,100058,100,99925,100,100060,100,99922,100,100076,100,99917,100,100083,100,99906,100,100102,100,99904,100
2019-06-28 09:30:00.000000073,99993,100,99957,200,100009,100,99956,100,100021,200,99947,100,100044,100,99943,100,100052,100,99931,100,100058,100,99925,100,100060,100,99922,100,100076,100,99917,100,100083,100,99906,100,100102,100,99904,100
2019-06-28 09:30:00.000000077,99993,100,99984,100,100009,100,99957,200,100021,200,99956,100,100044,100,99947,100,100052,100,99943,100,100058,100,99931,100,100060,100,99925,100,100076,100,99922,100,100083,100,99917,100,100102,100,99906,100
2019-06-28 09:30:00.000000078,100009,100,99984,100,100021,200,99957,200,100044,100,99956,100,100052,100,99947,100,100058,100,99943,100,100060,100,99931,100,100076,100,99925,100,100083,100,99922,100,100088,100,99917,100,100102,100,99913,100
2019-06-28 09:30:00.000000079,100009,100,99984,100,100021,200,99957,200,100044,100,99956,100,100052,100,99947,100,100058,100,99943,100,100060,100,99940,100,100076,100,99931,100,100083,100,99925,100,100088,100,99922,100,100093,100,99917,100
2019-06-28 09:30:00.000000080,100009,100,99994,100,100021,200,99984,100,100044,100,99957,200,100052,100,99956,100,100058,100,99947,100,100060,100,99943,100,100076,100,99940,100,100083,100,99931,100,100088,100,99925,100,100093,100,99922,100
2019-06-28 09:30:00.000000086,100009,100,99994,100,100021,200,99984,100,100044,100,99957,200,100052,100,99956,100,100058,100,99947,100,100060,100,99943,100,100065,100,99940,100,100076,100,99931,100,100083,100,99925,100,100088,100,99922,100
2019-06-28 09:30:00.000000087,100009,100,99994,100,100021,200,99984,100,100044,100,99957,200,100052,100,99956,100,100058,100,99947,100,100060,100,99943,100,100065,100,99940,100,100076,100,99931,100,100083,100,99925,100,100088,100,99922,100
2019-06-28 09:30:00.000000093,100009,100,99994,100,100021,200,99985,100,100044,100,99984,100,100052,100,99957,200,100058,100,99956,100,100060,100,99947,100,100065,100,99943,100,100076,100,99940,100,100083,100,99931,100,100088,100,99925,100
2019-06-28 09:30:00.000000095,100009,100,100002,100,100021,200,99994,100,100044,100,99985,100,100052,100,99984,100,100058,100,99977,100,100060,100,99957,200,100065,100,99956,100,100076,100,99947,100,100083,100,99943,100,100088,100,99940,100
2019-06-28 09:30:00.000000097,100009,100,100002,100,100021,200,99994,100,100044,100,99985,200,100052,100,99984,100,100058,100,99977,100,100060,100,99957,200,100065,100,99956,100,100076,100,99947,100,100083,100,99943,100,100088,100,99940,100
2019-06-28 09:30:00.000000098,100009,100,100002,100,100021,200,99994,100,100044,100,99985,200,100052,100,99984,100,100058,100,99977,100,100060,100,99957,200,100065,100,99956,100,100076,100,99947,100,100083,100,99943,100,100088,100,99940,100
2019-06-28 09:30:00.000000099,100009,100,100002,100,100021,200,99994,100,100044,100,99985,200,100052,100,99984,100,100058,100,99977,100,100060,100,99957,200,100065,100,99956,100,100076,100,99947,100,100083,100,99943,100,100088,100,99940,100
2019-06-28 09:30:01.509170222,100021,200,100002,100,100044,100,99994,100,100052,100,99985,200,100058,100,99984,100,100060,100,99977,100,100065,100,99957,200,100076,100,99956,100,100083,100,99947,100,100088,100,99943,100,100093,100,99940,100
2019-06-28 09:30:01.509900826,100009,100,100002,100,100021,200,99994,100,100044,100,99985,200,100052,100,99984,100,100058,100,99977,100,100060,100,99957,200,100065,100,99956,100,100076,100,99947,100,100083,100,99943,100,100088,100,99940,100
2019-06-28 09:30:03.560219409,100009,100,99994,100,100021,200,99985,200,100044,100,99984,100,100052,100,99977,100,100058,100,99957,200,100060,100,99956,100,100065,100,99947,100,100076,100,99943,100,100083,100,99940,100,100088,100,99925,100
2019-06-28 09:30:10.000000000,100009,256,99994,256,100021,351,99985,351,100044,251,99984,251,100052,100,99977,100,100058,100,99957,200,100060,100,99956,100,100065,100,99947,100,100076,100,99943,100,100083,100,99940,100,100088,100,99925,100
2019-06-28 09:30:20.000000000,100009,256,99994,256,100021,351,99985,351,100044,251,99984,251,100052,100,99977,100,100058,100,99957,200,100060,100,99956,100,100065,100,99947,100,100076,100,99943,100,100083,100,99940,100,100088,100,99925,100
2019-06-28 09:30:20.165677210,100009,256,99994,156,100021,351,99985,351,100044,251,99984,251,100052,100,99977,100,100058,100,99957,200,100060,100,99956,100,100065,100,99947,100,100076,100,99943,100,100083,100,99940,100,100088,100,99925,100
2019-06-28 09:30:29.532984439,100009,256,99994,156,100021,351,99985,351,100044,251,99984,251,100052,100,99977,100,100058,100,99957,200,100060,100,99956,100,100065,100,99947,100,100076,100,99943,100,100083,100,99940,100,100088,100,99925,100
2019-06-28 09:30:30.000000000,100009,558,99985,658,100021,200,99984,100,100044,100,99977,100,100052,100,99957,200,100058,100,99956,100,100060,100,99947,100,100065,100,99943,100,100076,100,99940,100,100083,100,99925,100,100088,100,99922,100
2019-06-28 09:30:40.000000000,100009,329,99985,429,100021,429,99984,329,100044,100,99977,100,100052,100,99957,200,100058,100,99956,100,100060,100,99947,100,100065,100,99943,100,100076,100,99940,100,100083,100,99925,100,100088,100,99922,100
2019-06-28 09:30:43.794010572,100009,329,99985,329,100021,429,99984,329,100044,100,99977,100,100052,100,99957,200,100058,100,99956,100,100060,100,99947,100,100065,100,99943,100,100076,100,99940,100,100083,100,99925,100,100088,100,99922,100
2019-06-28 09:30:45.185576887,100009,329,99985,329,100021,429,99984,329,100044,100,99977,100,100052,100,99957,200,100058,100,99956,100,100060,100,99947,100,100065,100,99943,100,100076,100,99940,100,100083,100,99925,100,100088,100,99922,100
2019-06-28 09:30:50.000000000,100009,192,99985,192,100021,292,99984,192,100044,192,99977,192,100052,192,99957,292,100058,192,99956,192,100060,100,99947,100,100065,100,99943,100,100076,100,99940,100,100083,100,99925,100,100088,100,99922,100
2019-06-28 09:30:50.938103149,100009,192,99985,192,100021,292,99984,192,100044,192,99977,192,100052,92,99957,292,100058,192,99956,192,100060,100,99947,100,100065,100,99943,100,100076,100,99940,100,100083,100,99925,100,100088,100,99922,100
2019-06-28 09:30:56.983532983,100009,192,99985,192,100021,292,99984,192,100044,192,99977,192,100052,92,99957,292,100058,192,99956,192,100060,100,99947,100,100065,100,99943,100,100076,100,99940,100,100083,100,99925,100,100088,100,99922,100
2019-06-28 09:31:00.000000000,100009,214,99985,214,100021,314,99984,214,100044,214,99977,214,100058,214,99957,314,100060,100,99956,100,100065,100,99947,100,100076,100,99943,100,100083,100,99940,100,100088,100,99925,100,100093,100,99922,100
2019-06-28 09:31:10.000000000,100009,558,99985,558,100021,200,99984,100,100044,100,99977,100,100058,100,99957,200,100060,100,99956,100,100065,100,99947,100,100076,100,99943,100,100083,100,99940,100,100088,100,99925,100,100093,100,99922,100
2019-06-28 09:31:11.515414808,99994,100,99985,458,100009,558,99984,100,100021,200,99977,100,100044,100,99957,200,100058,100,99956,100,100060,100,99947,100,100065,100,99943,100,100076,100,99940,100,100083,100,99925,100,100088,100,99922,100
2019-06-28 09:31:18.879477910,99994,100,99985,358,100009,558,99984,100,100021,200,99977,100,100044,100,99957,200,100058,100,99956,100,100060,100,99947,100,100065,100,99943,100,100076,100,99940,100,100083,100,99925,100,100088,100,99922,100
2019-06-28 09:31:20.000000000,99994,558,99984,558,100009,100,99977,100,100021,200,99957,200,100044,100,99956,100,100058,100,99947,100,100060,100,99943,100,100065,100,99940,100,100076,100,99925,100,100083,100,99922,100,100088,100,99917,100
2019-06-28 09:31:30.000000000,99994,192,99984,192,100009,192,99977,192,100021,292,99957,292,100044,192,99956,192,100058,192,99947,192,100060,100,99943,100,100065,100,99940,100,100076,100,99925,100,100083,100,99922,100,100088,100,99917,100
2019-06-28 09:31:40.000000000,99994,256,99984,256,100009,251,99977,251,100021,351,99957,351,100044,100,99956,100,100058,100,99947,100,100060,100,99943,100,100065,100,99940,100,100076,100,99925,100,100083,100,99922,100,100088,100,99917,100
2019-06-28 09:31:50.000000000,99994,214,99984,214,100009,214,99977,214,100021,314,99957,314,100044,214,99956,214,100058,100,99947,100,100060,100,99943,100,100065,100,99940,100,100076,100,99925,100,100083,100,99922,100,100088,100,99917,100
2019-06-28 09:31:55.870207489,99994,214,99984,214,100009,214,99977,214,100021,314,99957,314,100044,214,99956,214,100058,100,99947,100,100060,100,99943,100,100065,100,99940,100,100076,100,99925,100,100083,100,99922,100,100088,100,99917,100
2019-06-28 09:32:00.000000000,99994,192,99984,192,100009,192,99977,192,100021,292,99957,292,100044,192,99956,192,100058,192,99947,192,100060,100,99943,100,100065,100,99940,100,100076,100,99925,100,100083,100,99922,100,100088,100,99917,100
2019-06-28 09:32:08.582496266,99994,192,99984,192,100009,192,99977,192,100021,292,99957,292,100044,192,99956,192,100058,192,99947,192,100060,100,99943,100,100065,100,99940,100,100076,100,99925,100,100083,100,99922,100,100088,100,99917,100
2019-06-28 09:32:10.000000000,99994,192,99984,192,100009,192,99977,192,100021,292,99957,292,100044,192,99956,192,100058,192,99947,192,100060,100,99943,100,100065,100,99940,100,100076,100,99925,100,100083,100,99922,100,100088,100,99917,100
2019-06-28 09:32:11.464992488,99994,192,99984,92,100009,192,99977,192,100021,292,99957,292,100044,192,99956,192,100058,192,99947,192,100060,100,99943,100,100065,100,99940,100,100076,100,99925,100,100083,100,99922,100,100088,100,99917,100
2019-06-28 09:32:20.000000000,99994,256,99977,256,100009,251,99957,351,100021,351,99956,251,100044,100,99947,100,100058,100,99943,100,100060,100,99940,100,100065,100,99925,100,100076,100,99922,100,100083,100,99917,100,100088,100,99913,100
2019-06-28 09:32:30.000000000,99994,256,99977,256,100009,251,99957,351,100021,351,99956,251,100044,100,99947,100,100058,100,99943,100,100060,100,99940,100,100065,100,99925,100,100076,100,99922,100,100083,100,99917,100,100088,100,99913,100
2019-06-28 09:32:40.000000000,99994,256,99977,256,100009,251,99957,351,100021,351,99956,251,100044,100,99947,100,100058,100,99943,100,100060,100,99940,100,100065,100,99925,100,100076,100,99922,100,100083,100,99917,100,100088,100,99913,100
2019-06-28 09:32:50.000000000,99994,329,99977,329,100009,329,99957,429,100021,200,99956,100,100044,100,99947,100,100058,100,99943,100,100060,100,99940,100,100065,100,99925,100,100076,100,99922,100,100083,100,99917,100,100088,100,99913,100
2019-06-28 09:32:56.814939331,99994,329,99977,229,100009,329,99957,429,100021,200,99956,100,100044,100,99947,100,100058,100,99943,100,100060,100,99940,100,100065,100,99925,100,100076,100,99922,100,100083,100,99917,100,100088,100,99913,100
2019-06-28 09:32:56.959671055,99994,329,99977,129,100009,329,99957,429,100021,200,99956,100,100044,100,99947,100,100058,100,99943,100,100060,100,99940,100,100065,100,99925,100,100076,100,99922,100,100083,100,99917,100,100088,100,99913,100
2019-06-28 09:33:00.000000000,99994,214,99957,314,100009,214,99956,214,100021,314,99947,214,100044,214,99943,214,100058,100,99940,100,100060,100,99925,100,100065,100,99922,100,100076,100,99917,100,100083,100,99913,100,100088,100,99906,100
2019-06-28 09:33:02.446227664,99994,214,99957,214,100009,214,99956,214,100021,314,99947,214,100044,214,99943,214,100058,100,99940,100,100060,100,99925,100,100065,100,99922,100,100076,100,99917,100,100083,100,99913,100,100088,100,99906,100
2019-06-28 09:33:10.000000000,99994,558,99957,558,100009,100,99956,100,100021,200,99947,100,100044,100,99943,100,100058,100,99940,100,100060,100,99925,100,100065,100,99922,100,100076,100,99917,100,100083,100,99913,100,100088,100,99906,100
2019-06-28 09:33:20.000000000,99994,558,99957,558,100009,100,99956,100,100021,200,99947,100,100044,100,99943,100,100058,100,99940,100,100060,100,99925,100,100065,100,99922,100,100076,100,99917,100,100083,100,99913,100,100088,100,99906,100
2019-06-28 09:33:26.706896896,99994,558,99957,458,100009,100,99956,100,100021,200,99947,100,100044,100,99943,100,100058,100,99940,100,100060,100,99925,100,100065,100,99922,100,100076,100,99917,100,100083,100,99913,100,100088,100,99906,100
2019-06-28 09:33:30.000000000,99994,329,99956,329,100009,329,99947,329,100021,200,99943,100,100044,100,99940,100,100058,100,99925,100,100060,100,99922,100,100065,100,99917,100,100076,100,99913,100,100083,100,99906,100,100088,100,99894,100
2019-06-28 09:33:40.000000000,99994,558,99956,558,100009,100,99947,100,100021,200,99943,100,100044,100,99940,100,100058,100,99925,100,100060,100,99922,100,100065,100,99917,100,100076,100,99913,100,100083,100,99906,100,100088,100,99894,100
2019-06-28 09:33:50.000000000,99994,256,99956,256,100009,251,99947,251,100021,351,99943,251,100044,100,99940,100,100058,100,99925,100,100060,100,99922,100,100065,100,99917,100,100076,100,99913,100,100083,100,99906,100,100088,100,99894,100
2019-06-28 09:34:00.000000000,99994,256,99956,256,100009,251,99947,251,100021,351,99943,251,100044,100,99940,100,100058,100,99925,100,100060,100,99922,100,100065,100,99917,100,100076,100,99913,100,100083,100,99906,100,100088,100,99894,100
2019-06-28 09:34:09.646681761,99994,256,99956,256,100009,251,99947,251,100021,351,99943,251,100044,100,99940,100,100058,100,99925,100,100060,100,99922,100,100065,100,99917,100,100076,100,99913,100,100083,100,99906,100,100088,100,99894,100
2019-06-28 09:34:10.000000000,99994,192,99956,192,100009,192,99947,192,100021,292,99943,192,100044,192,99940,192,100058,192,99925,192,100060,100,99922,100,100065,100,99917,100,100076,100,99913,100,100083,100,99906,100,100088,100,99894,100
2019-06-28 09:34:20.000000000,99994,558,99956,558,100009,100,99947,100,100021,200,99943,100,100044,100,99940,100,100058,100,99925,100,100060,100,99922,100,100065,100,99917,100,100076,100,99913,100,100083,100,99906,100,100088,100,99894,100
2019-06-28 09:34:30.000000000,99994,558,99956,558,100009,100,99947,100,100021,200,99943,100,100044,100,99940,100,100058,100,99925,100,100060,100,99922,100,100065,100,99917,100,100076,100,99913,100,100083,100,99906,100,100088,100,99894,100
2019-06-28 09:34:32.897077224,99994,558,99956,558,100009,100,99947,100,100021,200,99943,100,100044,100,99940,100,100058,100,99925,100,100060,100,99922,100,100065,100,99917,100,100076,100,99913,100,100083,100,99906,100,100088,100,99894,100
2019-06-28 09:34:33.418780587,99994,558,99956,458,100009,100,99947,100,100021,200,99943,100,100044,100,99940,100,100058,100,99925,100,100060,100,99922,100,100076,100,99917,100,100083,100,99913,100,100088,100,99906,100,100093,100,99894,100
2019-06-28 09:34:40.000000000,99994,558,99947,558,100009,100,99943,100,100021,200,99940,100,100044,100,99925,100,100058,100,99922,100,100060,100,99917,100,100076,100,99913,100,100083,100,99906,100,100088,100,99894,100,100093,100,99892,100
2019-06-28 09:34:50.000000000,99994,558,99947,558,100009,100,99943,100,100021,200,99940,100,100044,100,99925,100,100058,100,99922,100,100060,100,99917,100,100076,100,99913,100,100083,100,99906,100,100088,100,99894,100,100093,100,99892,100
2019-06-28 09:34:58.089591692,99994,558,99947,558,100009,100,99943,100,100021,200,99940,100,100044,100,99925,100,100058,100,99922,100,100060,100,99917,100,100076,100,99913,100,100083,100,99906,100,100088,100,99894,100,100093,100,99892,100
2019-06-28 09:35:00.000000000,99994,214,99947,214,100009,214,99943,214,100021,314,99940,214,100044,214,99925,214,100058,100,99922,100,100060,100,99917,100,100076,100,99913,100,100083,100,99906,100,100088,100,99894,100,100093,100,99892,100
2019-06-28 09:35:10.000000000,99994,558,99947,558,100009,100,99943,100,100021,200,99940,100,100044,100,99925,100,100058,100,99922,100,100060,100,99917,100,100076,100,99913,100,100083,100,99906,100,100088,100,99894,100,100093,100,99892,100
2019-06-28 09:35:11.896214668,99957,100,99947,558,99994,558,99943,100,100021,200,99940,100,100044,100,99925,100,100058,100,99922,100,100060,100,99917,100,100076,100,99913,100,100083,100,99906,100,100088,100,99894,100,100093,100,99892,100
2019-06-28 09:35:17.810038090,99994,558,99947,558,100021,200,99943,100,100044,100,99940,100,100058,100,99925,100,100060,100,99922,100,100076,100,99917,100,100083,100,99913,100,100088,100,99906,100,100093,100,99894,100,100119,100,99892,100
2019-06-28 09:35:18.712912860,99994,558,99947,458,100021,200,99943,100,100044,100,99940,100,100058,100,99925,100,100060,100,99922,100,100076,100,99917,100,100083,100,99913,100,100088,100,99906,100,100093,100,99894,100,100119,100,99892,100
2019-06-28 09:35:20.000000000,99994,192,99943,192,100021,292,99940,192,100044,192,99925,192,100058,192,99922,192,100060,192,99917,192,100076,100,99913,100,100083,100,99906,100,100088,100,99894,100,100093,100,99892,100,100119,100,99888,200
2019-06-28 09:35:20.702479521,99994,192,99943,92,100021,292,99940,192,100044,192,99925,192,100058,192,99922,92,100060,192,99917,192,100076,100,99913,100,100083,100,99906,100,100088,100,99894,100,100093,100,99892,100,100119,100,99888,200
2019-06-28 09:35:22.939061742,99994,192,99943,92,100021,292,99940,192,100044,192,99925,192,100058,192,99922,92,100060,192,99917,192,100076,100,99913,100,100083,100,99906,100,100088,100,99894,100,100093,100,99892,100,100119,100,99888,200
2019-06-28 09:35:23.432676854,99943,8,99940,192,99994,192,99925,192,100021,292,99922,92,100044,192,99917,192,100058,192,99913,100,100060,192,99906,100,100076,100,99894,100,100083,100,99892,100,100088,100,99888,200,100093,100,99886,100
2019-06-28 09:35:27.545861919,99943,8,99940,92,99994,192,99925,192,100021,292,99922,92,100044,192,99917,192,100058,192,99913,100,100060,192,99906,100,100076,100,99894,100,100083,100,99892,100,100088,100,99888,200,100093,100,99886,100
2019-06-28 09:35:30.000000000,99943,100,99925,192,99994,192,99917,192,100021,292,99913,192,100044,192,99906,192,100058,192,99894,192,100060,100,99892,100,100076,100,99888,200,100083,100,99886,100,100088,100,99870,100,100093,100,99851,100
2019-06-28 09:35:32.458782795,99943,200,99925,192,99994,192,99917,192,100021,292,99913,192,100044,192,99906,192,100058,192,99894,192,100060,100,99892,100,100076,100,99888,200,100083,100,99886,100,100088,100,99870,100,100093,100,99851,100
2019-06-28 09:35:35.438403112,99943,200,99925,92,99994,192,99917,192,100021,292,99913,192,100044,192,99906,192,100058,192,99894,192,100060,100,99892,100,100076,100,99888,200,100083,100,99886,100,100088,100,99870,100,100093,100,99851,100
2019-06-28 09:35:36.535942161,99943,200,99925,92,99994,192,99917,192,100021,292,99913,192,100044,192,99906,192,100058,192,99894,192,100060,100,99892,100,100076,100,99888,200,100083,100,99886,100,100088,100,99870,100,100093,100,99851,100
2019-06-28 09:35:40.000000000,99943,566,99917,558,99994,100,99913,100,100021,200,99906,100,100044,100,99894,100,100058,100,99892,100,100060,100,99888,200,100076,100,99886,100,100083,100,99870,100,100088,100,99851,100,100093,100,99806,100
2019-06-28 09:35:46.976360052,99943,566,99917,458,99994,100,99913,100,100021,200,99906,100,100044,100,99894,100,100058,100,99892,100,100060,100,99888,200,100076,100,99886,100,100083,100,99870,100,100088,100,99851,100,100093,100,99806,100
2019-06-28 09:35:50.000000000,99943,566,99913,558,99994,100,99906,100,100021,200,99894,100,100044,100,99892,100,100058,100,99888,200,100060,100,99886,100,100076,100,99870,100,100083,100,99851,100,100088,100,99806,100,100093,100,99786,100
2019-06-28 09:35:55.108210285,99943,566,99913,558,99994,100,99906,100,100021,200,99894,100,100044,100,99892,100,100058,100,99888,200,100060,100,99886,100,100076,100,99870,100,100083,100,99851,100,100088,100,99806,100,100093,100,99786,100
2019-06-28 09:36:00.000000000,99943,200,99913,192,99994,192,99906,192,100021,292,99894,192,100044,192,99892,192,100058,192,99888,292,100060,100,99886,100,100076,100,99870,100,100083,100,99851,100,100088,100,99806,100,100093,100,99786,100
2019-06-28 09:36:05.151053876,99943,200,99913,192,99994,192,99906,192,100021,292,99894,192,100044,192,99892,192,100058,192,99888,292,100060,100,99886,100,100076,100,99870,100,100083,100,99851,100,100088,100,99806,100,100093,100,99786,100
2019-06-28 09:36:10.000000000,99943,566,99913,558,99994,100,99906,100,100021,200,99894,100,100044,100,99892,100,100058,100,99888,200,100060,100,99886,100,100076,100,99870,100,100083,100,99851,100,100088,100,99806,100,100093,100,99786,100
2019-06-28 09:36:15.758639573,99943,566,99913,458,99994,100,99906,100,100021,200,99894,100,100044,100,99892,100,100058,100,99888,200,100060,100,99886,100,100076,100,99870,100,100083,100,99851,100,100093,100,99806,100,100119,100,99786,100
2019-06-28 09:36:20.000000000,99943,222,99906,214,99994,214,99894,214,100021,314,99892,214,100044,214,99888,314,100058,100,99886,100,100060,100,99870,100,100076,100,99851,100,100083,100,99806,100,100093,100,99786,100,100119,100,99433,100
2019-06-28 09:36:21.752441883,99917,100,99906,214,99943,222,99894,214,99994,214,99892,214,100021,314,99888,314,100044,214,99886,100,100058,100,99870,100,100060,100,99851,100,100076,100,99806,100,100083,100,99786,100,100093,100,99433,100
2019-06-28 09:36:30.000000000,99917,192,99906,192,99943,200,99894,192,99994,192,99892,192,100021,292,99888,292,100044,192,99886,192,100058,100,99870,100,100060,100,99851,100,100076,100,99806,100,100083,100,99786,100,100093,100,99433,100
2019-06-28 09:36:30.792709221,99917,192,99906,92,99943,200,99894,192,99994,192,99892,192,100021,292,99888,292,100044,192,99886,192,100058,100,99870,100,100060,100,99851,100,100076,100,99806,100,100083,100,99786,100,100093,100,99433,100
2019-06-28 09:36:35.204229030,99917,192,99906,92,99943,200,99894,192,99994,192,99892,192,100021,292,99888,292,100044,192,99886,192,100058,100,99851,100,100060,100,99806,100,100076,100,99786,100,100083,100,99433,100,100093,100,99429,100
2019-06-28 09:36:36.658928746,99917,192,99906,92,99943,200,99894,92,99994,192,99892,192,100021,292,99888,292,100044,192,99886,192,100058,100,99851,100,100060,100,99806,100,100076,100,99786,100,100083,100,99433,100,100093,100,99429,100
2019-06-28 09:36:37.332210039,99913,100,99906,92,99917,192,99894,92,99943,200,99892,192,99994,192,99888,292,100021,292,99886,192,100044,192,99851,100,100058,100,99806,100,100060,100,99786,100,100076,100,99433,100,100083,100,99429,100
2019-06-28 09:36:40.000000000,99913,256,99892,256,99917,251,99888,351,99943,259,99886,251,99994,100,99851,100,100021,200,99806,100,100044,100,99786,100,100058,100,99433,100,100060,100,99429,100,100076,100,99325,100,100083,100,99314,100
2019-06-28 09:36:42.726946136,99913,256,99892,156,99917,251,99888,351,99943,259,99886,251,99994,100,99851,100,100021,200,99806,100,100044,100,99786,100,100058,100,99433,100,100060,100,99429,100,100076,100,99325,100,100083,100,99314,100
2019-06-28 09:36:50.000000000,99913,329,99888,429,99917,329,99886,329,99943,108,99851,100,99994,100,99806,100,100021,200,99786,100,100044,100,99433,100,100058,100,99429,100,100060,100,99325,100,100076,100,99314,100,100083,100,99287,100
2019-06-28 09:37:00.000000000,99913,192,99888,292,99917,192,99886,192,99943,200,99851,192,99994,192,99806,192,100021,292,99786,192,100044,100,99433,100,100058,100,99429,100,100060,100,99325,100,100076,100,99314,100,100083,100,99287,100
2019-06-28 09:37:10.000000000,99913,256,99888,356,99917,251,99886,251,99943,259,99851,251,99994,100,99806,100,100021,200,99786,100,100044,100,99433,100,100058,100,99429,100,100060,100,99325,100,100076,100,99314,100,100083,100,99287,100
2019-06-28 09:37:20.000000000,99913,329,99888,429,99917,329,99886,329,99943,108,99851,100,99994,100,99806,100,100021,200,99786,100,100044,100,99433,100,100058,100,99429,100,100060,100,99325,100,100076,100,99314,100,100083,100,99287,100
2019-06-28 09:37:30.000000000,99913,214,99888,314,99917,214,99886,214,99943,222,99851,214,99994,214,99806,214,100021,200,99786,100,100044,100,99433,100,100058,100,99429,100,100060,100,99325,100,100076,100,99314,100,100083,100,99287,100
2019-06-28 09:37:40.000000000,99913,214,99888,314,99917,214,99886,214,99943,222,99851,214,99994,214,99806,214,100021,200,99786,100,100044,100,99433,100,100058,100,99429,100,100060,100,99325,100,100076,100,99314,100,100083,100,99287,100
2019-06-28 09:37:40.116437049,99906,100,99888,314,99913,214,99886,214,99917,214,99851,214,99943,222,99806,214,99994,214,99786,100,100021,200,99433,100,100044,100,99429,100,100058,100,99325,100,100060,100,99314,100,100076,100,99287,100
2019-06-28 09:37:43.722882245,99906,100,99888,314,99913,214,99886,214,99917,214,99851,214,99943,222,99806,214,99994,214,99786,100,100021,200,99433,100,100044,100,99429,100,100058,100,99325,100,100060,100,99314,100,100076,100,99287,100
2019-06-28 09:37:50.000000000,99906,256,99888,356,99913,251,99886,251,99917,251,99851,251,99943,108,99806,100,99994,100,99786,100,100021,200,99433,100,100044,100,99429,100,100058,100,99325,100,100060,100,99314,100,100076,100,99287,100
2019-06-28 09:37:57.888863454,99906,256,99888,256,99913,251,99886,251,99917,251,99851,251,99943,108,99806,100,99994,100,99786,100,100021,200,99433,100,100044,100,99429,100,100058,100,99325,100,100060,100,99314,100,100076,100,99287,100
2019-06-28 09:38:00.000000000,99906,329,99888,329,99913,329,99886,329,99917,100,99851,100,99943,108,99806,100,99994,100,99786,100,100021,200,99433,100,100044,100,99429,100,100058,100,99325,100,100060,100,99314,100,100076,100,99287,100
2019-06-28 09:38:01.940486061,99906,329,99888,329,99913,329,99886,329,99917,100,99851,100,99943,108,99806,100,99994,100,99786,100,100021,100,99433,100,100044,100,99429,100,100058,100,99325,100,100060,100,99319,100,100076,100,99314,100
2019-06-28 09:38:02.848419631,99906,329,99888,229,99913,329,99886,329,99917,100,99851,100,99943,108,99806,100,99994,100,99786,100,100021,100,99433,100,100044,100,99325,100,100058,100,99319,100,100060,100,99314,100,100076,100,99287,100
2019-06-28 09:38:10.000000000,99906,329,99886,329,99913,329,99851,329,99917,100,99806,100,99943,108,99786,100,99994,100,99433,100,100021,100,99325,100,100044,100,99319,100,100058,100,99314,100,100060,100,99287,100,100076,100,99119,100
2019-06-28 09:38:20.000000000,99906,192,99886,192,99913,192,99851,192,99917,192,99806,192,99943,200,99786,192,99994,192,99433,192,100021,100,99325,100,100044,100,99319,100,100058,100,99314,100,100060,100,99287,100,100076,100,99119,100
2019-06-28 09:38:20.958362141,99906,192,99886,92,99913,192,99851,192,99917,192,99806,192,99943,200,99786,192,99994,192,99433,192,100021,100,99325,100,100044,100,99319,100,100058,100,99314,100,100060,100,99287,100,100076,100,99119,100
2019-06-28 09:38:24.806023330,99886,8,99851,192,99906,192,99806,192,99913,192,99786,192,99917,192,99433,192,99943,200,99325,100,99994,192,99319,100,100021,100,99314,100,100044,100,99287,100,100058,100,99119,100,100060,100,99113,100
2019-06-28 09:38:30.000000000,99886,100,99851,192,99906,192,99806,192,99913,192,99786,192,99917,192,99433,192,99943,200,99325,192,99994,100,99319,100,100021,100,99314,100,100044,100,99287,100,100058,100,99119,100,100060,100,99113,100
2019-06-28 09:38:32.204547544,99886,100,99851,92,99906,192,99806,192,99913,192,99786,192,99917,192,99433,192,99943,200,99325,192,99994,100,99319,100,100021,100,99314,100,100044,100,99287,100,100058,100,99119,100,100060,100,99113,100
2019-06-28 09:38:40.000000000,99886,100,99806,192,99906,192,99786,192,99913,192,99433,192,99917,192,99325,192,99943,200,99319,192,99994,100,99314,100,100021,100,99287,100,100044,100,99119,100,100058,100,99113,100,100060,100,98939,100
2019-06-28 09:38:41.553422357,99886,100,99806,92,99906,192,99786,92,99913,192,99433,192,99917,192,99325,192,99943,200,99319,192,99994,100,99314,100,100021,100,99287,100,100044,100,99119,100,100058,100,99113,100,100060,100,98939,100
2019-06-28 09:38:44.613441368,99886,100,99806,92,99906,192,99786,92,99913,192,99433,192,99917,192,99325,192,99943,200,99319,192,99994,100,99314,100,100021,100,99287,100,100044,100,99119,100,100060,100,99113,100,100076,100,99067,100
2019-06-28 09:38:50.000000000,99886,122,99433,214,99906,214,99325,214,99913,214,99319,214,99917,214,99314,214,99943,108,99287,100,99994,100,99119,100,100021,100,99113,100,100044,100,99067,100,100060,100,98939,100,100076,100,,
2019-06-28 09:38:52.519795455,99886,122,99433,214,99906,214,99325,214,99913,214,99319,214,99917,214,99314,214,99943,108,99287,100,99994,100,99119,100,100021,100,99113,100,100044,100,99067,100,100060,100,98939,100,100076,100,98903,100
2019-06-28 09:39:00.000000000,99886,466,99433,558,99906,100,99325,100,99913,100,99319,100,99917,100,99314,100,99943,108,99287,100,99994,100,99119,100,100021,100,99113,100,100044,100,99067,100,100060,100,98939,100,100076,100,98903,100
2019-06-28 09:39:09.122268584,99886,466,99433,558,99906,100,99325,100,99913,100,99319,100,99917,100,99314,100,99943,108,99287,100,99994,100,99119,100,100021,100,99113,100,100044,100,99067,100,100060,100,98939,100,100076,100,98903,100
2019-06-28 09:39:10.000000000,99886,164,99433,256,99906,251,99325,251,99913,251,99319,251,99917,100,99314,100,99943,108,99287,100,99994,100,99119,100,100021,100,99113,100,100044,100,99067,100,100060,100,98939,100,100076,100,98903,100
2019-06-28 09:39:13.788861516,99851,100,99433,256,99886,164,99325,251,99906,251,99319,251,99913,251,99314,100,99917,100,99287,100,99943,108,99119,100,99994,100,99113,100,100021,100,99067,100,100044,100,98939,100,100060,100,98903,100
2019-06-28 09:39:20.000000000,99851,214,99433,214,99886,122,99325,214,99906,214,99319,214,99913,214,99314,214,99917,100,99287,100,99943,108,99119,100,99994,100,99113,100,100021,100,99067,100,100044,100,98939,100,100060,100,98903,100
2019-06-28 09:39:30.000000000,99851,329,99433,329,99886,237,99325,329,99906,100,99319,100,99913,100,99314,100,99917,100,99287,100,99943,108,99119,100,99994,100,99113,100,100021,100,99067,100,100044,100,98939,100,100060,100,98903,100
2019-06-28 09:39:34.517783787,99851,329,99433,329,99886,237,99325,329,99906,100,99319,100,99913,100,99314,100,99917,100,99287,100,99943,108,99119,100,99994,100,99113,100,100021,100,99067,100,100044,100,98939,100,100060,100,98937,100
2019-06-28 09:39:40.000000000,99851,558,99433,558,99886,8,99325,100,99906,100,99319,100,99913,100,99314,100,99917,100,99287,100,99943,108,99119,100,99994,100,99113,100,100021,100,99067,100,100044,100,98939,100,100060,100,98937,100
2019-06-28 09:39:50.000000000,99851,256,99433,256,99886,159,99325,251,99906,251,99319,251,99913,100,99314,100,99917,100,99287,100,99943,108,99119,100,99994,100,99113,100,100021,100,99067,100,100044,100,98939,100,100060,100,98937,100
2019-06-28 09:40:00.000000000,99851,256,99433,256,99886,159,99325,251,99906,251,99319,251,99913,100,99314,100,99917,100,99287,100,99943,108,99119,100,99994,100,99113,100,100021,100,99067,100,100044,100,98939,100,100060,100,98937,100
2019-06-28 09:40:10.000000000,99851,558,99433,558,99886,8,99325,100,99906,100,99319,100,99913,100,99314,100,99917,100,99287,100,99943,108,99119,100,99994,100,99113,100,100021,100,99067,100,100044,100,98939,100,100060,100,98937,100
2019-06-28 09:40:12.250452131,99851,558,99433,458,99886,8,99325,100,99906,100,99319,100,99913,100,99314,100,99917,100,99287,100,99943,108,99119,100,99994,100,99113,100,100021,100,99067,100,100044,100,98939,100,100060,100,98937,100
2019-06-28 09:40:20.000000000,99851,256,99325,256,99886,159,99319,251,99906,251,99314,251,99913,100,99287,100,99917,100,99119,100,99943,108,99113,100,99994,100,99067,100,100021,100,98939,100,100044,100,98937,100,100060,100,98903,100
2019-06-28 09:40:27.756067588,99851,256,99325,156,99886,159,99319,251,99906,251,99314,251,99913,100,99287,100,99917,100,99119,100,99943,108,99113,100,99994,100,99067,100,100021,100,98939,100,100044,100,98937,100,100060,100,98903,100
2019-06-28 09:40:30.000000000,99851,256,99319,256,99886,159,99314,251,99906,251,99287,251,99913,100,99119,100,99917,100,99113,100,99943,108,99067,100,99994,100,98939,100,100021,100,98937,100,100044,100,98903,100,100060,100,98876,100
2019-06-28 09:40:40.000000000,99851,256,99319,256,99886,159,99314,251,99906,251,99287,251,99913,100,99119,100,99917,100,99113,100,99943,108,99067,100,99994,100,98939,100,100021,100,98937,100,100044,100,98903,100,100060,100,98876,100
2019-06-28 09:40:45.379991388,99851,256,99319,256,99886,159,99314,251,99906,251,99287,251,99913,100,99119,100,99917,100,99113,100,99943,108,99067,100,99994,100,98939,100,100021,100,98937,100,100044,100,98903,100,100060,100,98876,100
2019-06-28 09:40:50.000000000,99851,558,99319,558,99886,8,99314,100,99906,100,99287,100,99913,100,99119,100,99917,100,99113,100,99943,108,99067,100,99994,100,98939,100,100021,100,98937,100,100044,100,98903,100,100060,100,98876,100
2019-06-28 09:40:57.018090927,99851,558,99319,558,99886,8,99314,100,99906,100,99287,100,99913,100,99119,100,99917,100,99113,100,99943,108,99067,100,99994,100,98939,100,100021,100,98937,100,100044,100,98903,100,100060,100,98876,100
2019-06-28 09:41:00.000000000,99851,214,99319,214,99886,122,99314,214,99906,214,99287,214,99913,214,99119,214,99917,100,99113,100,99943,108,99067,100,99994,100,98939,100,100021,100,98937,100,100044,100,98903,100,100060,100,98876,100
2019-06-28 09:41:03.543102065,99851,214,99319,214,99886,122,99314,214,99906,214,99287,214,99913,214,99230,100,99917,100,99119,214,99943,108,99113,100,99994,100,99067,100,100021,100,98939,100,100044,100,98937,100,100060,100,98903,100
2019-06-28 09:41:10.000000000,99851,192,99319,192,99886,100,99314,192,99906,192,99287,192,99913,192,99230,192,99917,192,99119,192,99943,108,99113,100,99994,100,99067,100,100021,100,98939,100,100044,100,98937,100,100060,100,98903,100
2019-06-28 09:41:20.000000000,99851,256,99319,256,99886,159,99314,251,99906,251,99287,251,99913,100,99230,100,99917,100,99119,100,99943,108,99113,100,99994,100,99067,100,100021,100,98939,100,100044,100,98937,100,100060,100,98903,100
2019-06-28 09:41:21.839780224,99851,256,99319,156,99886,159,99314,251,99906,251,99287,251,99913,100,99230,100,99917,100,99119,100,99943,108,99113,100,99994,100,98939,100,100021,100,98937,100,100044,100,98903,100,100060,100,98876,100
2019-06-28 09:41:30.000000000,99851,256,99314,256,99886,159,99287,251,99906,251,99230,251,99913,100,99119,100,99917,100,99113,100,99943,108,98939,100,99994,100,98937,100,100021,100,98903,100,100044,100,98876,100,100060,100,98868,100
2019-06-28 09:41:40.000000000,99851,558,99314,558,99886,8,99287,100,99906,100,99230,100,99913,100,99119,100,99917,100,99113,100,99943,108,98939,100,99994,100,98937,100,100021,100,98903,100,100044,100,98876,100,100060,100,98868,100
2019-06-28 09:41:50.000000000,99851,192,99314,192,99886,100,99287,192,99906,192,99230,192,99913,192,99119,192,99917,192,99113,192,99943,108,98939,100,99994,100,98937,100,100021,100,98903,100,100044,100,98876,100,100060,100,98868,100
2019-06-28 09:41:53.915117451,99851,192,99314,192,99886,100,99287,192,99906,192,99230,192,99913,92,99119,192,99917,192,99113,192,99943,108,98939,100,99994,100,98937,100,100021,100,98903,100,100044,100,98876,100,100060,100,98868,100
2019-06-28 09:42:00.000000000,99851,256,99314,256,99886,159,99287,251,99906,251,99230,251,99917,100,99119,100,99943,108,99113,100,99994,100,98939,100,100021,100,98937,100,100044,100,98903,100,100060,100,98876,100,100076,100,98868,100
2019-06-28 09:42:01.780873673,99851,256,99314,256,99886,159,99287,251,99906,251,99230,251,99917,100,99119,100,99943,108,99113,100,99994,100,98939,100,100044,100,98937,100,100060,100,98903,100,100076,100,98876,100,100093,100,98868,100
2019-06-28 09:42:10.000000000,99851,192,99314,192,99886,100,99287,192,99906,192,99230,192,99917,192,99119,192,99943,200,99113,192,99994,100,98939,100,100044,100,98937,100,100060,100,98903,100,100076,100,98876,100,100093,100,98868,100
2019-06-28 09:42:20.000000000,99851,214,99314,214,99886,122,99287,214,99906,214,99230,214,99917,214,99119,214,99943,108,99113,100,99994,100,98939,100,100044,100,98937,100,100060,100,98903,100,100076,100,98876,100,100093,100,98868,100
2019-06-28 09:42:30.000000000,99851,214,99314,214,99886,122,99287,214,99906,214,99230,214,99917,214,99119,214,99943,108,99113,100,99994,100,98939,100,100044,100,98937,100,100060,100,98903,100,100076,100,98876,100,100093,100,98868,100
2019-06-28 09:42:40.000000000,99851,256,99314,256,99886,159,99287,251,99906,251,99230,251,99917,100,99119,100,99943,108,99113,100,99994,100,98939,100,100044,100,98937,100,100060,100,98903,100,100076,100,98876,100,100093,100,98868,100
2019-06-28 09:42:50.000000000,99851,214,99314,214,99886,122,99287,214,99906,214,99230,214,99917,214,99119,214,99943,108,99113,100,99994,100,98939,100,100044,100,98937,100,100060,100,98903,100,100076,100,98876,100,100093,100,98868,100
2019-06-28 09:42:59.030289817,99851,214,99846,100,99886,122,99314,214,99906,214,99287,214,99917,214,99230,214,99943,108,99119,214,99994,100,99113,100,100044,100,98939,100,100060,100,98937,100,100076,100,98903,100,100093,100,98876,100
2019-06-28 09:43:00.000000000,99851,192,99846,192,99886,100,99314,192,99906,192,99287,192,99917,192,99230,192,99943,200,99119,192,99994,100,99113,100,100044,100,98939,100,100060,100,98937,100,100076,100,98903,100,100093,100,98876,100
2019-06-28 09:43:02.738468358,99851,192,99846,192,99886,100,99314,192,99906,192,99287,192,99917,192,99230,192,99943,200,99119,192,99994,100,99113,100,100044,100,98939,100,100060,100,98937,100,100076,100,98903,100,100093,100,98868,100
2019-06-28 09:43:10.000000000,99851,558,99846,558,99886,8,99314,100,99906,100,99287,100,99917,100,99230,100,99943,108,99119,100,99994,100,99113,100,100044,100,98939,100,100060,100,98937,100,100076,100,98903,100,100093,100,98868,100
2019-06-28 09:43:18.139749986,99851,558,99846,558,99886,8,99326,100,99906,100,99314,100,99917,100,99287,100,99943,108,99230,100,99994,100,99119,100,100044,100,99113,100,100060,100,98939,100,100076,100,98937,100,100093,100,98903,100
2019-06-28 09:43:18.953824744,99851,558,99846,558,99886,8,99825,100,99906,100,99326,100,99917,100,99314,100,99943,108,99287,100,99994,100,99230,100,100044,100,99119,100,100060,100,99113,100,100076,100,98939,100,100093,100,98937,100
2019-06-28 09:43:20.000000000,99851,256,99846,256,99886,159,99825,251,99906,251,99326,251,99917,100,99314,100,99943,108,99287,100,99994,100,99230,100,100044,100,99119,100,100060,100,99113,100,100076,100,98939,100,100093,100,98937,100
2019-06-28 09:43:24.968007762,99851,256,99846,256,99886,159,99825,251,99906,251,99326,251,99917,100,99314,100,99943,208,99287,100,99994,100,99230,100,100044,100,99119,100,100060,100,99113,100,100076,100,98939,100,100093,100,98937,100
2019-06-28 09:43:30.000000000,99851,256,99846,256,99886,159,99825,251,99906,251,99326,251,99917,100,99314,100,99943,208,99287,100,99994,100,99230,100,100044,100,99119,100,100060,100,99113,100,100076,100,98939,100,100093,100,98937,100
2019-06-28 09:43:40.000000000,99851,256,99846,256,99886,159,99825,251,99906,251,99326,251,99917,100,99314,100,99943,208,99287,100,99994,100,99230,100,100044,100,99119,100,100060,100,99113,100,100076,100,98939,100,100093,100,98937,100
2019-06-28 09:43:46.065686841,99851,156,99846,256,99886,159,99825,251,99906,251,99326,251,99917,100,99314,100,99943,208,99287,100,99994,100,99230,100,100044,100,99119,100,100060,100,99113,100,100076,100,98939,100,100093,100,98937,100
2019-06-28 09:43:50.000000000,99886,122,99846,214,99906,214,99825,214,99917,214,99326,214,99943,322,99314,214,99994,100,99287,100,100044,100,99230,100,100060,100,99119,100,100076,100,99113,100,100093,100,98939,100,100119,100,98937,100
2019-06-28 09:43:50.544832377,99886,122,99846,214,99906,214,99825,214,99917,214,99326,214,99943,322,99314,214,99994,100,99287,100,100044,100,99230,100,100076,100,99119,100,100093,100,99113,100,100119,100,98939,100,100131,100,98937,100
2019-06-28 09:44:00.000000000,99886,122,99846,214,99906,214,99825,214,99917,214,99326,214,99943,322,99314,214,99994,100,99287,100,100044,100,99230,100,100076,100,99119,100,100093,100,99113,100,100119,100,98939,100,100131,100,98937,100
2019-06-28 09:44:10.000000000,99886,237,99846,329,99906,329,99825,329,99917,100,99326,100,99943,208,99314,100,99994,100,99287,100,100044,100,99230,100,100076,100,99119,100,100093,100,99113,100,100119,100,98939,100,100131,100,98937,100
2019-06-28 09:44:10.876405947,99886,237,99846,329,99906,329,99825,329,99917,100,99326,100,99943,208,99314,100,99994,100,99287,100,100044,100,99230,100,100076,100,99119,100,100093,100,99113,100,100119,100,98939,100,100131,100,98937,100
2019-06-28 09:44:20.000000000,99886,122,99846,214,99906,214,99825,214,99917,214,99326,214,99943,322,99314,214,99994,100,99287,100,100044,100,99230,100,100076,100,99119,100,100093,100,99113,100,100119,100,98939,100,100131,100,98937,100
2019-06-28 09:44:20.288525634,99886,114,99846,214,99906,214,99825,214,99917,214,99326,214,99943,322,99314,214,99978,100,99287,100,99994,100,99230,100,100044,100,99119,100,100076,100,99113,100,100093,100,98939,100,100119,100,98937,100
2019-06-28 09:44:30.000000000,99906,558,99846,558,99917,100,99825,100,99943,208,99326,100,99978,100,99314,100,99994,100,99287,100,100044,100,99230,100,100076,100,99119,100,100093,100,99113,100,100119,100,98939,100,100131,100,98937,100
2019-06-28 09:44:30.230886474,99906,558,99846,458,99917,100,99825,100,99943,208,99326,100,99978,100,99314,100,99994,100,99287,100,100044,100,99230,100,100076,100,99119,100,100093,100,99113,100,100094,100,98939,100,100119,100,98937,100
2019-06-28 09:44:40.000000000,99906,192,99825,192,99917,192,99326,192,99943,300,99314,192,99978,192,99287,192,99994,192,99230,192,100044,100,99119,100,100076,100,99113,100,100093,100,98939,100,100094,100,98937,100,100119,100,98903,100
2019-06-28 09:44:50.000000000,99906,214,99825,214,99917,214,99326,214,99943,322,99314,214,99978,214,99287,214,99994,100,99230,100,100044,100,99119,100,100076,100,99113,100,100093,100,98939,100,100094,100,98937,100,100119,100,98903,100
2019-06-28 09:45:00.000000000,99906,192,99825,192,99917,192,99326,192,99943,300,99314,192,99978,192,99287,192,99994,192,99230,192,100044,100,99119,100,100076,100,99113,100,100093,100,98939,100,100094,100,98937,100,100119,100,98903,100
2019-06-28 09:45:07.241990091,99906,192,99825,192,99917,192,99327,100,99943,200,99326,192,99978,192,99314,192,99994,192,99287,192,100044,100,99230,192,100076,100,99119,100,100093,100,99113,100,100094,100,98939,100,100119,100,98937,100
2019-06-28 09:45:10.000000000,99906,192,99825,192,99917,192,99327,192,99943,200,99326,192,99978,192,99314,192,99994,192,99287,192,100044,100,99230,100,100076,100,99119,100,100093,100,99113,100,100094,100,98939,100,100119,100,98937,100
2019-06-28 09:45:20.000000000,99906,558,99825,558,99917,100,99327,100,99943,108,99326,100,99978,100,99314,100,99994,100,99287,100,100044,100,99230,100,100076,100,99119,100,100093,100,99113,100,100094,100,98939,100,100119,100,98937,100
2019-06-28 09:45:29.075383238,99906,558,99847,100,99917,100,99825,558,99943,108,99327,100,99978,100,99326,100,99994,100,99314,100,100044,100,99287,100,100076,100,99230,100,100093,100,99119,100,100094,100,99113,100,100119,100,98939,100
2019-06-28 09:45:30.000000000,99906,214,99847,214,99917,214,99825,214,99943,222,99327,214,99978,214,99326,214,99994,100,99314,100,100044,100,99287,100,100076,100,99230,100,100093,100,99119,100,100094,100,99113,100,100119,100,98939,100
2019-06-28 09:45:40.000000000,99906,558,99847,558,99917,100,99825,100,99943,108,99327,100,99978,100,99326,100,99994,100,99314,100,100044,100,99287,100,100076,100,99230,100,100093,100,99119,100,100094,100,99113,100,100119,100,98939,100
2019-06-28 09:45:42.169879928,99906,558,99847,558,99917,100,99825,100,99943,108,99327,200,99978,100,99326,100,99994,100,99314,100,100044,100,99287,100,100076,100,99230,100,100093,100,99119,100,100094,100,99113,100,100119,100,98939,100
2019-06-28 09:45:50.000000000,99906,256,99847,256,99917,251,99825,251,99943,259,99327,351,99978,100,99326,100,99994,100,99314,100,100044,100,99287,100,100076,100,99230,100,100093,100,99119,100,100094,100,99113,100,100119,100,98939,100
2019-06-28 09:46:00.000000000,99906,256,99847,256,99917,251,99825,251,99943,259,99327,351,99978,100,99326,100,99994,100,99314,100,100044,100,99287,100,100076,100,99230,100,100093,100,99119,100,100094,100,99113,100,100119,100,98939,100
2019-06-28 09:46:05.228868241,99906,256,99847,256,99917,251,99825,251,99943,259,99327,351,99978,100,99326,100,99994,100,99314,100,100044,100,99287,100,100076,100,99230,100,100093,100,99119,100,100094,100,99113,100,100119,100,98939,100
2019-06-28 09:46:10.000000000,99906,558,99847,558,99917,100,99825,100,99943,108,99327,200,99978,100,99326,100,99994,100,99314,100,100044,100,99287,100,100076,100,99230,100,100093,100,99119,100,100094,100,99113,100,100119,100,98939,100
2019-06-28 09:46:20.000000000,99906,558,99847,558,99917,100,99825,100,99943,108,99327,200,99978,100,99326,100,99994,100,99314,100,100044,100,99287,100,100076,100,99230,100,100093,100,99119,100,100094,100,99113,100,100119,100,98939,100
2019-06-28 09:46:21.881721100,99906,558,99847,558,99917,100,99825,100,99943,108,99327,200,99978,100,99326,100,99994,100,99314,100,100044,100,99287,100,100076,100,99230,100,100093,100,99119,100,100094,100,99113,100,100119,100,98939,100
2019-06-28 09:46:23.943382345,99906,558,99847,558,99917,100,99825,100,99943,108,99327,200,99978,100,99326,100,99994,100,99314,100,100044,100,99230,100,100076,100,99119,100,100093,100,99113,100,100094,100,98939,100,100119,100,98937,100
2019-06-28 09:46:30.000000000,99906,558,99847,558,99917,100,99825,100,99943,108,99327,200,99978,100,99326,100,99994,100,99314,100,100044,100,99230,100,100076,100,99119,100,100093,100,99113,100,100094,100,98939,100,100119,100,98937,100
2019-06-28 09:46:39.268236871,99906,558,99847,558,99917,100,99327,200,99943,108,99326,100,99978,100,99314,100,99994,100,99230,100,100044,100,99119,100,100076,100,99113,100,100093,100,98939,100,100094,100,98937,100,100119,100,98903,100
2019-06-28 09:46:40.000000000,99906,329,99847,329,99917,329,99327,429,99943,108,99326,100,99978,100,99314,100,99994,100,99230,100,100044,100,99119,100,100076,100,99113,100,100093,100,98939,100,100094,100,98937,100,100119,100,98903,100
2019-06-28 09:46:50.000000000,99906,214,99847,214,99917,214,99327,314,99943,222,99326,214,99978,214,99314,214,99994,100,99230,100,100044,100,99119,100,100076,100,99113,100,100093,100,98939,100,100094,100,98937,100,100119,100,98903,100
2019-06-28 09:47:00.000000000,99906,558,99847,558,99917,100,99327,200,99943,108,99326,100,99978,100,99314,100,99994,100,99230,100,100044,100,99119,100,100076,100,99113,100,100093,100,98939,100,100094,100,98937,100,100119,100,98903,100
2019-06-28 09:47:10.000000000,99906,558,99847,558,99917,100,99327,200,99943,108,99326,100,99978,100,99314,100,99994,100,99230,100,100044,100,99119,100,100076,100,99113,100,100093,100,98939,100,100094,100,98937,100,100119,100,98903,100
2019-06-28 09:47:20.000000000,99906,558,99847,558,99917,100,99327,200,99943,108,99326,100,99978,100,99314,100,99994,100,99230,100,100044,100,99119,100,100076,100,99113,100,100093,100,98939,100,100094,100,98937,100,100119,100,98903,100
2019-06-28 09:47:30.000000000,99906,192,99847,192,99917,192,99327,292,99943,200,99326,192,99978,192,99314,192,99994,192,99230,192,100044,100,99119,100,100076,100,99113,100,100093,100,98939,100,100094,100,98937,100,100119,100,98903,100
2019-06-28 09:47:37.898806075,99906,192,99847,192,99917,192,99327,292,99943,200,99326,192,99978,192,99314,192,99994,192,99230,192,100044,100,99119,100,100076,100,99113,100,100093,100,98939,100,100094,100,98937,100,100119,100,98903,100
2019-06-28 09:47:40.000000000,99906,214,99847,214,99917,214,99327,314,99943,222,99326,214,99978,214,99314,214,99994,100,99230,100,100044,100,99119,100,100076,100,99113,100,100093,100,98939,100,100094,100,98937,100,100119,100,98903,100
2019-06-28 09:47:43.300297533,99906,214,99847,214,99917,214,99327,314,99943,222,99326,214,99978,214,99314,214,99994,100,99230,100,100044,100,99119,100,100076,100,98939,100,100093,100,98937,100,100094,100,98903,100,100119,100,98868,100
2019-06-28 09:47:50.000000000,99906,558,99847,558,99917,100,99327,200,99943,108,99326,100,99978,100,99314,100,99994,100,99230,100,100044,100,99119,100,100076,100,98939,100,100093,100,98937,100,100094,100,98903,100,100119,100,98868,100
2019-06-28 09:47:54.504919788,99906,558,99847,558,99917,100,99327,200,99943,108,99326,100,99978,100,99314,100,99994,100,99230,100,100044,100,99119,100,100076,100,98939,100,100093,100,98937,100,100094,100,98903,100,100119,100,98868,100
2019-06-28 09:47:54.731716527,99906,458,99847,558,99917,100,99327,200,99943,108,99326,100,99978,100,99314,100,99994,100,99230,100,100044,100,99119,100,100076,100,98939,100,100093,100,98937,100,100094,100,98903,100,100119,100,98868,100
2019-06-28 09:48:00.000000000,99917,256,99847,256,99943,259,99327,351,99978,251,99326,251,99994,100,99314,100,100044,100,99230,100,100076,100,99119,100,100093,100,98939,100,100094,100,98937,100,100119,100,98903,100,100161,100,98868,100
2019-06-28 09:48:01.560213829,99917,256,99847,256,99943,259,99327,351,99978,251,99326,251,99994,100,99314,100,100044,100,99230,100,100076,100,99119,100,100093,100,98939,100,100094,100,98937,100,100119,100,98903,100,100161,100,98868,100
2019-06-28 09:48:06.729505502,99917,256,99847,256,99943,259,99327,351,99978,251,99326,251,99994,100,99314,100,100044,100,99230,100,100076,100,99119,100,100093,100,98939,100,100094,100,98937,100,100119,100,98903,100,100161,100,98868,100
2019-06-28 09:48:10.000000000,99917,558,99847,558,99943,108,99327,200,99978,100,99326,100,99994,100,99314,100,100044,100,99230,100,100076,100,99119,100,100093,100,98939,100,100094,100,98937,100,100119,100,98903,100,100161,100,98868,100
2019-06-28 09:48:20.000000000,99917,329,99847,329,99943,337,99327,429,99978,100,99326,100,99994,100,99314,100,100044,100,99230,100,100076,100,99119,100,100093,100,98939,100,100094,100,98937,100,100119,100,98903,100,100161,100,98868,100
2019-06-28 09:48:26.132863803,99917,229,99847,329,99943,337,99327,429,99978,100,99326,100,99994,100,99314,100,100044,100,99230,100,100076,100,99119,100,100093,100,98939,100,100094,100,98937,100,100119,100,98903,100,100208,100,98868,100
2019-06-28 09:48:30.000000000,99943,264,99847,256,99978,251,99327,351,99994,251,99326,251,100044,100,99314,100,100076,100,99230,100,100093,100,99119,100,100094,100,98939,100,100119,100,98937,100,100208,100,98903,100,100214,100,98868,100
2019-06-28 09:48:34.188955133,99943,164,99847,256,99978,251,99327,351,99994,251,99326,251,100044,100,99314,100,100076,100,99230,100,100093,100,98939,100,100094,100,98937,100,100119,100,98903,100,100208,100,98868,100,100214,100,,
2019-06-28 09:48:40.000000000,99943,466,99847,558,99978,100,99327,200,99994,100,99326,100,100044,100,99314,100,100076,100,99230,100,100093,100,98939,100,100094,100,98937,100,100119,100,98903,100,100208,100,98868,100,100214,100,,
2019-06-28 09:48:42.555249522,99943,366,99847,558,99978,100,99327,200,99994,100,99326,100,100044,100,99314,100,100076,100,99230,100,100093,100,98939,100,100094,100,98937,100,100119,100,98903,100,100208,100,98868,100,100214,100,,
2019-06-28 09:48:48.604038149,99943,366,99847,558,99978,100,99327,200,99994,100,99326,100,100044,100,99314,100,100076,100,99230,100,100093,100,98939,100,100094,100,98937,100,100208,100,98903,100,100214,100,98868,100,100439,100,,
2019-06-28 09:48:50.000000000,99978,256,99847,256,99994,251,99327,351,100044,251,99326,251,100076,100,99314,100,100093,100,99230,100,100094,100,98939,100,100208,100,98937,100,100214,100,98903,100,100439,100,98868,100,100518,100,,
2019-06-28 09:48:54.947093992,99978,156,99847,256,99994,251,99327,351,100044,251,99326,251,100076,100,99314,100,100093,100,99230,100,100094,100,98939,100,100208,100,98937,100,100439,100,98903,100,100518,100,98868,100,100646,100,,
2019-06-28 09:49:00.000000000,99994,558,99847,558,100044,100,99327,200,100076,100,99326,100,100093,100,99314,100,100094,100,99230,100,100208,100,98939,100,100439,100,98937,100,100518,100,98903,100,100646,100,98868,100,100655,100,,
2019-06-28 09:49:10.000000000,99994,256,99847,256,100044,251,99327,351,100076,251,99326,251,100093,100,99314,100,100094,100,99230,100,100208,100,98939,100,100439,100,98937,100,100518,100,98903,100,100646,100,98868,100,100655,100,,
2019-06-28 09:49:13.320996090,99994,256,99847,256,100044,251,99327,351,100076,251,99326,251,100093,100,99314,100,100094,100,99230,100,100208,100,98939,100,100439,100,98937,100,100518,100,98903,100,100646,100,98868,100,100654,100,,
2019-06-28 09:49:20.000000000,99994,214,99847,214,100044,214,99327,314,100076,214,99326,214,100093,214,99314,214,100094,100,99230,100,100208,100,98939,100,100439,100,98937,100,100518,100,98903,100,100646,100,98868,100,100654,100,,
2019-06-28 09:49:25.934364261,99994,214,99847,214,100044,214,99327,314,100076,214,99326,214,100093,214,99314,214,100094,100,99230,100,100208,100,98939,100,100439,100,98937,100,100518,100,98903,100,100646,100,98868,100,100654,100,,
2019-06-28 09:49:30.000000000,99994,214,99847,214,100044,214,99327,314,100076,214,99326,214,100093,214,99314,214,100094,100,99230,100,100208,100,98939,100,100439,100,98937,100,100518,100,98903,100,100646,100,98868,100,100654,100,,
2019-06-28 09:49:33.069942178,99994,114,99847,214,100044,214,99327,314,100076,214,99326,214,100093,214,99314,214,100094,100,99230,100,100208,100,98939,100,100439,100,98937,100,100518,100,98903,100,100646,100,98868,100,100654,100,,
2019-06-28 09:49:37.126243684,99994,14,99847,214,100044,214,99327,314,100076,214,99326,214,100093,214,99314,214,100094,100,99230,100,100208,100,98939,100,100439,100,98937,100,100518,100,98903,100,100646,100,98868,100,100654,100,,
2019-06-28 09:49:40.000000000,100044,256,99847,256,100076,251,99327,351,100093,251,99326,251,100094,100,99314,100,100208,100,99230,100,100439,100,98939,100,100518,100,98937,100,100646,100,98903,100,100654,100,98868,100,100655,100,,
2019-06-28 09:49:44.066729489,100044,256,99994,100,100076,251,99847,256,100093,251,99327,351,100094,100,99326,251,100208,100,99314,100,100439,100,99230,100,100518,100,98939,100,100646,100,98937,100,100654,100,98903,100,100655,100,98868,100
2019-06-28 09:49:50.000000000,100044,214,99994,214,100076,214,99847,214,100093,214,99327,314,100094,214,99326,214,100208,100,99314,100,100439,100,99230,100,100518,100,98939,100,100646,100,98937,100,100654,100,98903,100,100655,100,98868,100
2019-06-28 09:50:00.000000000,100044,558,99994,558,100076,100,99847,100,100093,100,99327,200,100094,100,99326,100,100208,100,99314,100,100439,100,99230,100,100518,100,98939,100,100646,100,98937,100,100654,100,98903,100,100655,100,98868,100
2019-06-28 09:50:09.594450604,100044,458,99994,558,100076,100,99847,100,100093,100,99327,200,100094,100,99326,100,100208,100,99230,100,100439,100,98939,100,100518,100,98937,100,100646,100,98903,100,100654,100,98868,100,100655,100,,
2019-06-28 09:50:10.000000000,100076,558,99994,558,100093,100,99847,100,100094,100,99327,200,100208,100,99326,100,100439,100,99230,100,100518,100,98939,100,100646,100,98937,100,100654,100,98903,100,100655,100,98868,100,100671,100,,
2019-06-28 09:50:11.111175689,100076,558,99995,100,100093,100,99994,558,100094,100,99847,100,100208,100,99327,200,100439,100,99326,100,100518,100,99230,100,100646,100,98939,100,100654,100,98937,100,100655,100,98903,100,100671,100,98868,100
2019-06-28 09:50:15.301637479,100076,558,99995,100,100093,100,99994,558,100094,100,99847,100,100208,100,99327,200,100439,100,99326,100,100518,100,99230,100,100646,100,98939,100,100654,100,98937,100,100655,100,98903,100,100671,100,98868,100
2019-06-28 09:50:17.429938805,100076,558,99995,100,100093,100,99994,558,100094,100,99847,100,100208,100,99327,200,100439,100,99326,100,100492,100,99230,100,100518,100,98939,100,100646,100,98937,100,100654,100,98903,100,100655,100,98868,100
2019-06-28 09:50:18.700728389,100076,558,99995,100,100093,100,99994,558,100094,100,99847,100,100208,100,99327,200,100439,100,99326,100,100492,100,99230,100,100518,100,98939,100,100571,100,98937,100,100646,100,98903,100,100654,100,98868,100
2019-06-28 09:50:20.000000000,100076,192,99995,192,100093,192,99994,192,100094,192,99847,192,100208,192,99327,292,100439,192,99326,192,100492,100,99230,100,100518,100,98939,100,100571,100,98937,100,100646,100,98903,100,100654,100,98868,100
2019-06-28 09:50:30.000000000,100076,192,99995,192,100093,192,99994,192,100094,192,99847,192,100208,192,99327,292,100439,192,99326,192,100492,100,99230,100,100518,100,98939,100,100571,100,98937,100,100646,100,98903,100,100654,100,98868,100
2019-06-28 09:50:40.000000000,100076,558,99995,558,100093,100,99994,100,100094,100,99847,100,100208,100,99327,200,100439,100,99326,100,100492,100,99230,100,100518,100,98939,100,100571,100,98937,100,100646,100,98903,100,100654,100,98868,100
2019-06-28 09:50:44.898964615,100076,458,99995,558,100093,100,99994,100,100094,100,99847,100,100208,100,99327,200,100439,100,99326,100,100492,100,99230,100,100518,100,98939,100,100571,100,98937,100,100646,100,98868,100,100654,100,,
2019-06-28 09:50:50.000000000,100093,558,99995,558,100094,100,99994,100,100208,100,99847,100,100439,100,99327,200,100492,100,99326,100,100518,100,99230,100,100571,100,98939,100,100646,100,98937,100,100654,100,98868,100,100655,100,,
2019-06-28 09:50:53.078253115,100093,458,99995,558,100094,100,99994,100,100208,100,99847,100,100439,100,99327,200,100492,100,99326,100,100518,100,99230,100,100571,100,98939,100,100646,100,98937,100,100654,100,98868,100,100671,100,,
2019-06-28 09:51:00.000000000,100094,256,99995,256,100208,251,99994,251,100439,251,99847,251,100492,100,99327,200,100518,100,99326,100,100571,100,99230,100,100646,100,98939,100,100654,100,98937,100,100671,100,98868,100,100729,100,,
2019-06-28 09:51:10.000000000,100094,558,99995,558,100208,100,99994,100,100439,100,99847,100,100492,100,99327,200,100518,100,99326,100,100571,100,99230,100,100646,100,98939,100,100654,100,98937,100,100671,100,98868,100,100729,100,,
2019-06-28 09:51:20.000000000,100094,329,99995,329,100208,329,99994,329,100439,100,99847,100,100492,100,99327,200,100518,100,99326,100,100571,100,99230,100,100646,100,98939,100,100654,100,98937,100,100671,100,98868,100,100729,100,,
2019-06-28 09:51:30.000000000,100094,214,99995,214,100208,214,99994,214,100439,214,99847,214,100492,214,99327,314,100518,100,99326,100,100571,100,99230,100,100646,100,98939,100,100654,100,98937,100,100671,100,98868,100,100729,100,,
2019-06-28 09:51:40.000000000,100094,214,99995,214,100208,214,99994,214,100439,214,99847,214,100492,214,99327,314,100518,100,99326,100,100571,100,99230,100,100646,100,98939,100,100654,100,98937,100,100671,100,98868,100,100729,100,,
2019-06-28 09:51:50.000000000,100094,558,99995,558,100208,100,99994,100,100439,100,99847,100,100492,100,99327,200,100518,100,99326,100,100571,100,99230,100,100646,100,98939,100,100654,100,98937,100,100671,100,98868,100,100729,100,,
2019-06-28 09:52:00.000000000,100094,214,99995,214,100208,214,99994,214,100439,214,99847,214,100492,214,99327,314,100518,100,99326,100,100571,100,99230,100,100646,100,98939,100,100654,100,98937,100,100671,100,98868,100,100729,100,,
2019-06-28 09:52:10.000000000,100094,329,99995,329,100208,329,99994,329,100439,100,99847,100,100492,100,99327,200,100518,100,99326,100,100571,100,99230,100,100646,100,98939,100,100654,100,98937,100,100671,100,98868,100,100729,100,,
2019-06-28 09:52:12.065133205,100094,329,99995,229,100208,329,99994,329,100439,100,99847,100,100492,100,99327,200,100518,100,99326,100,100571,100,99230,100,100646,100,98939,100,100654,100,98937,100,100671,100,98868,100,100729,100,,
2019-06-28 09:52:20.000000000,100094,256,99994,256,100208,251,99847,251,100439,251,99327,351,100492,100,99326,100,100518,100,99230,100,100571,100,98939,100,100646,100,98937,100,100654,100,98868,100,100671,100,,,100729,100,,
2019-06-28 09:52:30.000000000,100094,558,99994,558,100208,100,99847,100,100439,100,99327,200,100492,100,99326,100,100518,100,99230,100,100571,100,98939,100,100646,100,98937,100,100654,100,98868,100,100671,100,,,100729,100,,
2019-06-28 09:52:40.000000000,100094,192,99994,192,100208,192,99847,192,100439,192,99327,292,100492,192,99326,192,100518,192,99230,192,100571,100,98939,100,100646,100,98937,100,100654,100,98868,100,100671,100,,,100729,100,,
2019-06-28 09:52:50.000000000,100094,558,99994,558,100208,100,99847,100,100439,100,99327,200,100492,100,99326,100,100518,100,99230,100,100571,100,98939,100,100646,100,98937,100,100654,100,98868,100,100671,100,,,100729,100,,
2019-06-28 09:53:00.000000000,100094,329,99994,329,100208,329,99847,329,100439,100,99327,200,100492,100,99326,100,100518,100,99230,100,100571,100,98939,100,100646,100,98937,100,100654,100,98868,100,100671,100,,,100729,100,,
2019-06-28 09:53:10.000000000,100094,558,99994,558,100208,100,99847,100,100439,100,99327,200,100492,100,99326,100,100518,100,99230,100,100571,100,98939,100,100646,100,98937,100,100654,100,98868,100,100671,100,,,100729,100,,
2019-06-28 09:53:20.000000000,100094,256,99994,256,100208,251,99847,251,100439,251,99327,351,100492,100,99326,100,100518,100,99230,100,100571,100,98939,100,100646,100,98937,100,100654,100,98868,100,100671,100,,,100729,100,,
2019-06-28 09:53:30.000000000,100094,329,99994,329,100208,329,99847,329,100439,100,99327,200,100492,100,99326,100,100518,100,99230,100,100571,100,98939,100,100646,100,98937,100,100654,100,98868,100,100671,100,,,100729,100,,
2019-06-28 09:53:40.000000000,100094,329,99994,329,100208,329,99847,329,100439,100,99327,200,100492,100,99326,100,100518,100,99230,100,100571,100,98939,100,100646,100,98937,100,100654,100,98868,100,100671,100,,,100729,100,,
2019-06-28 09:53:49.321791942,100094,329,99994,329,100208,329,99847,329,100439,100,99327,200,100492,100,99326,100,100518,100,99307,100,100571,100,99230,100,100646,100,98939,100,100654,100,98937,100,100671,100,98868,100,100729,100,,
2019-06-28 09:53:50.000000000,100094,558,99994,558,100208,100,99847,100,100439,100,99327,200,100492,100,99326,100,100518,100,99307,100,100571,100,99230,100,100646,100,98939,100,100654,100,98937,100,100671,100,98868,100,100729,100,,
2019-06-28 09:54:00.000000000,100094,192,99994,192,100208,192,99847,192,100439,192,99327,292,100492,192,99326,192,100518,192,99307,192,100571,100,99230,100,100646,100,98939,100,100654,100,98937,100,100671,100,98868,100,100729,100,,
2019-06-28 09:54:08.942226338,100092,100,99994,192,100094,192,99847,192,100208,192,99327,292,100439,192,99326,192,100492,192,99307,192,100518,192,99230,100,100571,100,98939,100,100646,100,98937,100,100654,100,98868,100,100671,100,,
2019-06-28 09:54:10.000000000,100092,558,99994,558,100094,100,99847,100,100208,100,99327,200,100439,100,99326,100,100492,100,99307,100,100518,100,99230,100,100571,100,98939,100,100646,100,98937,100,100654,100,98868,100,100671,100,,
2019-06-28 09:54:16.367613077,100092,558,99994,558,100094,100,99847,100,100439,100,99327,200,100492,100,99326,100,100518,100,99307,100,100571,100,99230,100,100646,100,98954,100,100654,100,98939,100,100671,100,98937,100,100729,100,98868,100
2019-06-28 09:54:20.000000000,100092,256,99994,256,100094,251,99847,251,100439,251,99327,351,100492,100,99326,100,100518,100,99307,100,100571,100,99230,100,100646,100,98954,100,100654,100,98939,100,100671,100,98937,100,100729,100,98868,100
2019-06-28 09:54:22.846185684,100092,256,99994,156,100094,251,99847,251,100439,251,99327,351,100492,100,99326,100,100518,100,99307,100,100571,100,99230,100,100646,100,98954,100,100654,100,98939,100,100671,100,98937,100,100729,100,98868,100
2019-06-28 09:54:30.000000000,100092,192,99847,192,100094,192,99327,292,100439,192,99326,192,100492,192,99307,192,100518,192,99230,192,100571,100,98954,100,100646,100,98939,100,100654,100,98937,100,100671,100,98868,100,100729,100,,
2019-06-28 09:54:40.000000000,100092,256,99847,256,100094,251,99327,351,100439,251,99326,251,100492,100,99307,100,100518,100,99230,100,100571,100,98954,100,100646,100,98939,100,100654,100,98937,100,100671,100,98868,100,100729,100,,
2019-06-28 09:54:50.000000000,100092,329,99847,329,100094,329,99327,429,100439,100,99326,100,100492,100,99307,100,100518,100,99230,100,100571,100,98954,100,100646,100,98939,100,100654,100,98937,100,100671,100,98868,100,100729,100,,
2019-06-28 09:55:00.000000000,100092,214,99847,214,100094,214,99327,314,100439,214,99326,214,100492,214,99307,214,100518,100,99230,100,100571,100,98954,100,100646,100,98939,100,100654,100,98937,100,100671,100,98868,100,100729,100,,
2019-06-28 09:55:00.430994537,100092,214,99847,114,100094,214,99327,314,100439,214,99326,214,100492,214,99307,214,100518,100,99230,100,100571,100,98954,100,100646,100,98939,100,100654,100,98937,100,100729,100,98868,100,100863,100,,
2019-06-28 09:55:10.000000000,100092,214,99327,314,100094,214,99326,214,100439,214,99307,214,100492,214,99230,214,100518,100,98954,100,100571,100,98939,100,100646,100,98937,100,100654,100,98868,100,100729,100,,,100863,100,,
2019-06-28 09:55:10.636658442,100092,214,99327,214,100094,214,99326,214,100439,214,99307,214,100492,214,99230,214,100518,100,98954,100,100571,100,98939,100,100646,100,98937,100,100654,100,98868,100,100863,100,,,100955,100,,
2019-06-28 09:55:15.406467531,100092,214,99337,100,100094,214,99327,214,100439,214,99326,214,100492,214,99307,214,100518,100,99230,214,100571,100,98954,100,100646,100,98939,100,100654,100,98937,100,100863,100,98868,100,100955,100,,
2019-06-28 09:55:19.494935741,99847,100,99337,100,100092,214,99327,214,100094,214,99326,214,100439,214,99307,214,100492,214,99230,214,100518,100,98954,100,100571,100,98939,100,100646,100,98937,100,100654,100,98868,100,100863,100,,
2019-06-28 09:55:20.000000000,99847,192,99337,192,100092,192,99327,192,100094,192,99326,192,100439,192,99307,192,100492,192,99230,192,100518,100,98954,100,100571,100,98939,100,100646,100,98937,100,100654,100,98868,100,100863,100,,
2019-06-28 09:55:30.000000000,99847,558,99337,558,100092,100,99327,100,100094,100,99326,100,100439,100,99307,100,100492,100,99230,100,100518,100,98954,100,100571,100,98939,100,100646,100,98937,100,100654,100,98868,100,100863,100,,
2019-06-28 09:55:30.184327245,99847,558,99337,458,100092,100,99327,100,100094,100,99326,100,100439,100,99230,100,100492,100,98954,100,100518,100,98939,100,100571,100,98937,100,100646,100,98868,100,100654,100,,,100863,100,,
2019-06-28 09:55:38.523248491,99847,558,99361,100,100092,100,99337,458,100094,100,99327,100,100439,100,99326,100,100492,100,99230,100,100518,100,98954,100,100571,100,98939,100,100646,100,98937,100,100654,100,98868,100,100863,100,,
2019-06-28 09:55:39.899390810,99376,100,99361,100,99847,558,99337,458,100092,100,99327,100,100094,100,99326,100,100439,100,99230,100,100492,100,98954,100,100518,100,98939,100,100571,100,98937,100,100646,100,98868,100,100654,100,,
2019-06-28 09:55:40.000000000,99376,558,99361,558,99847,100,99327,100,100092,100,99326,100,100094,100,99230,100,100439,100,98954,100,100492,100,98939,100,100518,100,98937,100,100571,100,98868,100,100646,100,,,100654,100,,
2019-06-28 09:55:50.000000000,99376,214,99361,214,99847,214,99327,214,100092,214,99326,214,100094,214,99230,214,100439,100,98954,100,100492,100,98939,100,100518,100,98937,100,100571,100,98868,100,100646,100,,,100654,100,,
2019-06-28 09:56:00.000000000,99376,256,99361,256,99847,251,99327,251,100092,251,99326,251,100094,100,99230,100,100439,100,98954,100,100492,100,98939,100,100518,100,98937,100,100571,100,98868,100,100646,100,,,100654,100,,
2019-06-28 09:56:10.000000000,99376,192,99361,192,99847,192,99327,192,100092,192,99326,192,100094,192,99230,192,100439,192,98954,192,100492,100,98939,100,100518,100,98937,100,100571,100,98868,100,100646,100,,,100654,100,,
2019-06-28 09:56:20.000000000,99376,214,99361,214,99847,214,99327,214,100092,214,99326,214,100094,214,99230,214,100439,100,98954,100,100492,100,98939,100,100518,100,98937,100,100571,100,98868,100,100646,100,,,100654,100,,
2019-06-28 09:56:30.000000000,99376,329,99361,329,99847,329,99327,329,100092,100,99326,100,100094,100,99230,100,100439,100,98954,100,100492,100,98939,100,100518,100,98937,100,100571,100,98868,100,100646,100,,,100654,100,,
2019-06-28 09:56:40.000000000,99376,214,99361,214,99847,214,99327,214,100092,214,99326,214,100094,214,99230,214,100439,100,98954,100,100492,100,98939,100,100518,100,98937,100,100571,100,98868,100,100646,100,,,100654,100,,
2019-06-28 09:56:50.000000000,99376,192,99361,192,99847,192,99327,192,100092,192,99326,192,100094,192,99230,192,100439,192,98954,192,100492,100,98939,100,100518,100,98937,100,100571,100,98868,100,100646,100,,,100654,100,,
2019-06-28 09:57:00.000000000,99376,214,99361,214,99847,214,99327,214,100092,214,99326,214,100094,214,99230,214,100439,100,98954,100,100492,100,98939,100,100518,100,98937,100,100571,100,98868,100,100646,100,,,100654,100,,
2019-06-28 09:57:10.000000000,99376,214,99361,214,99847,214,99327,214,100092,214,99326,214,100094,214,99230,214,100439,100,98954,100,100492,100,98939,100,100518,100,98937,100,100571,100,98868,100,100646,100,,,100654,100,,
2019-06-28 09:57:12.795760899,99376,214,99361,214,99847,214,99327,214,100092,214,99326,214,100094,214,99230,214,100439,100,99062,100,100492,100,98954,100,100518,100,98939,100,100571,100,98937,100,100646,100,98868,100,100654,100,,
2019-06-28 09:57:18.882724887,99376,214,99361,114,99847,214,99327,214,100092,214,99326,214,100094,214,99230,214,100439,100,99062,100,100492,100,98954,100,100518,100,98937,100,100571,100,98868,100,100646,100,,,100654,100,,
2019-06-28 09:57:20.000000000,99376,558,99327,558,99847,100,99326,100,100092,100,99230,100,100094,100,99062,100,100439,100,98954,100,100492,100,98937,100,100518,100,98868,100,100571,100,,,100646,100,,,100654,100,,
2019-06-28 09:57:22.355240959,99376,558,99327,458,99847,100,99326,100,100092,100,99230,100,100094,100,99062,100,100439,100,98954,100,100492,100,98937,100,100518,100,98868,100,100571,100,,,100646,100,,,100654,100,,
2019-06-28 09:57:30.000000000,99376,329,99326,329,99847,329,99230,329,100092,100,99062,100,100094,100,98954,100,100439,100,98937,100,100492,100,98868,100,100518,100,,,100571,100,,,100646,100,,,100654,100,,
2019-06-28 09:57:30.043282780,99376,329,99326,329,99847,329,99230,329,100092,100,99062,100,100094,100,98954,100,100439,100,98937,100,100492,100,98898,100,100518,100,98868,100,100571,100,,,100646,100,,,100654,100,,
2019-06-28 09:57:30.212398006,99361,100,99326,329,99376,329,99230,329,99847,329,99062,100,100092,100,98954,100,100094,100,98937,100,100439,100,98898,100,100492,100,98868,100,100518,100,,,100571,100,,,100646,100,,
2019-06-28 09:57:34.429722980,99361,100,99326,329,99376,329,99230,329,99383,100,99062,100,99847,329,98954,100,100092,100,98937,100,100094,100,98898,100,100439,100,98868,100,100492,100,,,100518,100,,,100571,100,,
2019-06-28 09:57:40.000000000,99361,329,99326,329,99376,329,99230,329,99383,100,99062,100,99847,100,98954,100,100092,100,98937,100,100094,100,98898,100,100439,100,98868,100,100492,100,,,100518,100,,,100571,100,,
2019-06-28 09:57:50.000000000,99361,192,99326,192,99376,192,99230,192,99383,192,99062,192,99847,192,98954,192,100092,192,98937,192,100094,100,98898,100,100439,100,98868,100,100492,100,,,100518,100,,,100571,100,,
2019-06-28 09:58:00.000000000,99361,256,99326,256,99376,251,99230,251,99383,251,99062,251,99847,100,98954,100,100092,100,98937,100,100094,100,98898,100,100439,100,98868,100,100492,100,,,100518,100,,,100571,100,,
2019-06-28 09:58:10.000000000,99361,256,99326,256,99376,251,99230,251,99383,251,99062,251,99847,100,98954,100,100092,100,98937,100,100094,100,98898,100,100439,100,98868,100,100492,100,,,100518,100,,,100571,100,,
2019-06-28 09:58:11.230928591,99361,256,99326,256,99376,251,99230,251,99383,251,99062,251,100092,100,98954,100,100094,100,98937,100,100439,100,98898,100,100492,100,98868,100,100518,100,,,100571,100,,,100646,100,,
2019-06-28 09:58:20.000000000,99361,256,99326,256,99376,251,99230,251,99383,251,99062,251,100092,100,98954,100,100094,100,98937,100,100439,100,98898,100,100492,100,98868,100,100518,100,,,100571,100,,,100646,100,,
2019-06-28 09:58:25.664298932,99361,356,99326,256,99376,251,99230,251,99383,251,99062,251,100092,100,98954,100,100094,100,98937,100,100439,100,98898,100,100492,100,98868,100,100518,100,,,100571,100,,,100646,100,,
2019-06-28 09:58:28.373910052,99361,356,99326,156,99376,251,99230,251,99383,251,99062,251,100092,100,98954,100,100094,100,98937,100,100439,100,98898,100,100492,100,98868,100,100518,100,,,100571,100,,,100646,100,,
2019-06-28 09:58:30.000000000,99361,314,99230,214,99376,214,99062,214,99383,214,98954,214,100092,214,98937,214,100094,100,98898,100,100439,100,98868,100,100492,100,,,100518,100,,,100571,100,,,100646,100,,
2019-06-28 09:58:38.055618221,99327,100,99230,214,99361,314,99062,214,99376,214,98954,214,99383,214,98937,214,100092,214,98898,100,100094,100,98868,100,100439,100,,,100492,100,,,100518,100,,,100571,100,,
2019-06-28 09:58:40.000000000,99327,558,99230,558,99361,200,99062,100,99376,100,98954,100,99383,100,98937,100,100092,100,98898,100,100094,100,98868,100,100439,100,,,100492,100,,,100518,100,,,100571,100,,
2019-06-28 09:58:50.000000000,99327,256,99230,256,99361,351,99062,251,99376,251,98954,251,99383,100,98937,100,100092,100,98898,100,100094,100,98868,100,100439,100,,,100492,100,,,100518,100,,,100571,100,,
2019-06-28 09:58:57.053411034,99327,256,99230,256,99361,351,99117,100,99376,251,99062,251,99383,100,98954,251,100092,100,98937,100,100094,100,98898,100,100439,100,98868,100,100492,100,,,100518,100,,,100571,100,,
2019-06-28 09:58:57.102590953,99327,256,99230,256,99361,351,99117,100,99376,251,99062,251,99383,100,98954,251,99549,100,98937,100,100092,100,98898,100,100094,100,98868,100,100439,100,,,100492,100,,,100518,100,,
2019-06-28 09:59:00.000000000,99327,256,99230,256,99361,351,99117,251,99376,251,99062,251,99383,100,98954,100,99549,100,98937,100,100092,100,98898,100,100094,100,98868,100,100439,100,,,100492,100,,,100518,100,,
2019-06-28 09:59:10.000000000,99327,256,99230,256,99361,351,99117,251,99376,251,99062,251,99383,100,98954,100,99549,100,98937,100,100092,100,98898,100,100094,100,98868,100,100439,100,,,100492,100,,,100518,100,,
2019-06-28 09:59:13.310618798,99327,256,99230,256,99361,251,99117,251,99376,251,99062,251,99383,100,98954,100,99549,100,98937,100,100092,100,98898,100,100094,100,98868,100,100439,100,,,100492,100,,,100518,100,,
2019-06-28 09:59:20.000000000,99327,192,99230,192,99361,192,99117,192,99376,192,99062,192,99383,192,98954,192,99549,192,98937,192,100092,100,98898,100,100094,100,98868,100,100439,100,,,100492,100,,,100518,100,,
2019-06-28 09:59:30.000000000,99327,214,99230,214,99361,214,99117,214,99376,214,99062,214,99383,214,98954,214,99549,100,98937,100,100092,100,98898,100,100094,100,98868,100,100439,100,,,100492,100,,,100518,100,,
2019-06-28 09:59:30.619248577,99327,314,99230,214,99361,214,99117,214,99376,214,99062,214,99383,214,98954,214,99549,100,98937,100,100092,100,98898,100,100094,100,98868,100,100439,100,,,100492,100,,,100518,100,,
2019-06-28 09:59:35.702695654,99273,100,99230,214,99327,314,99117,214,99361,214,99062,214,99376,214,98954,214,99383,214,98937,100,99549,100,98868,100,100092,100,,,100094,100,,,100439,100,,,100492,100,,
2019-06-28 09:59:40.000000000,99273,192,99230,192,99327,292,99117,192,99361,192,99062,192,99376,192,98954,192,99383,192,98937,192,99549,100,98868,100,100092,100,,,100094,100,,,100439,100,,,100492,100,,
2019-06-28 09:59:50.000000000,99273,192,99230,192,99327,292,99117,192,99361,192,99062,192,99376,192,98954,192,99383,192,98937,192,99549,100,98868,100,100092,100,,,100094,100,,,100439,100,,,100492,100,,
2019-06-28 10:00:00.000000000,99273,214,99230,214,99327,314,99117,214,99361,214,99062,214,99376,214,98954,214,99383,100,98937,100,99549,100,98868,100,100092,100,,,100094,100,,,100439,100,,,100492,100,,
2019-06-28 10:00:10.000000000,99273,256,99230,256,99327,351,99117,251,99361,251,99062,251,99376,100,98954,100,99383,100,98937,100,99549,100,98868,100,100092,100,,,100094,100,,,100439,100,,,100492,100,,
2019-06-28 10:00:13.163672641,99273,156,99230,256,99327,351,99117,251,99361,251,99062,251,99376,100,98954,100,99383,100,98937,100,99549,100,98868,100,100092,100,,,100094,100,,,100439,100,,,100492,100,,
2019-06-28 10:00:14.464804447,99273,56,99230,256,99327,351,99117,251,99361,251,99062,251,99376,100,98954,100,99383,100,98937,100,99549,100,98868,100,100092,100,,,100094,100,,,100439,100,,,100492,100,,
2019-06-28 10:00:18.783502983,99327,351,99273,44,99361,251,99230,256,99376,100,99117,251,99383,100,99062,251,99549,100,98954,100,100092,100,98937,100,100094,100,98868,100,100439,100,,,100492,100,,,100571,100,,
2019-06-28 10:00:20.000000000,99327,429,99273,273,99361,329,99230,329,99376,100,99117,100,99383,100,99062,100,99549,100,98954,100,100092,100,98937,100,100094,100,98868,100,100439,100,,,100492,100,,,100571,100,,
2019-06-28 10:00:23.735074651,99327,429,99273,273,99361,329,99230,329,99376,100,99117,100,99383,100,99062,100,99513,100,98954,100,99549,100,98937,100,100092,100,98868,100,100094,100,,,100439,100,,,100492,100,,
2019-06-28 10:00:30.000000000,99327,292,99273,136,99361,192,99230,192,99376,192,99117,192,99383,192,99062,192,99513,192,98954,192,99549,100,98937,100,100092,100,98868,100,100094,100,,,100439,100,,,100492,100,,
2019-06-28 10:00:37.361001631,99327,192,99273,136,99361,192,99230,192,99376,192,99117,192,99383,192,99062,92,99513,192,98954,192,99549,100,98937,100,100092,100,98868,100,100094,100,,,100439,100,,,100492,100,,
2019-06-28 10:00:40.000000000,99327,214,99273,158,99361,214,99230,214,99376,214,99117,214,99383,214,98954,214,99513,100,98937,100,99549,100,98868,100,100092,100,,,100094,100,,,100439,100,,,100492,100,,
2019-06-28 10:00:50.000000000,99327,214,99273,158,99361,214,99230,214,99376,214,99117,214,99383,214,98954,214,99513,100,98937,100,99549,100,98868,100,100092,100,,,100094,100,,,100439,100,,,100492,100,,
2019-06-28 10:00:55.265311181,99327,214,99274,100,99361,214,99273,158,99376,214,99230,214,99383,214,99117,214,99513,100,98954,214,99549,100,98937,100,100092,100,98868,100,100094,100,,,100439,100,,,100492,100,,
2019-06-28 10:01:00.000000000,99327,256,99274,256,99361,251,99273,195,99376,251,99230,251,99383,100,99117,100,99513,100,98954,100,99549,100,98937,100,100092,100,98868,100,100094,100,,,100439,100,,,100492,100,,
2019-06-28 10:01:10.000000000,99327,214,99274,214,99361,214,99273,158,99376,214,99230,214,99383,214,99117,214,99513,100,98954,100,99549,100,98937,100,100092,100,98868,100,100094,100,,,100439,100,,,100492,100,,
2019-06-28 10:01:20.000000000,99327,192,99274,192,99361,192,99273,136,99376,192,99230,192,99383,192,99117,192,99513,192,98954,192,99549,100,98937,100,100092,100,98868,100,100094,100,,,100439,100,,,100492,100,,
2019-06-28 10:01:26.516098873,99327,192,99274,192,99361,192,99273,136,99376,192,99230,192,99383,192,99117,192,99513,192,98954,192,99549,100,98937,100,99670,100,98868,100,100092,100,,,100094,100,,,100439,100,,
2019-06-28 10:01:30.000000000,99327,558,99274,558,99361,100,99273,44,99376,100,99230,100,99383,100,99117,100,99513,100,98954,100,99549,100,98937,100,99670,100,98868,100,100092,100,,,100094,100,,,100439,100,,
2019-06-28 10:01:34.822238164,99327,458,99274,558,99361,100,99273,44,99376,100,99230,100,99383,100,99117,100,99513,100,98954,100,99549,100,98937,100,99670,100,98868,100,100092,100,,,100094,100,,,100439,100,,
2019-06-28 10:01:39.536045126,99327,358,99274,558,99361,100,99273,44,99376,100,99230,100,99513,100,99117,100,99549,100,98954,100,99670,100,98937,100,100092,100,98868,100,100094,100,,,100439,100,,,100492,100,,
2019-06-28 10:01:40.000000000,99361,329,99274,329,99376,329,99273,273,99513,100,99230,100,99549,100,99117,100,99670,100,98954,100,100092,100,98937,100,100094,100,98868,100,100439,100,,,100492,100,,,100571,100,,
2019-06-28 10:01:48.911122009,99361,329,99327,100,99376,329,99274,329,99513,100,99273,273,99549,100,99230,100,99670,100,99117,100,100092,100,98954,100,100094,100,98937,100,100439,100,98868,100,100492,100,,,100571,100,,
2019-06-28 10:01:50.000000000,99361,558,99327,558,99376,100,99274,100,99513,100,99273,44,99549,100,99230,100,99670,100,99117,100,100092,100,98954,100,100094,100,98937,100,100439,100,98868,100,100492,100,,,100571,100,,
2019-06-28 10:02:00.000000000,99361,214,99327,214,99376,214,99274,214,99513,214,99273,158,99549,214,99230,214,99670,100,99117,100,100092,100,98954,100,100094,100,98937,100,100439,100,98868,100,100492,100,,,100571,100,,
2019-06-28 10:02:08.212238209,99361,114,99327,214,99376,214,99274,214,99513,214,99273,158,99549,214,99230,214,99670,100,99117,100,100092,100,98954,100,100094,100,98937,100,100439,100,98868,100,100492,100,,,100571,100,,
2019-06-28 10:02:10.000000000,99376,558,99327,558,99513,100,99274,100,99549,100,99273,44,99670,100,99230,100,100092,100,99117,100,100094,100,98954,100,100439,100,98937,100,100492,100,98868,100,100571,100,,,100646,100,,
2019-06-28 10:02:10.036537474,99376,558,99327,558,99513,100,99274,100,99549,100,99273,44,99670,100,99230,100,99731,100,99117,100,100092,100,98954,100,100094,100,98937,100,100439,100,98868,100,100492,100,,,100571,100,,
2019-06-28 10:02:20.000000000,99376,329,99327,329,99513,329,99274,329,99549,100,99273,44,99670,100,99230,100,99731,100,99117,100,100092,100,98954,100,100094,100,98937,100,100439,100,98868,100,100492,100,,,100571,100,,
2019-06-28 10:02:30.000000000,99376,192,99327,192,99513,192,99274,192,99549,192,99273,136,99670,192,99230,192,99731,192,99117,192,100092,100,98954,100,100094,100,98937,100,100439,100,98868,100,100492,100,,,100571,100,,
2019-06-28 10:02:30.587183837,99376,192,99327,192,99513,192,99274,192,99549,192,99273,136,99670,192,99230,192,99671,100,99117,192,99731,192,98954,100,100092,100,98937,100,100094,100,98868,100,100439,100,,,100492,100,,
2019-06-28 10:02:40.000000000,99376,329,99327,329,99513,329,99274,329,99549,100,99273,44,99670,100,99230,100,99671,100,99117,100,99731,100,98954,100,100092,100,98937,100,100094,100,98868,100,100439,100,,,100492,100,,
2019-06-28 10:02:48.837914874,99376,329,99327,329,99513,329,99274,329,99549,100,99273,44,99586,100,99230,100,99670,100,99117,100,99671,100,98954,100,99731,100,98937,100,100092,100,98868,100,100094,100,,,100439,100,,
2019-06-28 10:02:50.000000000,99376,256,99327,256,99513,251,99274,251,99549,251,99273,195,99586,100,99230,100,99670,100,99117,100,99671,100,98954,100,99731,100,98937,100,100092,100,98868,100,100094,100,,,100439,100,,
2019-06-28 10:03:00.000000000,99376,558,99327,558,99513,100,99274,100,99549,100,99273,44,99586,100,99230,100,99670,100,99117,100,99671,100,98954,100,99731,100,98937,100,100092,100,98868,100,100094,100,,,100439,100,,
2019-06-28 10:03:10.000000000,99376,256,99327,256,99513,251,99274,251,99549,251,99273,195,99586,100,99230,100,99670,100,99117,100,99671,100,98954,100,99731,100,98937,100,100092,100,98868,100,100094,100,,,100439,100,,
2019-06-28 10:03:20.000000000,99376,329,99327,329,99513,329,99274,329,99549,100,99273,44,99586,100,99230,100,99670,100,99117,100,99671,100,98954,100,99731,100,98937,100,100092,100,98868,100,100094,100,,,100439,100,,
2019-06-28 10:03:30.000000000,99376,214,99327,214,99513,214,99274,214,99549,214,99273,158,99586,214,99230,214,99670,100,99117,100,99671,100,98954,100,99731,100,98937,100,100092,100,98868,100,100094,100,,,100439,100,,
2019-06-28 10:03:31.724713572,99376,214,99327,214,99513,214,99274,214,99542,100,99273,158,99549,214,99230,214,99586,214,99117,100,99670,100,98954,100,99671,100,98937,100,99731,100,98868,100,100092,100,,,100439,100,,
2019-06-28 10:03:37.939737447,99376,214,99327,214,99513,214,99274,214,99542,100,99273,158,99549,214,99230,214,99586,214,99117,100,99670,100,98954,100,99671,100,98937,100,99711,100,98868,100,100092,100,,,100439,100,,
2019-06-28 10:03:40.000000000,99376,192,99327,192,99513,192,99274,192,99542,192,99273,136,99549,192,99230,192,99586,192,99117,192,99670,100,98954,100,99671,100,98937,100,99711,100,98868,100,100092,100,,,100439,100,,
2019-06-28 10:03:50.000000000,99376,192,99327,192,99513,192,99274,192,99542,192,99273,136,99549,192,99230,192,99586,192,99117,192,99670,100,98954,100,99671,100,98937,100,99711,100,98868,100,100092,100,,,100439,100,,
2019-06-28 10:04:00.000000000,99376,192,99327,192,99513,192,99274,192,99542,192,99273,136,99549,192,99230,192,99586,192,99117,192,99670,100,98954,100,99671,100,98937,100,99711,100,98868,100,100092,100,,,100439,100,,
2019-06-28 10:04:10.000000000,99376,256,99327,256,99513,251,99274,251,99542,251,99273,195,99549,100,99230,100,99586,100,99117,100,99670,100,98954,100,99671,100,98937,100,99711,100,98868,100,100092,100,,,100439,100,,
2019-06-28 10:04:14.471930462,99376,156,99327,256,99513,251,99274,251,99542,251,99273,195,99549,100,99230,100,99586,100,99117,100,99670,100,98954,100,99671,100,98937,100,99711,100,98868,100,100092,100,,,100439,100,,
2019-06-28 10:04:20.000000000,99513,558,99327,558,99542,100,99274,100,99549,100,99273,44,99586,100,99230,100,99670,100,99117,100,99671,100,98954,100,99711,100,98937,100,100092,100,98868,100,100439,100,,,100492,100,,
2019-06-28 10:04:29.195996230,99513,558,99361,100,99542,100,99327,558,99549,100,99274,100,99586,100,99273,44,99670,100,99230,100,99671,100,99117,100,99711,100,98954,100,100092,100,98937,100,100439,100,98868,100,100492,100,,
2019-06-28 10:04:30.000000000,99513,256,99361,256,99542,251,99327,251,99549,251,99274,251,99586,100,99273,44,99670,100,99230,100,99671,100,99117,100,99711,100,98954,100,100092,100,98937,100,100439,100,98868,100,100492,100,,
2019-06-28 10:04:40.000000000,99513,214,99361,214,99542,214,99327,214,99549,214,99274,214,99586,214,99273,158,99670,100,99230,100,99671,100,99117,100,99711,100,98954,100,100092,100,98937,100,100439,100,98868,100,100492,100,,
2019-06-28 10:04:43.917480395,99513,114,99361,214,99542,214,99327,214,99549,214,99274,214,99586,214,99273,158,99670,100,99230,100,99671,100,99117,100,99711,100,98954,100,100092,100,98937,100,100439,100,98868,100,100492,100,,
2019-06-28 10:04:44.881704268,99513,14,99361,214,99542,214,99327,214,99549,214,99274,214,99586,214,99273,158,99670,100,99230,100,99671,100,98954,100,99711,100,98937,100,100092,100,98868,100,100439,100,,,100492,100,,
2019-06-28 10:04:50.000000000,99542,558,99361,558,99549,100,99327,100,99586,100,99274,100,99670,100,99273,44,99671,100,99230,100,99711,100,98954,100,100092,100,98937,100,100439,100,98868,100,100492,100,,,100646,100,,
2019-06-28 10:04:59.946150581,99542,558,99361,558,99549,100,99327,100,99586,100,99274,100,99670,100,99273,44,99671,100,99230,100,99711,100,98954,100,99720,100,98937,100,100092,100,98868,100,100439,100,,,100492,100,,
2019-06-28 10:05:00.000000000,99542,558,99361,558,99549,100,99327,100,99586,100,99274,100,99670,100,99273,44,99671,100,99230,100,99711,100,98954,100,99720,100,98937,100,100092,100,98868,100,100439,100,,,100492,100,,
2019-06-28 10:05:03.317447362,99542,458,99361,558,99549,100,99327,100,99670,100,99274,100,99671,100,99273,44,99711,100,99230,100,99720,100,98954,100,100092,100,98937,100,100439,100,98868,100,100492,100,,,100646,100,,
2019-06-28 10:05:10.000000000,99549,192,99361,192,99670,192,99327,192,99671,192,99274,192,99711,192,99273,136,99720,192,99230,192,100092,100,98954,100,100439,100,98937,100,100492,100,98868,100,100646,100,,,100654,100,,
2019-06-28 10:05:11.551225970,99549,192,99513,100,99670,192,99361,192,99671,192,99327,192,99711,192,99274,192,99720,192,99273,136,100092,100,99230,192,100439,100,98954,100,100492,100,98937,100,100646,100,98868,100,100654,100,,
2019-06-28 10:05:20.000000000,99549,558,99513,558,99670,100,99361,100,99671,100,99327,100,99711,100,99274,100,99720,100,99273,44,100092,100,99230,100,100439,100,98954,100,100492,100,98937,100,100646,100,98868,100,100654,100,,
2019-06-28 10:05:29.734368564,99549,558,99513,558,99670,100,99361,100,99671,100,99327,100,99711,100,99274,100,99720,100,99273,44,100092,100,99230,100,100265,100,98954,100,100439,100,98937,100,100492,100,98868,100,100646,100,,
2019-06-28 10:05:30.000000000,99549,214,99513,214,99670,214,99361,214,99671,214,99327,214,99711,214,99274,214,99720,100,99273,44,100092,100,99230,100,100265,100,98954,100,100439,100,98937,100,100492,100,98868,100,100646,100,,
2019-06-28 10:05:40.000000000,99549,192,99513,192,99670,192,99361,192,99671,192,99327,192,99711,192,99274,192,99720,192,99273,136,100092,100,99230,100,100265,100,98954,100,100439,100,98937,100,100492,100,98868,100,100646,100,,
2019-06-28 10:05:50.000000000,99549,192,99513,192,99670,192,99361,192,99671,192,99327,192,99711,192,99274,192,99720,192,99273,136,100092,100,99230,100,100265,100,98954,100,100439,100,98937,100,100492,100,98868,100,100646,100,,
2019-06-28 10:05:56.957088965,99549,192,99513,192,99670,192,99361,192,99671,192,99327,192,99711,192,99274,192,99720,192,99273,92,100092,100,99230,100,100174,100,98954,100,100265,100,98937,100,100439,100,98868,100,100492,100,,
2019-06-28 10:06:00.000000000,99549,214,99513,214,99670,214,99361,214,99671,214,99327,214,99711,214,99274,214,99720,100,99230,100,100092,100,98954,100,100174,100,98937,100,100265,100,98868,100,100439,100,,,100492,100,,
2019-06-28 10:06:10.000000000,99549,558,99513,558,99670,100,99361,100,99671,100,99327,100,99711,100,99274,100,99720,100,99230,100,100092,100,98954,100,100174,100,98937,100,100265,100,98868,100,100439,100,,,100492,100,,
2019-06-28 10:06:19.340104398,99549,558,99513,558,99670,100,99361,100,99671,100,99327,100,99711,100,99274,100,99720,100,99230,100,99968,100,98954,100,100092,100,98937,100,100174,100,98868,100,100265,100,,,100439,100,,
2019-06-28 10:06:20.000000000,99549,214,99513,214,99670,214,99361,214,99671,214,99327,214,99711,214,99274,214,99720,100,99230,100,99968,100,98954,100,100092,100,98937,100,100174,100,98868,100,100265,100,,,100439,100,,
2019-06-28 10:06:28.805706796,99541,100,99513,214,99549,214,99361,214,99670,214,99327,214,99671,214,99274,214,99711,214,99230,100,99720,100,98954,100,99968,100,98937,100,100092,100,98868,100,100174,100,,,100265,100,,
2019-06-28 10:06:30.000000000,99541,329,99513,329,99549,329,99361,329,99670,100,99327,100,99671,100,99274,100,99711,100,99230,100,99720,100,98954,100,99968,100,98937,100,100092,100,98868,100,100174,100,,,100265,100,,
2019-06-28 10:06:30.257755410,99541,329,99513,329,99549,329,99361,329,99670,100,99327,100,99671,100,99274,100,99711,100,99230,100,99720,100,98954,100,99855,100,98937,100,99968,100,98868,100,100092,100,,,100174,100,,
2019-06-28 10:06:40.000000000,99541,256,99513,256,99549,251,99361,251,99670,251,99327,251,99671,100,99274,100,99711,100,99230,100,99720,100,98954,100,99855,100,98937,100,99968,100,98868,100,100092,100,,,100174,100,,
2019-06-28 10:06:40.054211162,99541,156,99513,256,99549,251,99361,251,99670,251,99327,251,99671,100,99274,100,99711,100,99230,100,99720,100,98954,100,99855,100,98937,100,99968,100,98868,100,100092,100,,,100174,100,,
2019-06-28 10:06:46.254236003,99541,156,99513,356,99549,251,99361,251,99670,251,99327,251,99671,100,99274,100,99711,100,99230,100,99720,100,98954,100,99855,100,98937,100,99968,100,98868,100,100092,100,,,100174,100,,
2019-06-28 10:06:50.000000000,99549,329,99513,429,99670,329,99361,329,99671,100,99327,100,99711,100,99274,100,99720,100,99230,100,99855,100,98954,100,99968,100,98937,100,100092,100,98868,100,100174,100,,,100265,100,,
2019-06-28 10:07:00.000000000,99549,214,99513,314,99670,214,99361,214,99671,214,99327,214,99711,214,99274,214,99720,100,99230,100,99855,100,98954,100,99968,100,98937,100,100092,100,98868,100,100174,100,,,100265,100,,
2019-06-28 10:07:09.069517376,99549,114,99513,314,99670,214,99361,214,99671,214,99327,214,99711,214,99274,214,99720,100,99230,100,99855,100,98954,100,99968,100,98937,100,100092,100,98868,100,100174,100,,,100265,100,,
2019-06-28 10:07:10.000000000,99670,256,99513,356,99671,251,99361,251,99711,251,99327,251,99720,100,99274,100,99855,100,99230,100,99968,100,98954,100,100092,100,98937,100,100174,100,98868,100,100265,100,,,100439,100,,
2019-06-28 10:07:20.000000000,99670,558,99513,658,99671,100,99361,100,99711,100,99327,100,99720,100,99274,100,99855,100,99230,100,99968,100,98954,100,100092,100,98937,100,100174,100,98868,100,100265,100,,,100439,100,,
2019-06-28 10:07:30.000000000,99670,329,99513,429,99671,329,99361,329,99711,100,99327,100,99720,100,99274,100,99855,100,99230,100,99968,100,98954,100,100092,100,98937,100,100174,100,98868,100,100265,100,,,100439,100,,
2019-06-28 10:07:33.469681764,99670,329,99513,429,99671,329,99361,329,99711,100,99327,100,99720,100,99274,100,99772,100,99230,100,99968,100,98954,100,100092,100,98937,100,100174,100,98868,100,100265,100,,,100439,100,,
2019-06-28 10:07:40.000000000,99670,329,99513,429,99671,329,99361,329,99711,100,99327,100,99720,100,99274,100,99772,100,99230,100,99968,100,98954,100,100092,100,98937,100,100174,100,98868,100,100265,100,,,100439,100,,
2019-06-28 10:07:42.337711912,99670,329,99513,429,99671,329,99361,329,99711,100,99327,100,99720,100,99274,100,99772,100,99230,100,99967,100,98954,100,99968,100,98937,100,100092,100,98868,100,100174,100,,,100265,100,,
2019-06-28 10:07:43.168777129,99670,329,99513,429,99671,329,99417,100,99711,100,99361,329,99720,100,99327,100,99967,100,99274,100,99968,100,99230,100,100092,100,98954,100,100174,100,98937,100,100265,100,98868,100,100439,100,,
2019-06-28 10:07:44.735878875,99670,229,99513,429,99671,329,99417,100,99711,100,99361,329,99720,100,99327,100,99967,100,99274,100,99968,100,99230,100,100092,100,98954,100,100174,100,98937,100,100439,100,98868,100,100492,100,,
2019-06-28 10:07:47.812810505,99670,229,99541,100,99671,329,99513,429,99711,100,99417,100,99720,100,99361,329,99967,100,99327,100,99968,100,99274,100,100092,100,99230,100,100174,100,98954,100,100439,100,98937,100,100492,100,98868,100
2019-06-28 10:07:50.000000000,99671,256,99541,256,99711,251,99513,351,99720,251,99417,251,99967,100,99361,100,99968,100,99327,100,100092,100,99274,100,100174,100,99230,100,100439,100,98954,100,100492,100,98937,100,100654,100,98868,100
2019-06-28 10:08:00.000000000,99671,214,99541,214,99711,214,99513,314,99720,214,99417,214,99967,214,99361,214,99968,100,99327,100,100092,100,99274,100,100174,100,99230,100,100439,100,98954,100,100492,100,98937,100,100654,100,98868,100
2019-06-28 10:08:10.000000000,99671,558,99541,558,99711,100,99513,200,99720,100,99417,100,99967,100,99361,100,99968,100,99327,100,100092,100,99274,100,100174,100,99230,100,100439,100,98954,100,100492,100,98937,100,100654,100,98868,100
