,ask_price_1,ask_size_1,bid_price_1,bid_size_1,ask_price_2,ask_size_2,bid_price_2,bid_size_2,ask_price_3,ask_size_3,bid_price_3,bid_size_3,ask_price_4,ask_size_4,bid_price_4,bid_size_4,ask_price_5,ask_size_5,bid_price_5,bid_size_5,ask_price_6,ask_size_6,bid_price_6,bid_size_6,ask_price_7,ask_size_7,bid_price_7,bid_size_7,ask_price_8,ask_size_8,bid_price_8,bid_size_8,ask_price_9,ask_size_9,bid_price_9,bid_size_9,ask_price_10,ask_size_10,bid_price_10,bid_size_10
2019-06-28 09:30:00.000000000,100046,100,99953,100,,,99948,100,,,,,,,,,,,,,,,,,,,,,,,,,,,,,,,,
2019-06-28 09:30:00.000000003,100046,100,99953,100,,,99948,100,,,99826,100,,,,,,,,,,,,,,,,,,,,,,,,,,,,
2019-06-28 09:30:00.000000006,100018,100,99953,100,100046,100,99948,100,100096,100,99826,100,,,,,,,,,,,,,,,,,,,,,,,,,,,,
2019-06-28 09:30:00.000000007,100018,100,99967,100,100046,100,99953,100,100096,100,99948,100,100239,100,99826,100,,,,,,,,,,,,,,,,,,,,,,,,
2019-06-28 09:30:00.000000013,100018,100,99967,100,100046,100,99953,100,100096,100,99948,100,100239,100,99831,100,,,99826,100,,,,,,,,,,,,,,,,,,,,
2019-06-28 09:30:00.000000014,100018,100,99967,100,100046,100,99953,100,100096,100,99948,100,100239,100,99831,100,,,99826,100,,,99815,100,,,,,,,,,,,,,,,,
2019-06-28 09:30:00.000000015,100018,100,99967,100,100046,100,99953,100,100096,100,99948,100,100133,100,99831,100,100239,100,99826,100,,,99815,100,,,,,,,,,,,,,,,,
2019-06-28 09:30:00.000000016,100018,100,99967,100,100046,100,99953,100,100096,100,99948,100,100127,100,99889,100,100133,100,99831,100,100239,100,99826,100,,,99815,100,,,,,,,,,,,,
2019-06-28 09:30:00.000000018,99973,100,99967,100,100018,100,99953,100,100046,100,99948,100,100096,100,99889,100,100127,100,99831,100,100133,100,99826,100,100239,100,99815,100,,,,,,,,,,,,
2019-06-28 09:30:00.000000019,99984,100,99967,100,100018,100,99953,100,100046,100,99948,100,100096,100,99889,100,100127,100,99831,100,100133,100,99826,100,100239,100,99815,100,,,,,,,,,,,,
2019-06-28 09:30:00.000000025,99984,100,99967,100,100018,100,99953,100,100046,100,99948,100,100096,100,99889,100,100108,100,99831,100,100127,100,99826,100,100133,100,99815,100,100239,100,,,,,,,,,,
2019-06-28 09:30:00.000000027,99984,100,99967,100,100018,100,99953,100,100027,100,99948,100,100046,100,99889,100,100096,100,99831,100,100108,100,99826,100,100127,100,99815,100,100133,100,,,100239,100,,,,,,
2019-06-28 09:30:00.000000029,99984,100,99975,100,100018,100,99967,100,100027,100,99953,100,100046,100,99948,100,100096,100,99889,100,100108,100,99831,100,100127,100,99826,100,100133,100,99815,100,100239,100,,,,,,
2019-06-28 09:30:00.000000030,99984,100,99975,100,100018,100,99967,100,100027,100,99953,100,100044,100,99948,100,100046,100,99889,100,100096,100,99831,100,100108,100,99826,100,100127,100,99815,100,100133,100,,,100239,100,,
2019-06-28 09:30:00.000000031,99984,100,99975,100,100018,100,99967,100,100027,100,99953,100,100044,100,99948,100,100046,100,99889,100,100050,100,99831,100,100096,100,99826,100,100108,100,99815,100,100127,100,,,100133,100,,
2019-06-28 09:30:00.000000032,100018,100,99975,100,100027,100,99967,100,100032,100,99953,100,100044,100,99948,100,100046,100,99889,100,100050,100,99831,100,100096,100,99826,100,100108,100,99815,100,100127,100,,,100133,100,,
2019-06-28 09:30:00.000000033,100018,100,99975,100,100027,100,99967,100,100032,100,99953,100,100044,100,99948,100,100046,100,99889,100,100050,100,99831,100,100096,100,99826,100,100108,100,99815,100,100127,100,,,100133,100,,
2019-06-28 09:30:00.000000036,100027,100,99975,100,100032,100,99967,100,100044,100,99953,100,100046,100,99948,100,100050,100,99889,100,100096,100,99831,100,100108,100,99826,100,100127,100,99815,100,100133,100,,,100172,100,,
2019-06-28 09:30:00.000000039,100027,100,99982,100,100032,100,99975,100,100044,100,99967,100,100046,100,99953,100,100050,100,99948,100,100096,100,99889,100,100108,100,99831,100,100127,100,99826,100,100133,100,99815,100,100172,100,,
2019-06-28 09:30:00.000000041,100027,100,100025,100,100032,100,99982,100,100044,100,99975,100,100046,100,99967,100,100048,100,99953,100,100050,100,99948,100,100096,100,99889,100,100108,100,99831,100,100127,100,99826,100,100133,100,99815,100
2019-06-28 09:30:00.000000042,100032,100,100025,100,100044,100,99982,100,100046,100,99975,100,100048,100,99967,100,100050,100,99953,100,100096,100,99948,100,100108,100,99889,100,100127,100,99831,100,100133,100,99826,100,100162,100,99815,100
2019-06-28 09:30:00.000000044,100032,100,100026,100,100044,100,100025,100,100046,100,99982,100,100048,100,99975,100,100050,100,99967,100,100096,100,99953,100,100108,100,99948,100,100127,100,99889,100,100133,100,99831,100,100162,100,99826,100
2019-06-28 09:30:00.000000048,100027,100,100026,100,100032,100,100025,100,100044,100,99982,100,100046,100,99975,100,100048,100,99967,100,100050,100,99953,100,100066,100,99948,100,100096,100,99889,100,100108,100,99831,100,100127,100,99826,100
2019-06-28 09:30:00.000000049,100027,100,100026,100,100032,100,100025,100,100044,100,99982,100,100046,100,99975,100,100048,100,99967,100,100050,100,99962,100,100066,100,99953,100,100096,100,99948,100,100108,100,99889,100,100127,100,99831,100
2019-06-28 09:30:00.000000050,100032,100,100026,100,100044,100,100025,100,100046,100,99982,100,100048,100,99975,100,100050,100,99967,100,100066,100,99962,100,100096,100,99953,100,100108,100,99948,100,100127,100,99889,100,100133,100,99831,100
2019-06-28 09:30:00.000000053,100032,100,100026,100,100044,100,100025,100,100046,100,99982,100,100048,100,99975,100,100050,100,99967,100,100066,100,99962,100,100082,100,99953,100,100096,100,99948,100,100108,100,99889,100,100127,100,99831,100
2019-06-28 09:30:00.000000054,100032,100,100025,100,100044,100,99982,100,100046,100,99975,100,100048,100,99967,100,100050,100,99962,100,100066,100,99953,100,100082,100,99948,100,100096,100,99889,100,100108,100,99831,100,100127,100,99826,100
2019-06-28 09:30:00.000000056,100027,100,100025,100,100032,100,99998,100,100044,100,99982,100,100046,100,99975,100,100048,100,99967,100,100050,100,99962,100,100066,100,99953,100,100082,100,99948,100,100096,100,99889,100,100108,100,99831,100
2019-06-28 09:30:00.000000058,100027,100,100025,100,100032,100,99998,100,100044,100,99982,100,100045,100,99975,100,100046,100,99967,100,100048,100,99962,100,100050,100,99953,100,100066,100,99948,100,100082,100,99889,100,100096,100,99831,100
2019-06-28 09:30:00.000000059,100027,100,100025,100,100032,100,99998,100,100044,100,99982,100,100045,100,99975,100,100046,100,99967,100,100048,100,99962,100,100050,100,99954,100,100066,100,99953,100,100082,100,99948,100,100096,100,99889,100
2019-06-28 09:30:00.000000060,100027,100,99998,100,100032,100,99982,100,100044,100,99975,100,100045,100,99967,100,100046,100,99962,100,100048,100,99954,100,100050,100,99953,100,100066,100,99948,100,100080,100,99889,100,100082,100,99831,100
2019-06-28 09:30:00.000000063,100026,100,99998,100,100027,100,99982,100,100032,100,99975,100,100044,100,99967,100,100045,100,99962,100,100046,100,99954,100,100048,100,99953,100,100050,100,99948,100,100066,100,99889,100,100080,100,99831,100
2019-06-28 09:30:00.000000067,100026,100,99998,100,100027,100,99982,100,100032,100,99975,100,100044,100,99967,100,100045,100,99962,100,100046,100,99954,100,100048,100,99953,100,100050,100,99948,100,100066,100,99889,100,100071,100,99831,100
2019-06-28 09:30:00.000000068,100026,100,99998,100,100027,100,99982,100,100032,100,99975,100,100044,100,99967,100,100045,100,99962,100,100046,100,99954,100,100048,200,99953,100,100050,100,99948,100,100066,100,99889,100,100071,100,99831,100
2019-06-28 09:30:00.000000071,100026,100,99998,100,100027,100,99982,100,100032,100,99975,100,100044,100,99967,100,100045,100,99962,100,100046,100,99954,100,100048,200,99953,100,100050,100,99948,100,100066,100,99919,100,100071,100,99889,100
2019-06-28 09:30:00.000000072,100026,200,99998,100,100027,100,99982,100,100032,100,99975,100,100044,100,99967,100,100045,100,99962,100,100046,100,99954,100,100048,200,99953,100,100050,100,99948,100,100066,100,99919,100,100071,100,99889,100
2019-06-28 09:30:00.000000073,100026,200,99998,100,100027,100,99982,100,100032,100,99975,100,100044,100,99969,100,100045,100,99967,100,100046,100,99962,100,100048,200,99954,100,100050,100,99953,100,100066,100,99948,100,100071,100,99919,100
2019-06-28 09:30:00.000000074,100026,200,99998,100,100027,100,99982,100,100032,100,99975,100,100044,100,99969,100,100045,100,99967,100,100046,100,99962,100,100048,200,99954,100,100050,100,99953,100,100052,100,99948,100,100066,100,99919,100
2019-06-28 09:30:00.000000077,100026,200,100025,100,100027,100,99998,100,100032,100,99982,100,100044,100,99975,100,100045,100,99969,100,100046,100,99967,100,100048,200,99962,100,100050,100,99954,100,100052,100,99953,100,100066,100,99948,100
2019-06-28 09:30:00.000000080,100026,200,100025,100,100027,100,99998,100,100032,100,99982,100,100044,100,99975,100,100045,100,99969,100,100046,100,99967,100,100048,200,99962,100,100050,100,99954,100,100052,100,99953,100,100066,100,99948,100
2019-06-28 09:30:00.000000081,100026,300,100025,100,100027,100,99998,100,100032,100,99982,100,100044,100,99975,100,100045,100,99969,100,100046,100,99967,100,100048,200,99962,100,100050,100,99954,100,100052,100,99953,100,100066,100,99948,100
2019-06-28 09:30:00.000000085,100026,400,100025,100,100027,100,99998,100,100032,100,99982,100,100044,100,99975,100,100045,100,99969,100,100046,100,99967,100,100048,200,99962,100,100050,100,99954,100,100052,100,99953,100,100066,100,99948,100
2019-06-28 09:30:00.000000087,100026,400,99982,100,100027,100,99975,100,100032,100,99969,100,100044,100,99967,100,100045,100,99962,100,100046,100,99954,100,100048,200,99953,100,100050,100,99948,100,100052,100,99946,100,100066,100,99919,100
2019-06-28 09:30:00.000000089,100026,400,99982,100,100027,100,99975,100,100032,100,99969,100,100044,100,99967,100,100045,100,99962,100,100046,100,99954,100,100048,200,99953,100,100050,100,99948,100,100052,100,99946,100,100066,100,99919,100
2019-06-28 09:30:00.000000094,100026,400,99982,100,100027,100,99975,100,100032,100,99969,100,100044,100,99967,100,100045,100,99962,100,100046,100,99954,100,100048,200,99953,100,100050,100,99948,100,100052,100,99946,100,100066,100,99919,100
2019-06-28 09:30:00.000000095,100026,400,99982,100,100027,100,99975,100,100032,100,99969,100,100044,100,99967,100,100045,100,99962,100,100046,100,99954,100,100048,200,99953,100,100050,100,99948,100,100052,100,99946,100,100065,100,99919,100
2019-06-28 09:30:00.000000096,100026,300,99982,100,100027,100,99975,100,100032,100,99969,100,100044,100,99967,100,100045,100,99962,100,100046,100,99954,100,100048,200,99953,100,100050,100,99948,100,100052,100,99946,100,100065,100,99919,100
2019-06-28 09:30:10.000000000,100026,396,99982,196,100027,196,99975,196,100032,196,99969,196,100044,196,99967,196,100045,100,99962,100,100046,100,99954,100,100048,200,99953,100,100050,100,99948,100,100052,100,99946,100,100065,100,99919,100
2019-06-28 09:30:20.000000000,100026,682,99982,482,100027,100,99975,100,100032,100,99969,100,100044,100,99967,100,100045,100,99962,100,100046,100,99954,100,100048,200,99953,100,100050,100,99948,100,100052,100,99946,100,100065,100,99919,100
2019-06-28 09:30:26.401748624,100026,682,99982,482,100027,100,99975,100,100032,100,99969,100,100044,100,99967,100,100045,100,99962,100,100046,100,99954,100,100048,200,99953,100,100050,100,99948,100,100052,100,99946,100,100065,100,99919,100
2019-06-28 09:30:29.185896299,100026,682,99982,382,100027,100,99975,100,100032,100,99969,100,100044,100,99967,100,100045,100,99962,100,100046,100,99954,100,100048,200,99953,100,100050,100,99948,100,100052,100,99946,100,100065,100,99919,100
2019-06-28 09:30:30.000000000,100026,396,99975,196,100027,196,99969,196,100032,196,99967,196,100044,196,99962,196,100045,100,99954,100,100046,100,99953,100,100048,200,99948,100,100050,100,99946,100,100052,100,99919,100,100065,100,99909,100
2019-06-28 09:30:38.254209315,100026,396,99975,196,100027,196,99969,196,100032,196,99967,196,100044,196,99962,196,100045,100,99954,100,100046,100,99953,100,100048,200,99946,100,100050,100,99919,100,100052,100,99909,100,100065,100,99889,100
2019-06-28 09:30:40.000000000,100026,430,99975,230,100027,226,99969,226,100032,226,99967,226,100044,100,99962,100,100045,100,99954,100,100046,100,99953,100,100048,200,99946,100,100050,100,99919,100,100052,100,99909,100,100065,100,99889,100
2019-06-28 09:30:44.363397515,100026,430,99975,230,100027,226,99969,226,100032,226,99967,226,100044,100,99962,100,100045,100,99954,100,100046,100,99953,100,100048,200,99946,100,100050,100,99919,100,100052,100,99909,100,100065,100,99889,100
2019-06-28 09:30:45.095869013,100026,430,99975,230,100027,226,99969,226,100032,226,99967,226,100044,100,99962,100,100045,100,99954,100,100046,100,99953,100,100048,200,99946,100,100050,100,99919,100,100052,100,99917,100,100065,100,99909,100
2019-06-28 09:30:50.000000000,100026,491,99975,291,100027,291,99969,291,100032,100,99967,100,100044,100,99962,100,100045,100,99954,100,100046,100,99953,100,100048,200,99946,100,100050,100,99919,100,100052,100,99917,100,100065,100,99909,100
2019-06-28 09:30:59.644691258,100026,491,99975,291,100027,291,99969,291,100032,100,99967,100,100045,100,99962,100,100046,100,99954,100,100048,200,99953,100,100050,100,99947,100,100052,100,99946,100,100065,100,99919,100,100066,100,99917,100
2019-06-28 09:31:00.000000000,100026,396,99975,196,100027,196,99969,196,100032,196,99967,196,100045,196,99962,196,100046,100,99954,100,100048,200,99953,100,100050,100,99947,100,100052,100,99946,100,100065,100,99919,100,100066,100,99917,100
2019-06-28 09:31:10.000000000,100026,396,99975,196,100027,196,99969,196,100032,196,99967,196,100045,196,99962,196,100046,100,99954,100,100048,200,99953,100,100050,100,99947,100,100052,100,99946,100,100065,100,99919,100,100066,100,99917,100
2019-06-28 09:31:13.361937942,100026,396,99975,196,100027,196,99969,96,100032,196,99967,196,100045,196,99962,196,100046,100,99954,100,100048,200,99953,100,100050,100,99947,100,100052,100,99946,100,100065,100,99919,100,100066,100,99917,100
2019-06-28 09:31:20.000000000,100026,376,99975,176,100027,176,99967,176,100032,176,99962,176,100045,176,99954,176,100046,176,99953,176,100048,200,99947,100,100050,100,99946,100,100052,100,99919,100,100065,100,99917,100,100066,100,99909,100
2019-06-28 09:31:21.589874950,100026,376,99983,100,100027,176,99975,176,100032,176,99967,176,100045,176,99962,176,100046,176,99954,176,100048,200,99953,176,100050,100,99947,100,100052,100,99946,100,100065,100,99919,100,100066,100,99917,100
2019-06-28 09:31:28.761949656,100026,376,99983,100,100027,176,99975,176,100032,176,99967,176,100045,176,99962,176,100046,176,99954,176,100048,200,99953,176,100050,100,99947,100,100052,100,99946,100,100065,100,99919,100,100080,100,99917,100
2019-06-28 09:31:30.000000000,100026,430,99983,230,100027,226,99975,226,100032,226,99967,226,100045,100,99962,100,100046,100,99954,100,100048,200,99953,100,100050,100,99947,100,100052,100,99946,100,100065,100,99919,100,100080,100,99917,100
2019-06-28 09:31:30.584272321,100026,430,99983,230,100027,226,99975,226,100032,226,99967,226,100045,100,99962,100,100046,100,99954,100,100048,200,99953,100,100050,100,99947,100,100052,100,99946,100,100065,100,99919,100,100080,100,99909,100
2019-06-28 09:31:30.703192299,100026,430,99983,230,100027,226,99975,226,100032,226,99967,226,100045,100,99962,100,100046,100,99954,100,100048,200,99953,100,100050,100,99947,100,100052,100,99946,100,100065,100,99919,100,100080,100,99909,100
2019-06-28 09:31:40.000000000,100026,376,99983,176,100027,176,99975,176,100032,176,99967,176,100045,176,99962,176,100046,176,99954,176,100048,200,99953,100,100050,100,99947,100,100052,100,99946,100,100065,100,99919,100,100080,100,99909,100
2019-06-28 09:31:50.000000000,100026,430,99983,230,100027,226,99975,226,100032,226,99967,226,100045,100,99962,100,100046,100,99954,100,100048,200,99953,100,100050,100,99947,100,100052,100,99946,100,100065,100,99919,100,100080,100,99909,100
2019-06-28 09:32:00.000000000,100026,682,99983,482,100027,100,99975,100,100032,100,99967,100,100045,100,99962,100,100046,100,99954,100,100048,200,99953,100,100050,100,99947,100,100052,100,99946,100,100065,100,99919,100,100080,100,99909,100
2019-06-28 09:32:10.000000000,100026,376,99983,176,100027,176,99975,176,100032,176,99967,176,100045,176,99962,176,100046,176,99954,176,100048,200,99953,100,100050,100,99947,100,100052,100,99946,100,100065,100,99919,100,100080,100,99909,100
2019-06-28 09:32:10.468254186,100026,376,99983,76,100027,176,99975,176,100032,176,99967,176,100045,176,99962,176,100046,176,99954,176,100048,200,99953,100,100050,100,99947,100,100052,100,99946,100,100065,100,99919,100,100080,100,99909,100
2019-06-28 09:32:20.000000000,100026,682,99975,482,100027,100,99967,100,100032,100,99962,100,100045,100,99954,100,100046,100,99953,100,100048,200,99947,100,100050,100,99946,100,100052,100,99919,100,100065,100,99909,100,100080,100,99889,100
2019-06-28 09:32:21.684461110,100026,682,99975,482,100027,100,99967,100,100032,100,99962,100,100045,100,99954,100,100046,100,99953,100,100048,200,99947,100,100050,100,99946,100,100052,100,99919,100,100065,100,99909,100,100080,100,99889,100
2019-06-28 09:32:30.000000000,100026,682,99975,482,100027,100,99967,100,100032,100,99962,100,100045,100,99954,100,100046,100,99953,100,100048,200,99947,100,100050,100,99946,100,100052,100,99919,100,100065,100,99909,100,100080,100,99889,100
2019-06-28 09:32:31.079182094,100026,682,99975,382,100027,100,99967,100,100032,100,99962,100,100045,100,99954,100,100046,100,99953,100,100048,200,99947,100,100050,100,99946,100,100052,100,99919,100,100065,100,99909,100,100080,100,99889,100
2019-06-28 09:32:40.000000000,100026,396,99967,196,100027,196,99962,196,100032,196,99954,196,100045,196,99953,196,100046,100,99947,100,100048,200,99946,100,100050,100,99919,100,100052,100,99909,100,100065,100,99889,100,100080,100,99856,100
2019-06-28 09:32:47.866227240,100026,396,99967,96,100027,196,99962,196,100032,196,99954,196,100045,196,99953,196,100046,100,99947,100,100048,200,99946,100,100050,100,99919,100,100052,100,99909,100,100065,100,99889,100,100080,100,99831,100
2019-06-28 09:32:50.000000000,100026,430,99962,230,100027,226,99954,226,100032,226,99953,226,100045,100,99947,100,100046,100,99946,100,100048,200,99919,100,100050,100,99909,100,100052,100,99889,100,100065,100,99831,100,100080,100,99826,100
2019-06-28 09:32:53.297932012,100026,430,99962,130,100027,226,99954,226,100032,226,99953,226,100045,100,99947,100,100046,100,99946,100,100048,200,99919,100,100050,100,99909,100,100052,100,99889,100,100065,100,99831,100,100080,100,99826,100
2019-06-28 09:33:00.000000000,100026,682,99954,482,100027,100,99953,100,100032,100,99947,100,100045,100,99946,100,100046,100,99919,100,100048,200,99909,100,100050,100,99889,100,100052,100,99831,100,100065,100,99826,100,100080,100,99687,100
2019-06-28 09:33:10.000000000,100026,376,99954,176,100027,176,99953,176,100032,176,99947,176,100045,176,99946,176,100046,176,99919,176,100048,200,99909,100,100050,100,99889,100,100052,100,99831,100,100065,100,99826,100,100080,100,99687,100
2019-06-28 09:33:20.000000000,100026,396,99954,196,100027,196,99953,196,100032,196,99947,196,100045,196,99946,196,100046,100,99919,100,100048,200,99909,100,100050,100,99889,100,100052,100,99831,100,100065,100,99826,100,100080,100,99687,100
2019-06-28 09:33:30.000000000,100026,491,99954,291,100027,291,99953,291,100032,100,99947,100,100045,100,99946,100,100046,100,99919,100,100048,200,99909,100,100050,100,99889,100,100052,100,99831,100,100065,100,99826,100,100080,100,99687,100
2019-06-28 09:33:40.000000000,100026,430,99954,230,100027,226,99953,226,100032,226,99947,226,100045,100,99946,100,100046,100,99919,100,100048,200,99909,100,100050,100,99889,100,100052,100,99831,100,100065,100,99826,100,100080,100,99687,100
2019-06-28 09:33:50.000000000,100026,491,99954,291,100027,291,99953,291,100032,100,99947,100,100045,100,99946,100,100046,100,99919,100,100048,200,99909,100,100050,100,99889,100,100052,100,99831,100,100065,100,99826,100,100080,100,99687,100
2019-06-28 09:33:55.555865953,100026,491,99954,291,100027,291,99953,291,100032,100,99947,100,100045,100,99946,100,100046,100,99919,100,100048,200,99909,100,100050,100,99889,100,100052,100,99831,100,100065,100,99826,100,100080,100,99687,100
2019-06-28 09:34:00.000000000,100026,396,99954,196,100027,196,99953,196,100032,196,99947,196,100045,196,99946,196,100046,100,99919,100,100048,200,99909,100,100050,100,99889,100,100052,100,99831,100,100065,100,99826,100,100080,100,99687,100
2019-06-28 09:34:10.000000000,100026,491,99954,291,100027,291,99953,291,100032,100,99947,100,100045,100,99946,100,100046,100,99919,100,100048,200,99909,100,100050,100,99889,100,100052,100,99831,100,100065,100,99826,100,100080,100,99687,100
2019-06-28 09:34:20.000000000,100026,396,99954,196,100027,196,99953,196,100032,196,99947,196,100045,196,99946,196,100046,100,99919,100,100048,200,99909,100,100050,100,99889,100,100052,100,99831,100,100065,100,99826,100,100080,100,99687,100
2019-06-28 09:34:23.430668133,100026,296,99954,196,100027,196,99953,196,100032,196,99947,196,100045,196,99946,196,100046,100,99919,100,100048,200,99909,100,100050,100,99889,100,100052,100,99831,100,100065,100,99826,100,100080,100,99687,100
2019-06-28 09:34:30.000000000,100026,391,99954,291,100027,291,99953,291,100032,100,99947,100,100045,100,99946,100,100046,100,99919,100,100048,200,99909,100,100050,100,99889,100,100052,100,99831,100,100065,100,99826,100,100080,100,99687,100
2019-06-28 09:34:39.111966832,100026,391,99954,291,100027,291,99953,291,100032,100,99947,100,100045,100,99946,100,100046,100,99919,100,100048,200,99909,100,100050,100,99889,100,100052,100,99831,100,100065,100,99826,100,100080,100,99687,100
2019-06-28 09:34:39.349398866,100026,391,99968,100,100027,291,99954,291,100032,100,99953,291,100045,100,99947,100,100046,100,99946,100,100048,200,99919,100,100050,100,99909,100,100052,100,99889,100,100065,100,99831,100,100080,100,99826,100
2019-06-28 09:34:40.000000000,100026,391,99968,291,100027,291,99954,291,100032,100,99953,100,100045,100,99947,100,100046,100,99946,100,100048,200,99919,100,100050,100,99909,100,100052,100,99889,100,100065,100,99831,100,100080,100,99826,100
2019-06-28 09:34:50.000000000,100026,296,99968,196,100027,196,99954,196,100032,196,99953,196,100045,196,99947,196,100046,100,99946,100,100048,200,99919,100,100050,100,99909,100,100052,100,99889,100,100065,100,99831,100,100080,100,99826,100
2019-06-28 09:35:00.000000000,100026,276,99968,176,100027,176,99954,176,100032,176,99953,176,100045,176,99947,176,100046,176,99946,176,100048,200,99919,100,100050,100,99909,100,100052,100,99889,100,100065,100,99831,100,100080,100,99826,100
2019-06-28 09:35:10.000000000,100026,330,99968,230,100027,226,99954,226,100032,226,99953,226,100045,100,99947,100,100046,100,99946,100,100048,200,99919,100,100050,100,99909,100,100052,100,99889,100,100065,100,99831,100,100080,100,99826,100
2019-06-28 09:35:14.740273476,100026,330,99968,330,100027,226,99954,226,100032,226,99953,226,100045,100,99947,100,100046,100,99946,100,100048,200,99919,100,100050,100,99909,100,100052,100,99889,100,100065,100,99831,100,100080,100,99826,100
2019-06-28 09:35:20.000000000,100026,582,99968,582,100027,100,99954,100,100032,100,99953,100,100045,100,99947,100,100046,100,99946,100,100048,200,99919,100,100050,100,99909,100,100052,100,99889,100,100065,100,99831,100,100080,100,99826,100
2019-06-28 09:35:30.000000000,100026,582,99968,582,100027,100,99954,100,100032,100,99953,100,100045,100,99947,100,100046,100,99946,100,100048,200,99919,100,100050,100,99909,100,100052,100,99889,100,100065,100,99831,100,100080,100,99826,100
2019-06-28 09:35:40.000000000,100026,276,99968,276,100027,176,99954,176,100032,176,99953,176,100045,176,99947,176,100046,176,99946,176,100048,200,99919,100,100050,100,99909,100,100052,100,99889,100,100065,100,99831,100,100080,100,99826,100
2019-06-28 09:35:50.000000000,100026,330,99968,330,100027,226,99954,226,100032,226,99953,226,100045,100,99947,100,100046,100,99946,100,100048,200,99919,100,100050,100,99909,100,100052,100,99889,100,100065,100,99831,100,100080,100,99826,100
2019-06-28 09:35:53.349193541,100026,330,99995,100,100027,226,99968,330,100032,226,99954,226,100045,100,99953,226,100046,100,99947,100,100048,100,99946,100,100050,100,99919,100,100052,100,99909,100,100065,100,99889,100,100080,100,99831,100
2019-06-28 09:36:00.000000000,100026,296,99995,196,100027,196,99968,296,100032,196,99954,196,100045,196,99953,196,100046,100,99947,100,100048,100,99946,100,100050,100,99919,100,100052,100,99909,100,100065,100,99889,100,100080,100,99831,100
2019-06-28 09:36:06.547037119,100026,296,99995,196,100027,196,99988,100,100032,196,99968,296,100045,196,99954,196,100046,100,99953,196,100048,100,99947,100,100050,100,99946,100,100052,100,99919,100,100065,100,99909,100,100080,100,99889,100
2019-06-28 09:36:10.000000000,100026,296,99995,196,100027,196,99988,196,100032,196,99968,296,100045,196,99954,196,100046,100,99953,100,100048,100,99947,100,100050,100,99946,100,100052,100,99919,100,100065,100,99909,100,100080,100,99889,100
2019-06-28 09:36:18.542968398,100026,296,99995,196,100027,196,99988,196,100032,196,99968,396,100045,196,99954,196,100046,100,99953,100,100048,100,99947,100,100050,100,99946,100,100052,100,99919,100,100065,100,99909,100,100080,100,99889,100
2019-06-28 09:36:20.000000000,100026,296,99995,196,100027,196,99988,196,100032,196,99968,396,100045,196,99954,196,100046,100,99953,100,100048,100,99947,100,100050,100,99946,100,100052,100,99919,100,100065,100,99909,100,100080,100,99889,100
2019-06-28 09:36:23.798396954,100026,296,99995,196,100027,196,99988,196,100032,196,99968,396,100045,196,99954,196,100046,100,99953,100,100048,100,99947,100,100050,100,99946,100,100052,100,99919,100,100065,100,99909,100,100080,100,99889,100
2019-06-28 09:36:30.000000000,100026,276,99995,176,100027,176,99988,176,100032,176,99968,376,100045,176,99954,176,100046,176,99953,176,100048,100,99947,100,100050,100,99946,100,100052,100,99919,100,100065,100,99909,100,100080,100,99889,100
2019-06-28 09:36:40.000000000,100026,276,99995,176,100027,176,99988,176,100032,176,99968,376,100045,176,99954,176,100046,176,99953,176,100048,100,99947,100,100050,100,99946,100,100052,100,99919,100,100065,100,99909,100,100080,100,99889,100
2019-06-28 09:36:40.571547611,100026,276,99995,176,100027,176,99988,176,100032,176,99968,376,100045,176,99954,176,100046,176,99953,176,100048,100,99947,100,100050,100,99946,100,100052,100,99919,100,100065,100,99909,100,100080,100,99903,100
2019-06-28 09:36:50.000000000,100026,391,99995,291,100027,291,99988,291,100032,100,99968,300,100045,100,99954,100,100046,100,99953,100,100048,100,99947,100,100050,100,99946,100,100052,100,99919,100,100065,100,99909,100,100080,100,99903,100
2019-06-28 09:37:00.000000000,100026,276,99995,176,100027,176,99988,176,100032,176,99968,376,100045,176,99954,176,100046,176,99953,176,100048,100,99947,100,100050,100,99946,100,100052,100,99919,100,100065,100,99909,100,100080,100,99903,100
2019-06-28 09:37:02.502446772,100026,276,99995,76,100027,176,99988,176,100032,176,99968,376,100045,176,99954,176,100046,176,99953,176,100048,100,99947,100,100050,100,99946,100,100052,100,99919,100,100065,100,99909,100,100080,100,99903,100
2019-06-28 09:37:10.000000000,100026,276,99988,176,100027,176,99968,376,100032,176,99954,176,100045,176,99953,176,100046,176,99947,176,100048,100,99946,100,100050,100,99919,100,100052,100,99909,100,100065,100,99903,100,100080,100,99889,100
2019-06-28 09:37:20.000000000,100026,582,99988,482,100027,100,99968,300,100032,100,99954,100,100045,100,99953,100,100046,100,99947,100,100048,100,99946,100,100050,100,99919,100,100052,100,99909,100,100065,100,99903,100,100080,100,99889,100
2019-06-28 09:37:30.000000000,100026,296,99988,196,100027,196,99968,396,100032,196,99954,196,100045,196,99953,196,100046,100,99947,100,100048,100,99946,100,100050,100,99919,100,100052,100,99909,100,100065,100,99903,100,100080,100,99889,100
2019-06-28 09:37:40.000000000,100026,296,99988,196,100027,196,99968,396,100032,196,99954,196,100045,196,99953,196,100046,100,99947,100,100048,100,99946,100,100050,100,99919,100,100052,100,99909,100,100065,100,99903,100,100080,100,99889,100
2019-06-28 09:37:50.000000000,100026,330,99988,230,100027,226,99968,426,100032,226,99954,226,100045,100,99953,100,100046,100,99947,100,100048,100,99946,100,100050,100,99919,100,100052,100,99909,100,100065,100,99903,100,100080,100,99889,100
2019-06-28 09:37:58.632829615,100026,330,99988,130,100027,226,99968,426,100032,226,99954,226,100045,100,99953,100,100046,100,99947,100,100048,100,99946,100,100050,100,99919,100,100052,100,99909,100,100065,100,99903,100,100080,100,99889,100
2019-06-28 09:38:00.000000000,100026,296,99968,396,100027,196,99954,196,100032,196,99953,196,100045,196,99947,196,100046,100,99946,100,100048,100,99919,100,100050,100,99909,100,100052,100,99903,100,100065,100,99889,100,100080,100,99831,100
2019-06-28 09:38:05.006263153,100026,296,99968,396,100027,196,99954,196,100032,196,99953,196,100045,196,99947,196,100046,100,99946,100,100048,100,99919,100,100050,100,99909,100,100052,100,99903,100,100065,100,99889,100,100080,100,99831,100
2019-06-28 09:38:10.000000000,100026,276,99968,376,100027,176,99954,176,100032,176,99953,176,100045,176,99947,176,100046,176,99946,176,100048,100,99919,100,100050,100,99909,100,100052,100,99903,100,100065,100,99889,100,100080,100,99831,100
2019-06-28 09:38:20.000000000,100026,330,99968,430,100027,226,99954,226,100032,226,99953,226,100045,100,99947,100,100046,100,99946,100,100048,100,99919,100,100050,100,99909,100,100052,100,99903,100,100065,100,99889,100,100080,100,99831,100
2019-06-28 09:38:24.861374584,99995,100,99968,430,100026,330,99954,226,100027,226,99953,226,100032,226,99947,100,100045,100,99946,100,100046,100,99919,100,100048,100,99909,100,100050,100,99903,100,100052,100,99889,100,100065,100,99831,100
2019-06-28 09:38:29.608484211,99995,100,99968,430,100026,330,99954,226,100027,226,99953,226,100032,226,99947,100,100045,100,99946,100,100046,100,99919,100,100048,100,99909,100,100050,100,99903,100,100052,100,99889,100,100065,100,99831,100
2019-06-28 09:38:30.000000000,99995,176,99968,376,100026,276,99954,176,100027,176,99953,176,100032,176,99947,176,100045,176,99946,176,100046,100,99919,100,100048,100,99909,100,100050,100,99903,100,100052,100,99889,100,100065,100,99831,100
2019-06-28 09:38:36.622716962,99995,176,99968,376,100026,276,99954,176,100027,176,99953,176,100032,176,99947,176,100045,176,99946,176,100046,100,99919,100,100048,100,99909,100,100050,100,99903,100,100052,100,99889,100,100080,100,99831,100
2019-06-28 09:38:40.000000000,99995,176,99968,376,100026,276,99954,176,100027,176,99953,176,100032,176,99947,176,100045,176,99946,176,100046,100,99919,100,100048,100,99909,100,100050,100,99903,100,100052,100,99889,100,100080,100,99831,100
2019-06-28 09:38:50.000000000,99995,196,99968,396,100026,296,99954,196,100027,196,99953,196,100032,196,99947,196,100045,100,99946,100,100046,100,99919,100,100048,100,99909,100,100050,100,99903,100,100052,100,99889,100,100080,100,99831,100
2019-06-28 09:38:55.231475531,99995,196,99968,396,100026,296,99954,196,100027,196,99953,196,100032,196,99947,196,100045,100,99946,100,100048,100,99919,100,100050,100,99909,100,100052,100,99903,100,100080,100,99889,100,100082,100,99831,100
2019-06-28 09:38:58.377714470,99995,196,99968,296,100026,296,99954,196,100027,196,99953,196,100032,196,99947,196,100045,100,99946,100,100048,100,99919,100,100050,100,99909,100,100052,100,99903,100,100080,100,99889,100,100082,100,99831,100
2019-06-28 09:39:00.000000000,99995,230,99968,330,100026,326,99954,226,100027,226,99953,226,100032,100,99947,100,100045,100,99946,100,100048,100,99919,100,100050,100,99909,100,100052,100,99903,100,100080,100,99889,100,100082,100,99831,100
2019-06-28 09:39:10.000000000,99995,482,99968,582,100026,200,99954,100,100027,100,99953,100,100032,100,99947,100,100045,100,99946,100,100048,100,99919,100,100050,100,99909,100,100052,100,99903,100,100080,100,99889,100,100082,100,99831,100
2019-06-28 09:39:20.000000000,99995,482,99968,582,100026,200,99954,100,100027,100,99953,100,100032,100,99947,100,100045,100,99946,100,100048,100,99919,100,100050,100,99909,100,100052,100,99903,100,100080,100,99889,100,100082,100,99831,100
2019-06-28 09:39:27.382398168,99995,482,99968,582,100026,200,99954,100,100027,100,99953,100,100032,100,99947,100,100045,100,99946,100,100048,100,99919,100,100050,100,99909,100,100052,100,99903,100,100080,100,99889,100,100082,100,99831,100
2019-06-28 09:39:30.000000000,99995,291,99968,391,100026,391,99954,291,100027,100,99953,100,100032,100,99947,100,100045,100,99946,100,100048,100,99919,100,100050,100,99909,100,100052,100,99903,100,100080,100,99889,100,100082,100,99831,100
2019-06-28 09:39:32.797964916,99995,291,99968,291,100026,391,99954,291,100027,100,99953,100,100032,100,99947,100,100045,100,99946,100,100048,100,99919,100,100050,100,99909,100,100052,100,99903,100,100080,100,99889,100,100093,100,99831,100
2019-06-28 09:39:40.000000000,99995,482,99968,482,100026,200,99954,100,100027,100,99953,100,100032,100,99947,100,100045,100,99946,100,100048,100,99919,100,100050,100,99909,100,100052,100,99903,100,100080,100,99889,100,100093,100,99831,100
2019-06-28 09:39:50.000000000,99995,482,99968,482,100026,200,99954,100,100027,100,99953,100,100032,100,99947,100,100045,100,99946,100,100048,100,99919,100,100050,100,99909,100,100052,100,99903,100,100080,100,99889,100,100093,100,99831,100
2019-06-28 09:40:00.000000000,99995,482,99968,482,100026,200,99954,100,100027,100,99953,100,100032,100,99947,100,100045,100,99946,100,100048,100,99919,100,100050,100,99909,100,100052,100,99903,100,100080,100,99889,100,100093,100,99831,100
2019-06-28 09:40:00.757227483,99995,482,99968,382,100026,200,99954,100,100027,100,99953,100,100032,100,99947,100,100045,100,99946,100,100048,100,99919,100,100050,100,99909,100,100052,100,99903,100,100080,100,99889,100,100093,100,99831,100
2019-06-28 09:40:01.733613210,99995,482,99968,282,100026,200,99954,100,100027,100,99953,100,100032,100,99947,100,100045,100,99946,100,100048,100,99919,100,100050,100,99909,100,100052,100,99903,100,100080,100,99889,100,100093,100,99831,100
2019-06-28 09:40:10.000000000,99995,176,99954,176,100026,276,99953,176,100027,176,99947,176,100032,176,99946,176,100045,176,99919,176,100048,100,99909,100,100050,100,99903,100,100052,100,99889,100,100080,100,99831,100,100093,100,99826,100
2019-06-28 09:40:18.124098436,99995,176,99954,76,100026,276,99953,176,100027,176,99947,176,100032,176,99946,76,100045,176,99919,176,100048,100,99909,100,100050,100,99903,100,100052,100,99889,100,100080,100,99831,100,100093,100,99826,100
2019-06-28 09:40:20.000000000,99995,196,99953,196,100026,296,99947,196,100027,196,99919,196,100032,196,99909,196,100045,100,99903,100,100048,100,99889,100,100050,100,99831,100,100052,100,99826,100,100080,100,99811,100,100093,100,99762,100
2019-06-28 09:40:30.000000000,99995,291,99953,291,100026,391,99947,291,100027,100,99919,100,100032,100,99909,100,100045,100,99903,100,100048,100,99889,100,100050,100,99831,100,100052,100,99826,100,100080,100,99811,100,100093,100,99762,100
2019-06-28 09:40:40.000000000,99995,230,99953,230,100026,326,99947,226,100027,226,99919,226,100032,100,99909,100,100045,100,99903,100,100048,100,99889,100,100050,100,99831,100,100052,100,99826,100,100080,100,99811,100,100093,100,99762,100
2019-06-28 09:40:50.000000000,99995,291,99953,291,100026,391,99947,291,100027,100,99919,100,100032,100,99909,100,100045,100,99903,100,100048,100,99889,100,100050,100,99831,100,100052,100,99826,100,100080,100,99811,100,100093,100,99762,100
2019-06-28 09:41:00.000000000,99995,196,99953,196,100026,296,99947,196,100027,196,99919,196,100032,196,99909,196,100045,100,99903,100,100048,100,99889,100,100050,100,99831,100,100052,100,99826,100,100080,100,99811,100,100093,100,99762,100
2019-06-28 09:41:01.251020201,99995,196,99955,100,100026,296,99953,196,100027,196,99947,196,100032,196,99919,196,100045,100,99909,196,100048,100,99903,100,100050,100,99889,100,100052,100,99831,100,100080,100,99826,100,100093,100,99811,100
2019-06-28 09:41:10.000000000,99995,291,99955,291,100026,391,99953,291,100027,100,99947,100,100032,100,99919,100,100045,100,99909,100,100048,100,99903,100,100050,100,99889,100,100052,100,99831,100,100080,100,99826,100,100093,100,99811,100
2019-06-28 09:41:16.508146938,99995,291,99955,291,100026,391,99953,291,100027,100,99947,100,100032,100,99919,100,100045,100,99909,100,100048,100,99903,100,100050,100,99889,100,100052,100,99831,100,100080,100,99826,100,100093,100,99811,100
2019-06-28 09:41:20.000000000,99995,196,99955,196,100026,296,99953,196,100027,196,99947,196,100032,196,99919,196,100045,100,99909,100,100048,100,99903,100,100050,100,99889,100,100052,100,99831,100,100080,100,99826,100,100093,100,99811,100
2019-06-28 09:41:21.900411146,99995,196,99955,96,100026,296,99953,196,100027,196,99947,196,100032,196,99919,196,100045,100,99909,100,100048,100,99903,100,100050,100,99889,100,100052,100,99831,100,100080,100,99826,100,100093,100,99811,100
2019-06-28 09:41:29.155615711,99955,4,99953,196,99995,196,99947,196,100026,296,99919,196,100027,196,99909,100,100032,196,99903,100,100045,100,99889,100,100048,100,99831,100,100050,100,99826,100,100052,100,99811,100,100080,100,99762,100
2019-06-28 09:41:30.000000000,99955,134,99953,230,99995,226,99947,226,100026,326,99919,226,100027,100,99909,100,100032,100,99903,100,100045,100,99889,100,100048,100,99831,100,100050,100,99826,100,100052,100,99811,100,100080,100,99762,100
2019-06-28 09:41:40.000000000,99955,195,99953,291,99995,291,99947,291,100026,200,99919,100,100027,100,99909,100,100032,100,99903,100,100045,100,99889,100,100048,100,99831,100,100050,100,99826,100,100052,100,99811,100,100080,100,99762,100
2019-06-28 09:41:50.000000000,99955,100,99953,196,99995,196,99947,196,100026,296,99919,196,100027,196,99909,196,100032,100,99903,100,100045,100,99889,100,100048,100,99831,100,100050,100,99826,100,100052,100,99811,100,100080,100,99762,100
2019-06-28 09:41:50.488689993,99955,100,99953,196,99995,196,99947,196,100026,296,99919,196,100027,196,99909,196,100032,100,99903,100,100045,100,99889,100,100048,100,99831,100,100050,100,99826,100,100052,100,99811,100,100080,100,99762,100
2019-06-28 09:42:00.000000000,99955,134,99953,230,99995,226,99947,226,100026,326,99919,226,100027,100,99909,100,100032,100,99903,100,100045,100,99889,100,100048,100,99831,100,100050,100,99826,100,100052,100,99811,100,100080,100,99762,100
2019-06-28 09:42:05.109573301,99955,134,99953,230,99995,226,99947,226,100026,326,99919,226,100027,100,99909,100,100032,100,99903,100,100045,100,99889,100,100050,100,99831,100,100052,100,99826,100,100080,100,99811,100,100093,100,99762,100
2019-06-28 09:42:09.033578104,99955,134,99953,130,99995,226,99947,226,100026,326,99919,226,100027,100,99909,100,100032,100,99903,100,100045,100,99889,100,100050,100,99831,100,100052,100,99826,100,100080,100,99811,100,100093,100,99762,100
2019-06-28 09:42:10.000000000,99955,80,99947,176,99995,176,99919,176,100026,276,99909,176,100027,176,99903,176,100032,176,99889,176,100045,100,99831,100,100050,100,99826,100,100052,100,99811,100,100080,100,99762,100,100093,100,99725,100
2019-06-28 09:42:18.665112947,99955,80,99947,176,99995,176,99919,176,100026,276,99909,176,100027,176,99903,176,100032,176,99889,176,100045,100,99831,100,100050,100,99826,100,100052,100,99811,100,100080,100,99762,100,100093,100,99725,100
2019-06-28 09:42:20.000000000,99955,134,99947,230,99995,226,99919,226,100026,326,99909,226,100027,100,99903,100,100032,100,99889,100,100045,100,99831,100,100050,100,99826,100,100052,100,99811,100,100080,100,99762,100,100093,100,99725,100
2019-06-28 09:42:26.097616316,99955,134,99947,130,99995,226,99919,226,100026,326,99909,226,100027,100,99903,100,100032,100,99889,100,100045,100,99831,100,100050,100,99826,100,100052,100,99811,100,100080,100,99762,100,100093,100,99725,100
2019-06-28 09:42:30.000000000,99955,80,99919,176,99995,176,99909,176,100026,276,99903,176,100027,176,99889,176,100032,176,99831,176,100045,100,99826,100,100050,100,99811,100,100052,100,99762,100,100080,100,99725,100,100093,100,99713,100
2019-06-28 09:42:30.596140372,99953,100,99919,176,99955,80,99909,176,99995,176,99903,176,100026,276,99889,176,100027,176,99831,176,100032,176,99826,100,100045,100,99811,100,100050,100,99762,100,100052,100,99725,100,100080,100,99713,100
2019-06-28 09:42:40.000000000,99953,196,99919,196,99955,100,99909,196,99995,196,99903,196,100026,296,99889,196,100027,100,99831,100,100032,100,99826,100,100045,100,99811,100,100050,100,99762,100,100052,100,99725,100,100080,100,99713,100
2019-06-28 09:42:43.477243710,99953,196,99919,196,99955,100,99909,96,99995,196,99903,196,100026,296,99889,196,100027,100,99831,100,100032,100,99826,100,100045,100,99811,100,100050,100,99762,100,100052,100,99725,100,100080,100,99713,100
2019-06-28 09:42:50.000000000,99953,291,99919,291,99955,195,99903,291,99995,100,99889,100,100026,200,99831,100,100027,100,99826,100,100032,100,99811,100,100045,100,99762,100,100050,100,99725,100,100052,100,99713,100,100080,100,99687,100
2019-06-28 09:42:50.337548451,99953,291,99919,291,99955,195,99903,291,99995,100,99889,100,100026,200,99831,100,100027,100,99826,100,100032,100,99811,100,100045,100,99762,100,100050,100,99725,100,100052,100,99713,100,100080,100,99687,100
2019-06-28 09:43:00.000000000,99953,196,99919,196,99955,100,99903,196,99995,196,99889,196,100026,296,99831,196,100027,100,99826,100,100032,100,99811,100,100045,100,99762,100,100050,100,99725,100,100052,100,99713,100,100080,100,99687,100
2019-06-28 09:43:10.000000000,99953,176,99919,176,99955,80,99903,176,99995,176,99889,176,100026,276,99831,176,100027,176,99826,176,100032,100,99811,100,100045,100,99762,100,100050,100,99725,100,100052,100,99713,100,100080,100,99687,100
2019-06-28 09:43:20.000000000,99953,196,99919,196,99955,100,99903,196,99995,196,99889,196,100026,296,99831,196,100027,100,99826,100,100032,100,99811,100,100045,100,99762,100,100050,100,99725,100,100052,100,99713,100,100080,100,99687,100
2019-06-28 09:43:30.000000000,99953,230,99919,230,99955,130,99903,226,99995,226,99889,226,100026,200,99831,100,100027,100,99826,100,100032,100,99811,100,100045,100,99762,100,100050,100,99725,100,100052,100,99713,100,100080,100,99687,100
2019-06-28 09:43:40.000000000,99953,291,99919,291,99955,195,99903,291,99995,100,99889,100,100026,200,99831,100,100027,100,99826,100,100032,100,99811,100,100045,100,99762,100,100050,100,99725,100,100052,100,99713,100,100080,100,99687,100
2019-06-28 09:43:44.602779193,99953,391,99919,291,99955,195,99903,291,99995,100,99889,100,100026,200,99831,100,100027,100,99826,100,100032,100,99811,100,100045,100,99762,100,100050,100,99725,100,100052,100,99713,100,100080,100,99687,100
2019-06-28 09:43:50.000000000,99953,330,99919,230,99955,130,99903,226,99995,226,99889,226,100026,200,99831,100,100027,100,99826,100,100032,100,99811,100,100045,100,99762,100,100050,100,99725,100,100052,100,99713,100,100080,100,99687,100
2019-06-28 09:44:00.000000000,99953,582,99919,482,99955,4,99903,100,99995,100,99889,100,100026,200,99831,100,100027,100,99826,100,100032,100,99811,100,100045,100,99762,100,100050,100,99725,100,100052,100,99713,100,100080,100,99687,100
2019-06-28 09:44:10.000000000,99953,276,99919,176,99955,80,99903,176,99995,176,99889,176,100026,276,99831,176,100027,176,99826,176,100032,100,99811,100,100045,100,99762,100,100050,100,99725,100,100052,100,99713,100,100080,100,99687,100
2019-06-28 09:44:20.000000000,99953,330,99919,230,99955,130,99903,226,99995,226,99889,226,100026,200,99831,100,100027,100,99826,100,100032,100,99811,100,100045,100,99762,100,100050,100,99725,100,100052,100,99713,100,100080,100,99687,100
2019-06-28 09:44:30.000000000,99953,582,99919,482,99955,4,99903,100,99995,100,99889,100,100026,200,99831,100,100027,100,99826,100,100032,100,99811,100,100045,100,99762,100,100050,100,99725,100,100052,100,99713,100,100080,100,99687,100
2019-06-28 09:44:35.725555488,99953,482,99919,482,99955,4,99903,100,99995,100,99889,100,100026,200,99831,100,100027,100,99826,100,100032,100,99811,100,100045,100,99762,100,100050,100,99725,100,100052,100,99713,100,100080,100,99687,100
2019-06-28 09:44:40.000000000,99953,176,99919,176,99955,80,99903,176,99995,176,99889,176,100026,276,99831,176,100027,176,99826,176,100032,100,99811,100,100045,100,99762,100,100050,100,99725,100,100052,100,99713,100,100080,100,99687,100
2019-06-28 09:44:42.997695203,99953,176,99919,176,99955,80,99903,176,99995,176,99889,176,100026,276,99831,176,100027,176,99826,176,100032,100,99811,100,100045,100,99762,100,100050,100,99725,100,100052,100,99713,100,100080,100,99687,100
2019-06-28 09:44:50.000000000,99953,176,99919,176,99955,80,99903,176,99995,176,99889,176,100026,276,99831,176,100027,176,99826,176,100032,100,99811,100,100045,100,99762,100,100050,100,99725,100,100052,100,99713,100,100080,100,99687,100
2019-06-28 09:45:00.000000000,99953,291,99919,291,99955,195,99903,291,99995,100,99889,100,100026,200,99831,100,100027,100,99826,100,100032,100,99811,100,100045,100,99762,100,100050,100,99725,100,100052,100,99713,100,100080,100,99687,100
2019-06-28 09:45:10.000000000,99953,176,99919,176,99955,80,99903,176,99995,176,99889,176,100026,276,99831,176,100027,176,99826,176,100032,100,99811,100,100045,100,99762,100,100050,100,99725,100,100052,100,99713,100,100080,100,99687,100
2019-06-28 09:45:20.000000000,99953,230,99919,230,99955,130,99903,226,99995,226,99889,226,100026,200,99831,100,100027,100,99826,100,100032,100,99811,100,100045,100,99762,100,100050,100,99725,100,100052,100,99713,100,100080,100,99687,100
2019-06-28 09:45:30.000000000,99953,230,99919,230,99955,130,99903,226,99995,226,99889,226,100026,200,99831,100,100027,100,99826,100,100032,100,99811,100,100045,100,99762,100,100050,100,99725,100,100052,100,99713,100,100080,100,99687,100
2019-06-28 09:45:40.000000000,99953,196,99919,196,99955,100,99903,196,99995,196,99889,196,100026,296,99831,196,100027,100,99826,100,100032,100,99811,100,100045,100,99762,100,100050,100,99725,100,100052,100,99713,100,100080,100,99687,100
2019-06-28 09:45:48.956053888,99953,196,99919,196,99955,100,99903,196,99995,196,99889,196,100026,296,99831,196,100027,100,99826,100,100032,100,99811,100,100045,100,99762,100,100050,100,99725,100,100052,100,99713,100,100080,100,99687,100
2019-06-28 09:45:50.000000000,99953,196,99919,196,99955,100,99903,196,99995,196,99889,196,100026,296,99831,196,100027,100,99826,100,100032,100,99811,100,100045,100,99762,100,100050,100,99725,100,100052,100,99713,100,100080,100,99687,100
2019-06-28 09:46:00.000000000,99953,230,99919,230,99955,130,99903,226,99995,226,99889,226,100026,200,99831,100,100027,100,99826,100,100032,100,99811,100,100045,100,99762,100,100050,100,99725,100,100052,100,99713,100,100080,100,99687,100
2019-06-28 09:46:10.000000000,99953,291,99919,291,99955,195,99903,291,99995,100,99889,100,100026,200,99831,100,100027,100,99826,100,100032,100,99811,100,100045,100,99762,100,100050,100,99725,100,100052,100,99713,100,100080,100,99687,100
2019-06-28 09:46:20.000000000,99953,230,99919,230,99955,130,99903,226,99995,226,99889,226,100026,200,99831,100,100027,100,99826,100,100032,100,99811,100,100045,100,99762,100,100050,100,99725,100,100052,100,99713,100,100080,100,99687,100
2019-06-28 09:46:20.908739143,99953,230,99919,230,99955,130,99903,226,99995,226,99889,226,100026,200,99831,100,100027,100,99826,100,100032,100,99811,100,100045,100,99762,100,100050,100,99725,100,100052,100,99713,100,100080,100,99687,100
2019-06-28 09:46:24.196627973,99953,230,99948,100,99955,130,99919,230,99995,226,99903,226,100026,200,99889,226,100027,100,99831,100,100032,100,99826,100,100045,100,99811,100,100050,100,99762,100,100052,100,99725,100,100080,100,99713,100
2019-06-28 09:46:29.029157771,99953,230,99948,200,99955,126,99919,230,99995,226,99903,226,100026,200,99889,226,100027,100,99831,100,100032,100,99826,100,100045,100,99811,100,100050,100,99762,100,100052,100,99725,100,100080,100,99713,100
2019-06-28 09:46:30.000000000,99953,291,99948,391,99995,291,99919,291,100026,200,99903,100,100027,100,99889,100,100032,100,99831,100,100045,100,99826,100,100050,100,99811,100,100052,100,99762,100,100080,100,99725,100,100096,100,99713,100
2019-06-28 09:46:33.496202560,99953,291,99948,391,99995,291,99919,291,100026,200,99903,100,100027,100,99900,100,100032,100,99889,100,100045,100,99831,100,100050,100,99826,100,100052,100,99811,100,100080,100,99762,100,100096,100,99713,100
2019-06-28 09:46:40.000000000,99953,230,99948,330,99995,226,99919,226,100026,326,99903,226,100027,100,99900,100,100032,100,99889,100,100045,100,99831,100,100050,100,99826,100,100052,100,99811,100,100080,100,99762,100,100096,100,99713,100
2019-06-28 09:46:50.000000000,99953,196,99948,296,99995,196,99919,196,100026,296,99903,196,100027,196,99900,196,100032,100,99889,100,100045,100,99831,100,100050,100,99826,100,100052,100,99811,100,100080,100,99762,100,100096,100,99713,100
2019-06-28 09:46:54.812522117,99953,196,99948,296,99995,196,99939,100,100026,296,99919,196,100027,196,99903,196,100032,100,99900,196,100045,100,99889,100,100050,100,99831,100,100080,100,99826,100,100096,100,99811,100,100102,100,99762,100
2019-06-28 09:47:00.000000000,99953,291,99948,391,99995,291,99939,291,100026,200,99919,100,100027,100,99903,100,100032,100,99900,100,100045,100,99889,100,100050,100,99831,100,100080,100,99826,100,100096,100,99811,100,100102,100,99762,100
2019-06-28 09:47:02.169432470,99953,291,99948,491,99995,291,99939,291,100026,200,99919,100,100027,100,99903,100,100032,100,99900,100,100045,100,99889,100,100050,100,99831,100,100080,100,99826,100,100096,100,99811,100,100102,100,99762,100
2019-06-28 09:47:06.216134050,99953,291,99948,491,99995,291,99939,291,100026,200,99919,100,100027,100,99903,100,100032,100,99900,100,100045,100,99889,100,100050,100,99826,100,100080,100,99811,100,100096,100,99762,100,100102,100,99713,100
2019-06-28 09:47:10.000000000,99953,196,99948,396,99995,196,99939,196,100026,296,99919,196,100027,196,99903,196,100032,100,99900,100,100045,100,99889,100,100050,100,99826,100,100080,100,99811,100,100096,100,99762,100,100102,100,99713,100
2019-06-28 09:47:20.000000000,99953,482,99948,682,99995,100,99939,100,100026,200,99919,100,100027,100,99903,100,100032,100,99900,100,100045,100,99889,100,100050,100,99826,100,100080,100,99811,100,100096,100,99762,100,100102,100,99713,100
2019-06-28 09:47:28.358042014,99953,482,99948,682,99995,100,99939,100,100026,200,99919,100,100027,100,99903,100,100032,100,99900,100,100045,100,99889,100,100050,100,99826,100,100080,100,99811,100,100096,100,99762,100,100102,100,99713,100
2019-06-28 09:47:30.000000000,99953,291,99948,491,99995,291,99939,291,100026,200,99919,100,100027,100,99903,100,100032,100,99900,100,100045,100,99889,100,100050,100,99826,100,100080,100,99811,100,100096,100,99762,100,100102,100,99713,100
2019-06-28 09:47:30.270043510,99953,191,99948,491,99995,291,99939,291,100026,200,99919,100,100027,100,99903,100,100032,100,99900,100,100045,100,99889,100,100050,100,99826,100,100080,100,99811,100,100096,100,99762,100,100102,100,99713,100
2019-06-28 09:47:40.000000000,99995,230,99948,430,100026,326,99939,226,100027,226,99919,226,100032,100,99903,100,100045,100,99900,100,100050,100,99889,100,100080,100,99826,100,100096,100,99811,100,100102,100,99762,100,100107,100,99713,100
2019-06-28 09:47:45.101992874,99995,130,99948,430,100026,326,99939,126,100027,226,99919,226,100032,100,99903,100,100045,100,99900,100,100050,100,99889,100,100080,100,99826,100,100096,100,99811,100,100102,100,99762,100,100107,100,99713,100
2019-06-28 09:47:50.000000000,100026,330,99948,430,100027,226,99919,226,100032,226,99903,226,100045,100,99900,100,100050,100,99889,100,100080,100,99826,100,100096,100,99811,100,100102,100,99762,100,100107,100,99713,100,100111,100,99687,100
2019-06-28 09:47:51.687569825,100026,330,99948,430,100027,226,99919,226,100032,226,99903,226,100045,100,99900,100,100050,100,99889,100,100080,100,99826,100,100096,100,99811,100,100102,100,99762,100,100107,100,99713,100,100111,100,99687,100
2019-06-28 09:47:52.803920226,100026,330,99948,430,100027,226,99919,226,100032,226,99903,226,100045,100,99900,100,100050,100,99889,100,100080,100,99826,100,100096,100,99811,100,100102,100,99762,100,100107,100,99713,100,100111,100,99687,100
2019-06-28 09:47:56.967320853,100026,330,99953,100,100027,226,99948,430,100032,226,99919,226,100045,100,99903,226,100050,100,99900,100,100080,100,99889,100,100096,100,99826,100,100102,100,99811,100,100107,100,99762,100,100111,100,99713,100
2019-06-28 09:48:00.000000000,100026,391,99953,291,100027,291,99948,491,100032,100,99919,100,100045,100,99903,100,100050,100,99900,100,100080,100,99889,100,100096,100,99826,100,100102,100,99811,100,100107,100,99762,100,100111,100,99713,100
2019-06-28 09:48:10.000000000,100026,296,99953,196,100027,196,99948,396,100032,196,99919,196,100045,196,99903,196,100050,100,99900,100,100080,100,99889,100,100096,100,99826,100,100102,100,99811,100,100107,100,99762,100,100111,100,99713,100
2019-06-28 09:48:20.000000000,100026,391,99953,291,100027,291,99948,491,100032,100,99919,100,100045,100,99903,100,100050,100,99900,100,100080,100,99889,100,100096,100,99826,100,100102,100,99811,100,100107,100,99762,100,100111,100,99713,100
2019-06-28 09:48:25.250293111,100026,391,99953,391,100027,291,99948,491,100032,100,99919,100,100045,100,99903,100,100050,100,99900,100,100080,100,99889,100,100096,100,99826,100,100102,100,99811,100,100107,100,99762,100,100111,100,99713,100
2019-06-28 09:48:30.000000000,100026,296,99953,296,100027,196,99948,396,100032,196,99919,196,100045,196,99903,196,100050,100,99900,100,100080,100,99889,100,100096,100,99826,100,100102,100,99811,100,100107,100,99762,100,100111,100,99713,100
2019-06-28 09:48:40.000000000,100026,582,99953,582,100027,100,99948,300,100032,100,99919,100,100045,100,99903,100,100050,100,99900,100,100080,100,99889,100,100096,100,99826,100,100102,100,99811,100,100107,100,99762,100,100111,100,99713,100
2019-06-28 09:48:50.000000000,100026,296,99953,296,100027,196,99948,396,100032,196,99919,196,100045,196,99903,196,100050,100,99900,100,100080,100,99889,100,100096,100,99826,100,100102,100,99811,100,100107,100,99762,100,100111,100,99713,100
2019-06-28 09:48:57.467021671,100026,296,99953,296,100027,196,99948,396,100032,196,99919,196,100045,196,99903,196,100050,100,99900,100,100080,100,99889,100,100096,100,99826,100,100102,100,99811,100,100107,100,99762,100,100111,100,99713,100
2019-06-28 09:49:00.000000000,100026,296,99953,296,100027,196,99948,396,100032,196,99919,196,100045,196,99903,196,100050,100,99900,100,100080,100,99889,100,100096,100,99826,100,100102,100,99811,100,100107,100,99762,100,100111,100,99713,100
2019-06-28 09:49:02.559101705,100026,296,99953,296,100027,196,99948,396,100032,196,99919,196,100045,196,99903,196,100050,100,99900,100,100080,100,99889,100,100096,100,99826,100,100107,100,99811,100,100111,100,99762,100,100119,100,99713,100
2019-06-28 09:49:10.000000000,100026,391,99953,391,100027,291,99948,491,100032,100,99919,100,100045,100,99903,100,100050,100,99900,100,100080,100,99889,100,100096,100,99826,100,100107,100,99811,100,100111,100,99762,100,100119,100,99713,100
2019-06-28 09:49:20.000000000,100026,582,99953,582,100027,100,99948,300,100032,100,99919,100,100045,100,99903,100,100050,100,99900,100,100080,100,99889,100,100096,100,99826,100,100107,100,99811,100,100111,100,99762,100,100119,100,99713,100
2019-06-28 09:49:23.080703400,100026,582,99953,582,100027,100,99948,300,100032,100,99919,100,100045,100,99903,100,100050,100,99900,100,100080,100,99889,100,100096,100,99826,100,100107,100,99811,100,100111,100,99762,100,100119,100,99713,100
2019-06-28 09:49:23.904816506,100026,482,99953,582,100027,100,99948,300,100032,100,99919,100,100045,100,99903,100,100050,100,99900,100,100080,100,99889,100,100096,100,99826,100,100111,100,99811,100,100119,100,99762,100,100133,100,99713,100
2019-06-28 09:49:30.000000000,100026,196,99953,296,100027,196,99948,396,100032,196,99919,196,100045,196,99903,196,100050,100,99900,100,100080,100,99889,100,100096,100,99826,100,100111,100,99811,100,100119,100,99762,100,100133,100,99713,100
2019-06-28 09:49:40.000000000,100026,482,99953,582,100027,100,99948,300,100032,100,99919,100,100045,100,99903,100,100050,100,99900,100,100080,100,99889,100,100096,100,99826,100,100111,100,99811,100,100119,100,99762,100,100133,100,99713,100
2019-06-28 09:49:50.000000000,100026,176,99953,276,100027,176,99948,376,100032,176,99919,176,100045,176,99903,176,100050,176,99900,176,100080,100,99889,100,100096,100,99826,100,100111,100,99811,100,100119,100,99762,100,100133,100,99713,100
2019-06-28 09:50:00.000000000,100026,196,99953,296,100027,196,99948,396,100032,196,99919,196,100045,196,99903,196,100050,100,99900,100,100080,100,99889,100,100096,100,99826,100,100111,100,99811,100,100119,100,99762,100,100133,100,99713,100
2019-06-28 09:50:10.000000000,100026,196,99953,296,100027,196,99948,396,100032,196,99919,196,100045,196,99903,196,100050,100,99900,100,100080,100,99889,100,100096,100,99826,100,100111,100,99811,100,100119,100,99762,100,100133,100,99713,100
2019-06-28 09:50:20.000000000,100026,482,99953,582,100027,100,99948,300,100032,100,99919,100,100045,100,99903,100,100050,100,99900,100,100080,100,99889,100,100096,100,99826,100,100111,100,99811,100,100119,100,99762,100,100133,100,99713,100
2019-06-28 09:50:30.000000000,100026,482,99953,582,100027,100,99948,300,100032,100,99919,100,100045,100,99903,100,100050,100,99900,100,100080,100,99889,100,100096,100,99826,100,100111,100,99811,100,100119,100,99762,100,100133,100,99713,100
2019-06-28 09:50:40.000000000,100026,196,99953,296,100027,196,99948,396,100032,196,99919,196,100045,196,99903,196,100050,100,99900,100,100080,100,99889,100,100096,100,99826,100,100111,100,99811,100,100119,100,99762,100,100133,100,99713,100
2019-06-28 09:50:43.025365457,100026,96,99953,296,100027,196,99948,396,100032,196,99919,196,100045,196,99903,196,100050,100,99900,100,100080,100,99889,100,100096,100,99826,100,100111,100,99811,100,100119,100,99762,100,100133,100,99713,100
2019-06-28 09:50:50.000000000,100027,230,99953,330,100032,226,99948,426,100045,226,99919,226,100050,100,99903,100,100080,100,99900,100,100096,100,99889,100,100111,100,99826,100,100119,100,99811,100,100133,100,99762,100,100135,100,99713,100
2019-06-28 09:50:56.979865545,100027,230,99953,330,100032,226,99948,426,100045,126,99919,226,100050,100,99903,100,100080,100,99900,100,100096,100,99889,100,100111,100,99826,100,100119,100,99811,100,100133,100,99762,100,100135,100,99713,100
2019-06-28 09:51:00.000000000,100027,482,99953,582,100032,100,99948,300,100050,100,99919,100,100080,100,99903,100,100096,100,99900,100,100111,100,99889,100,100119,100,99826,100,100133,100,99811,100,100135,100,99762,100,100181,100,99713,100
2019-06-28 09:51:00.420334201,100027,482,99953,582,100032,100,99948,300,100050,100,99919,100,100080,100,99903,100,100096,100,99900,100,100111,100,99889,100,100119,100,99826,100,100133,100,99811,100,100135,100,99762,100,100181,100,99713,100
2019-06-28 09:51:10.000000000,100027,196,99953,296,100032,196,99948,396,100050,196,99919,196,100080,196,99903,196,100096,100,99900,100,100111,100,99889,100,100119,100,99826,100,100133,100,99811,100,100135,100,99762,100,100181,100,99713,100
2019-06-28 09:51:11.544169999,100027,196,100026,100,100032,196,99953,296,100050,196,99948,396,100080,196,99919,196,100096,100,99903,196,100111,100,99900,100,100119,100,99889,100,100133,100,99826,100,100135,100,99811,100,100181,100,99762,100
2019-06-28 09:51:20.000000000,100027,230,100026,230,100032,226,99953,326,100050,226,99948,426,100080,100,99919,100,100096,100,99903,100,100111,100,99900,100,100119,100,99889,100,100133,100,99826,100,100135,100,99811,100,100181,100,99762,100
2019-06-28 09:51:30.000000000,100027,176,100026,176,100032,176,99953,276,100050,176,99948,376,100080,176,99919,176,100096,176,99903,176,100111,100,99900,100,100119,100,99889,100,100133,100,99826,100,100135,100,99811,100,100181,100,99762,100
2019-06-28 09:51:40.000000000,100027,291,100026,291,100032,291,99953,391,100050,100,99948,300,100080,100,99919,100,100096,100,99903,100,100111,100,99900,100,100119,100,99889,100,100133,100,99826,100,100135,100,99811,100,100181,100,99762,100
2019-06-28 09:51:46.034005348,100027,291,100026,291,100032,291,99953,391,100050,100,99948,300,100080,100,99919,100,100111,100,99903,100,100119,100,99900,100,100133,100,99889,100,100135,100,99826,100,100181,100,99811,100,100237,100,99762,100
2019-06-28 09:51:50.000000000,100027,482,100026,482,100032,100,99953,200,100050,100,99948,300,100080,100,99919,100,100111,100,99903,100,100119,100,99900,100,100133,100,99889,100,100135,100,99826,100,100181,100,99811,100,100237,100,99762,100
2019-06-28 09:52:00.000000000,100027,482,100026,482,100032,100,99953,200,100050,100,99948,300,100080,100,99919,100,100111,100,99903,100,100119,100,99900,100,100133,100,99889,100,100135,100,99826,100,100181,100,99811,100,100237,100,99762,100
2019-06-28 09:52:10.000000000,100027,176,100026,176,100032,176,99953,276,100050,176,99948,376,100080,176,99919,176,100111,176,99903,176,100119,100,99900,100,100133,100,99889,100,100135,100,99826,100,100181,100,99811,100,100237,100,99762,100
2019-06-28 09:52:13.777111805,100027,176,100026,176,100032,176,99953,276,100050,176,99948,376,100080,176,99919,176,100111,176,99903,176,100119,100,99900,100,100133,100,99889,100,100181,100,99826,100,100237,100,99811,100,100349,100,99762,100
2019-06-28 09:52:17.781824067,100027,176,100026,176,100032,176,99953,276,100050,176,99948,376,100080,176,99919,176,100111,176,99903,176,100119,100,99900,100,100133,100,99889,100,100181,100,99826,100,100237,100,99811,100,100349,100,99762,100
2019-06-28 09:52:17.816893526,100027,176,100026,176,100032,176,99953,276,100050,176,99948,376,100080,176,99919,176,100111,176,99903,176,100119,100,99900,100,100133,100,99889,100,100181,100,99826,100,100237,100,99811,100,100349,100,99762,100
2019-06-28 09:52:20.000000000,100027,482,100026,482,100032,100,99953,200,100050,100,99948,300,100080,100,99919,100,100111,100,99903,100,100119,100,99900,100,100133,100,99889,100,100181,100,99826,100,100237,100,99811,100,100349,100,99762,100
2019-06-28 09:52:30.000000000,100027,482,100026,482,100032,100,99953,200,100050,100,99948,300,100080,100,99919,100,100111,100,99903,100,100119,100,99900,100,100133,100,99889,100,100181,100,99826,100,100237,100,99811,100,100349,100,99762,100
2019-06-28 09:52:40.000000000,100027,196,100026,196,100032,196,99953,296,100050,196,99948,396,100080,196,99919,196,100111,100,99903,100,100119,100,99900,100,100133,100,99889,100,100181,100,99826,100,100237,100,99811,100,100349,100,99762,100
2019-06-28 09:52:50.000000000,100027,482,100026,482,100032,100,99953,200,100050,100,99948,300,100080,100,99919,100,100111,100,99903,100,100119,100,99900,100,100133,100,99889,100,100181,100,99826,100,100237,100,99811,100,100349,100,99762,100
2019-06-28 09:53:00.000000000,100027,291,100026,291,100032,291,99953,391,100050,100,99948,300,100080,100,99919,100,100111,100,99903,100,100119,100,99900,100,100133,100,99889,100,100181,100,99826,100,100237,100,99811,100,100349,100,99762,100
2019-06-28 09:53:10.000000000,100027,482,100026,482,100032,100,99953,200,100050,100,99948,300,100080,100,99919,100,100111,100,99903,100,100119,100,99900,100,100133,100,99889,100,100181,100,99826,100,100237,100,99811,100,100349,100,99762,100
2019-06-28 09:53:11.896423231,100027,482,100026,482,100032,100,99953,200,100050,100,99948,300,100080,100,99919,100,100111,100,99903,100,100119,100,99900,100,100133,100,99889,100,100181,100,99826,100,100237,100,99811,100,100349,100,99762,100
2019-06-28 09:53:20.000000000,100027,176,100026,176,100032,176,99953,276,100050,176,99948,376,100080,176,99919,176,100111,176,99903,176,100119,100,99900,100,100133,100,99889,100,100181,100,99826,100,100237,100,99811,100,100349,100,99762,100
2019-06-28 09:53:28.392456582,100027,76,100026,176,100032,176,99953,276,100050,176,99948,376,100080,176,99919,176,100111,176,99903,176,100119,100,99900,100,100133,100,99889,100,100181,100,99826,100,100237,100,99811,100,100349,100,99762,100
2019-06-28 09:53:30.000000000,100032,291,100026,291,100050,291,99953,391,100080,100,99948,300,100111,100,99919,100,100119,100,99903,100,100133,100,99900,100,100181,100,99889,100,100237,100,99826,100,100349,100,99811,100,100472,100,99762,100
2019-06-28 09:53:40.000000000,100032,176,100026,176,100050,176,99953,276,100080,176,99948,376,100111,176,99919,176,100119,176,99903,176,100133,100,99900,100,100181,100,99889,100,100237,100,99826,100,100349,100,99811,100,100472,100,99762,100
2019-06-28 09:53:50.000000000,100032,196,100026,196,100050,196,99953,296,100080,196,99948,396,100111,196,99919,196,100119,100,99903,100,100133,100,99900,100,100181,100,99889,100,100237,100,99826,100,100349,100,99811,100,100472,100,99762,100
2019-06-28 09:53:53.631322679,100032,196,100026,196,100050,196,99953,296,100080,196,99948,396,100111,196,99919,196,100119,100,99903,100,100133,100,99900,100,100141,100,99889,100,100181,100,99826,100,100237,100,99811,100,100349,100,99762,100
2019-06-28 09:54:00.000000000,100032,196,100026,196,100050,196,99953,296,100080,196,99948,396,100111,196,99919,196,100119,100,99903,100,100133,100,99900,100,100141,100,99889,100,100181,100,99826,100,100237,100,99811,100,100349,100,99762,100
2019-06-28 09:54:10.000000000,100032,196,100026,196,100050,196,99953,296,100080,196,99948,396,100111,196,99919,196,100119,100,99903,100,100133,100,99900,100,100141,100,99889,100,100181,100,99826,100,100237,100,99811,100,100349,100,99762,100
2019-06-28 09:54:20.000000000,100032,482,100026,482,100050,100,99953,200,100080,100,99948,300,100111,100,99919,100,100119,100,99903,100,100133,100,99900,100,100141,100,99889,100,100181,100,99826,100,100237,100,99811,100,100349,100,99762,100
2019-06-28 09:54:30.000000000,100032,482,100026,482,100050,100,99953,200,100080,100,99948,300,100111,100,99919,100,100119,100,99903,100,100133,100,99900,100,100141,100,99889,100,100181,100,99826,100,100237,100,99811,100,100349,100,99762,100
2019-06-28 09:54:32.261886997,100032,482,100026,482,100050,100,99953,100,100080,100,99948,300,100111,100,99919,100,100119,100,99903,100,100133,100,99900,100,100141,100,99889,100,100181,100,99826,100,100237,100,99811,100,100349,100,99762,100
2019-06-28 09:54:40.000000000,100032,230,100026,230,100050,226,99953,226,100080,226,99948,426,100111,100,99919,100,100119,100,99903,100,100133,100,99900,100,100141,100,99889,100,100181,100,99826,100,100237,100,99811,100,100349,100,99762,100
2019-06-28 09:54:41.589835759,100032,230,100026,130,100050,226,99953,226,100080,226,99948,326,100111,100,99919,100,100119,100,99903,100,100133,100,99900,100,100141,100,99889,100,100181,100,99826,100,100237,100,99811,100,100349,100,99762,100
2019-06-28 09:54:50.000000000,100032,482,99953,482,100050,100,99948,200,100080,100,99919,100,100111,100,99903,100,100119,100,99900,100,100133,100,99889,100,100141,100,99826,100,100181,100,99811,100,100237,100,99762,100,100349,100,99687,100
2019-06-28 09:55:00.000000000,100032,291,99953,291,100050,291,99948,391,100080,100,99919,100,100111,100,99903,100,100119,100,99900,100,100133,100,99889,100,100141,100,99826,100,100181,100,99811,100,100237,100,99762,100,100349,100,99687,100
2019-06-28 09:55:10.000000000,100032,482,99953,482,100050,100,99948,200,100080,100,99919,100,100111,100,99903,100,100119,100,99900,100,100133,100,99889,100,100141,100,99826,100,100181,100,99811,100,100237,100,99762,100,100349,100,99687,100
2019-06-28 09:55:13.239997815,100032,482,99953,382,100050,100,99948,200,100080,100,99919,100,100111,100,99903,100,100119,100,99900,100,100133,100,99889,100,100141,100,99826,100,100181,100,99811,100,100237,100,99762,100,100349,100,99687,100
2019-06-28 09:55:20.000000000,100032,482,99948,582,100050,100,99919,100,100080,100,99903,100,100111,100,99900,100,100119,100,99889,100,100133,100,99826,100,100141,100,99811,100,100181,100,99762,100,100237,100,99687,100,100349,100,99505,100
2019-06-28 09:55:30.000000000,100032,291,99948,391,100050,291,99919,291,100080,100,99903,100,100111,100,99900,100,100119,100,99889,100,100133,100,99826,100,100141,100,99811,100,100181,100,99762,100,100237,100,99687,100,100349,100,99505,100
2019-06-28 09:55:40.000000000,100032,482,99948,582,100050,100,99919,100,100080,100,99903,100,100111,100,99900,100,100119,100,99889,100,100133,100,99826,100,100141,100,99811,100,100181,100,99762,100,100237,100,99687,100,100349,100,99505,100
2019-06-28 09:55:42.655240563,100032,482,99948,482,100050,100,99919,100,100111,100,99903,100,100119,100,99900,100,100133,100,99889,100,100141,100,99826,100,100181,100,99811,100,100237,100,99762,100,100349,100,99687,100,100472,100,99505,100
2019-06-28 09:55:50.000000000,100032,176,99948,176,100050,176,99919,176,100111,176,99903,176,100119,176,99900,176,100133,176,99889,176,100141,100,99826,100,100181,100,99811,100,100237,100,99762,100,100349,100,99687,100,100472,100,99505,100
2019-06-28 09:56:00.000000000,100032,196,99948,196,100050,196,99919,196,100111,196,99903,196,100119,196,99900,196,100133,100,99889,100,100141,100,99826,100,100181,100,99811,100,100237,100,99762,100,100349,100,99687,100,100472,100,99505,100
2019-06-28 09:56:10.000000000,100032,482,99948,482,100050,100,99919,100,100111,100,99903,100,100119,100,99900,100,100133,100,99889,100,100141,100,99826,100,100181,100,99811,100,100237,100,99762,100,100349,100,99687,100,100472,100,99505,100
2019-06-28 09:56:16.375618265,100032,482,99948,382,100050,100,99919,100,100111,100,99903,100,100119,100,99900,100,100133,100,99889,100,100141,100,99826,100,100181,100,99811,100,100237,100,99762,100,100349,100,99687,100,100472,100,99505,100
2019-06-28 09:56:20.000000000,100032,196,99919,196,100050,196,99903,196,100111,196,99900,196,100119,196,99889,196,100133,100,99826,100,100141,100,99811,100,100181,100,99762,100,100237,100,99687,100,100349,100,99505,100,100472,100,99237,100
2019-06-28 09:56:27.963437481,100032,196,99919,96,100050,196,99903,196,100111,196,99900,196,100119,196,99889,196,100133,100,99826,100,100141,100,99811,100,100181,100,99762,100,100237,100,99687,100,100349,100,99505,100,100472,100,99412,100
2019-06-28 09:56:30.000000000,100032,230,99903,230,100050,226,99900,226,100111,226,99889,226,100119,100,99826,100,100133,100,99811,100,100141,100,99762,100,100181,100,99687,100,100237,100,99505,100,100349,100,99412,100,100472,100,99237,100
2019-06-28 09:56:39.863529528,99948,100,99903,230,100032,230,99900,226,100050,226,99889,226,100111,226,99826,100,100119,100,99811,100,100133,100,99762,100,100141,100,99687,100,100181,100,99505,100,100237,100,99412,100,100349,100,99237,100
2019-06-28 09:56:40.000000000,99948,230,99903,230,100032,226,99900,226,100050,226,99889,226,100111,100,99826,100,100119,100,99811,100,100133,100,99762,100,100141,100,99687,100,100181,100,99505,100,100237,100,99412,100,100349,100,99237,100
2019-06-28 09:56:45.310687932,99948,230,99903,230,100032,226,99900,226,100050,226,99889,226,100111,100,99826,100,100119,100,99811,100,100133,100,99762,100,100141,100,99687,100,100181,100,99505,100,100237,100,99430,100,100349,100,99412,100
2019-06-28 09:56:50.000000000,99948,230,99903,230,100032,226,99900,226,100050,226,99889,226,100111,100,99826,100,100119,100,99811,100,100133,100,99762,100,100141,100,99687,100,100181,100,99505,100,100237,100,99430,100,100349,100,99412,100
2019-06-28 09:57:00.000000000,99948,176,99903,176,100032,176,99900,176,100050,176,99889,176,100111,176,99826,176,100119,176,99811,176,100133,100,99762,100,100141,100,99687,100,100181,100,99505,100,100237,100,99430,100,100349,100,99412,100
2019-06-28 09:57:10.000000000,99948,230,99903,230,100032,226,99900,226,100050,226,99889,226,100111,100,99826,100,100119,100,99811,100,100133,100,99762,100,100141,100,99687,100,100181,100,99505,100,100237,100,99430,100,100349,100,99412,100
2019-06-28 09:57:19.087632024,99948,230,99903,130,100032,226,99900,226,100050,226,99889,226,100111,100,99826,100,100119,100,99811,100,100133,100,99762,100,100141,100,99687,100,100181,100,99505,100,100237,100,99430,100,100349,100,99412,100
2019-06-28 09:57:20.000000000,99948,176,99900,176,100032,176,99889,176,100050,176,99826,176,100111,176,99811,176,100119,176,99762,176,100133,100,99687,100,100141,100,99505,100,100181,100,99430,100,100237,100,99412,100,100349,100,99237,100
2019-06-28 09:57:30.000000000,99948,482,99900,482,100032,100,99889,100,100050,100,99826,100,100111,100,99811,100,100119,100,99762,100,100133,100,99687,100,100141,100,99505,100,100181,100,99430,100,100237,100,99412,100,100349,100,99237,100
2019-06-28 09:57:39.423588921,99948,482,99900,382,100032,100,99889,100,100050,100,99826,100,100111,100,99811,100,100119,100,99762,100,100133,100,99505,100,100141,100,99430,100,100181,100,99412,100,100237,100,99237,100,100349,100,99117,100
2019-06-28 09:57:40.000000000,99948,291,99889,291,100032,291,99826,291,100050,100,99811,100,100111,100,99762,100,100119,100,99505,100,100133,100,99430,100,100141,100,99412,100,100181,100,99237,100,100237,100,99117,100,100349,100,,
2019-06-28 09:57:40.583871403,99919,100,99889,291,99948,291,99826,291,100032,291,99811,100,100050,100,99762,100,100111,100,99505,100,100119,100,99430,100,100133,100,99412,100,100141,100,99237,100,100181,100,99117,100,100237,100,,
2019-06-28 09:57:42.407775123,99919,100,99889,191,99948,291,99826,291,100032,291,99811,100,100050,100,99762,100,100111,100,99505,100,100119,100,99430,100,100133,100,99412,100,100141,100,99237,100,100181,100,99117,100,100237,100,,
2019-06-28 09:57:50.000000000,99919,230,99826,230,99948,226,99811,226,100032,226,99762,226,100050,100,99505,100,100111,100,99430,100,100119,100,99412,100,100133,100,99237,100,100141,100,99117,100,100181,100,,,100237,100,,
2019-06-28 09:57:56.861021740,99919,230,99826,130,99948,226,99811,226,100032,226,99762,126,100050,100,99505,100,100111,100,99430,100,100119,100,99412,100,100133,100,99237,100,100141,100,99117,100,100181,100,,,100237,100,,
2019-06-28 09:58:00.000000000,99919,291,99811,291,99948,291,99505,291,100032,100,99430,100,100050,100,99412,100,100111,100,99237,100,100119,100,99117,100,100133,100,,,100141,100,,,100181,100,,,100237,100,,
2019-06-28 09:58:08.049568153,99889,100,99811,291,99919,291,99505,291,99948,291,99430,100,100032,100,99412,100,100050,100,99237,100,100111,100,99117,100,100119,100,,,100133,100,,,100141,100,,,100181,100,,
2019-06-28 09:58:10.000000000,99889,176,99811,176,99919,176,99505,176,99948,176,99430,176,100032,176,99412,176,100050,176,99237,176,100111,100,99117,100,100119,100,,,100133,100,,,100141,100,,,100181,100,,
2019-06-28 09:58:20.000000000,99889,230,99811,230,99919,226,99505,226,99948,226,99430,226,100032,100,99412,100,100050,100,99237,100,100111,100,99117,100,100119,100,,,100133,100,,,100141,100,,,100181,100,,
2019-06-28 09:58:30.000000000,99889,482,99811,482,99919,100,99505,100,99948,100,99430,100,100032,100,99412,100,100050,100,99237,100,100111,100,99117,100,100119,100,,,100133,100,,,100141,100,,,100181,100,,
2019-06-28 09:58:36.181450928,99889,482,99811,482,99948,100,99505,100,100032,100,99430,100,100050,100,99412,100,100111,100,99237,100,100119,100,99117,100,100133,100,,,100141,100,,,100181,100,,,100237,100,,
2019-06-28 09:58:40.000000000,99889,291,99811,291,99948,291,99505,291,100032,100,99430,100,100050,100,99412,100,100111,100,99237,100,100119,100,99117,100,100133,100,,,100141,100,,,100181,100,,,100237,100,,
2019-06-28 09:58:41.292176278,99889,291,99811,291,99948,291,99505,291,100032,100,99430,100,100111,100,99412,100,100119,100,99237,100,100133,100,99117,100,100141,100,,,100181,100,,,100237,100,,,100349,100,,
2019-06-28 09:58:50.000000000,99889,196,99811,196,99948,196,99505,196,100032,196,99430,196,100111,196,99412,196,100119,100,99237,100,100133,100,99117,100,100141,100,,,100181,100,,,100237,100,,,100349,100,,
2019-06-28 09:58:56.037703951,99889,196,99811,196,99948,196,99505,196,100032,196,99430,196,100111,196,99412,196,100119,100,99237,100,100133,100,99117,100,100141,100,,,100181,100,,,100196,100,,,100237,100,,
2019-06-28 09:59:00.000000000,99889,176,99811,176,99948,176,99505,176,100032,176,99430,176,100111,176,99412,176,100119,176,99237,176,100133,100,99117,100,100141,100,,,100181,100,,,100196,100,,,100237,100,,
2019-06-28 09:59:10.000000000,99889,196,99811,196,99948,196,99505,196,100032,196,99430,196,100111,196,99412,196,100119,100,99237,100,100133,100,99117,100,100141,100,,,100181,100,,,100196,100,,,100237,100,,
2019-06-28 09:59:20.000000000,99889,482,99811,482,99948,100,99505,100,100032,100,99430,100,100111,100,99412,100,100119,100,99237,100,100133,100,99117,100,100141,100,,,100181,100,,,100196,100,,,100237,100,,
2019-06-28 09:59:23.138917371,99889,482,99811,482,99948,100,99704,100,100032,100,99505,100,100111,100,99430,100,100119,100,99412,100,100133,100,99237,100,100141,100,99117,100,100181,100,,,100196,100,,,100237,100,,
2019-06-28 09:59:23.264620379,99889,482,99811,382,99948,100,99704,100,100032,100,99505,100,100111,100,99430,100,100119,100,99412,100,100133,100,99237,100,100141,100,99117,100,100181,100,,,100196,100,,,100237,100,,
2019-06-28 09:59:25.450575396,99889,482,99811,382,99948,100,99704,100,100032,100,99574,100,100111,100,99505,100,100119,100,99430,100,100133,100,99412,100,100141,100,99237,100,100181,100,99117,100,100196,100,,,100237,100,,
2019-06-28 09:59:27.690961942,99889,482,99811,282,99948,100,99574,100,100032,100,99505,100,100111,100,99430,100,100119,100,99412,100,100133,100,99237,100,100141,100,99117,100,100181,100,,,100196,100,,,100237,100,,
2019-06-28 09:59:30.000000000,99889,196,99574,196,99948,196,99505,196,100032,196,99430,196,100111,196,99412,196,100119,100,99237,100,100133,100,99117,100,100141,100,,,100181,100,,,100196,100,,,100237,100,,
2019-06-28 09:59:33.365625977,99878,100,99574,196,99889,196,99505,196,99948,196,99430,196,100032,196,99412,196,100111,196,99237,100,100119,100,99117,100,100133,100,,,100141,100,,,100181,100,,,100196,100,,
2019-06-28 09:59:34.535964754,99683,100,99574,196,99878,100,99505,196,99889,196,99430,196,99948,196,99412,196,100032,196,99237,100,100111,196,99117,100,100119,100,,,100133,100,,,100141,100,,,100181,100,,
2019-06-28 09:59:40.000000000,99683,291,99574,291,99878,291,99505,291,99889,100,99430,100,99948,100,99412,100,100032,100,99237,100,100111,100,99117,100,100119,100,,,100133,100,,,100141,100,,,100181,100,,
2019-06-28 09:59:50.000000000,99683,230,99574,230,99878,226,99505,226,99889,226,99430,226,99948,100,99412,100,100032,100,99237,100,100111,100,99117,100,100119,100,,,100133,100,,,100141,100,,,100181,100,,
2019-06-28 10:00:00.000000000,99683,291,99574,291,99878,291,99505,291,99889,100,99430,100,99948,100,99412,100,100032,100,99237,100,100111,100,99117,100,100119,100,,,100133,100,,,100141,100,,,100181,100,,
2019-06-28 10:00:10.000000000,99683,176,99574,176,99878,176,99505,176,99889,176,99430,176,99948,176,99412,176,100032,176,99237,176,100111,100,99117,100,100119,100,,,100133,100,,,100141,100,,,100181,100,,
2019-06-28 10:00:20.000000000,99683,196,99574,196,99878,196,99505,196,99889,196,99430,196,99948,196,99412,196,100032,100,99237,100,100111,100,99117,100,100119,100,,,100133,100,,,100141,100,,,100181,100,,
2019-06-28 10:00:21.327932885,99683,196,99574,196,99878,196,99505,196,99889,196,99430,196,99948,196,99412,196,100032,100,99278,100,100111,100,99237,100,100119,100,99117,100,100133,100,,,100141,100,,,100181,100,,
2019-06-28 10:00:21.671017223,99683,196,99574,196,99878,196,99505,196,99889,196,99430,196,99948,196,99412,196,100032,100,99329,100,100111,100,99278,100,100119,100,99237,100,100133,100,99117,100,100141,100,,,100181,100,,
2019-06-28 10:00:30.000000000,99683,196,99574,196,99878,196,99505,196,99889,196,99430,196,99948,196,99412,196,100032,100,99329,100,100111,100,99278,100,100119,100,99237,100,100133,100,99117,100,100141,100,,,100181,100,,
2019-06-28 10:00:39.314067337,99649,100,99574,196,99683,196,99505,196,99878,196,99430,196,99889,196,99412,196,99948,196,99329,100,100032,100,99278,100,100111,100,99237,100,100119,100,99117,100,100133,100,,,100141,100,,
2019-06-28 10:00:40.000000000,99649,482,99574,482,99683,100,99505,100,99878,100,99430,100,99889,100,99412,100,99948,100,99329,100,100032,100,99278,100,100111,100,99237,100,100119,100,99117,100,100133,100,,,100141,100,,
2019-06-28 10:00:49.520104560,99649,382,99574,382,99683,100,99505,100,99878,100,99430,100,99889,100,99412,100,99948,100,99329,100,100032,100,99278,100,100111,100,99237,100,100119,100,99117,100,100133,100,,,100141,100,,
2019-06-28 10:00:50.000000000,99683,176,99505,176,99878,176,99430,176,99889,176,99412,176,99948,176,99329,176,100032,176,99278,176,100111,100,99237,100,100119,100,99117,100,100133,100,,,100141,100,,,100181,100,,
2019-06-28 10:00:50.096183305,99683,176,99541,100,99878,176,99505,176,99889,176,99430,176,99948,176,99412,176,100032,176,99329,176,100111,100,99278,176,100119,100,99237,100,100133,100,99117,100,100141,100,,,100181,100,,
2019-06-28 10:01:00.000000000,99683,482,99541,482,99878,100,99505,100,99889,100,99430,100,99948,100,99412,100,100032,100,99329,100,100111,100,99278,100,100119,100,99237,100,100133,100,99117,100,100141,100,,,100181,100,,
2019-06-28 10:01:05.324930212,99593,100,99541,482,99683,482,99505,100,99878,100,99430,100,99889,100,99412,100,99948,100,99329,100,100032,100,99278,100,100111,100,99237,100,100119,100,99117,100,100133,100,,,100141,100,,
2019-06-28 10:01:10.000000000,99593,230,99541,230,99683,226,99505,226,99878,226,99430,226,99889,100,99412,100,99948,100,99329,100,100032,100,99278,100,100111,100,99237,100,100119,100,99117,100,100133,100,,,100141,100,,
2019-06-28 10:01:17.747966700,99593,230,99541,230,99648,100,99505,226,99683,226,99430,226,99878,226,99412,100,99889,100,99329,100,99948,100,99278,100,100032,100,99237,100,100111,100,99117,100,100119,100,,,100133,100,,
2019-06-28 10:01:20.000000000,99593,230,99541,230,99648,226,99505,226,99683,226,99430,226,99878,100,99412,100,99889,100,99329,100,99948,100,99278,100,100032,100,99237,100,100111,100,99117,100,100119,100,,,100133,100,,
2019-06-28 10:01:27.954602539,99593,230,99564,100,99648,226,99541,230,99683,226,99505,226,99878,100,99430,226,99889,100,99412,100,99948,100,99329,100,100032,100,99278,100,100111,100,99237,100,100119,100,99117,100,100133,100,,
2019-06-28 10:01:30.000000000,99593,176,99564,176,99648,176,99541,176,99683,176,99505,176,99878,176,99430,176,99889,176,99412,176,99948,100,99329,100,100032,100,99278,100,100111,100,99237,100,100119,100,99117,100,100133,100,,
2019-06-28 10:01:40.000000000,99593,196,99564,196,99648,196,99541,196,99683,196,99505,196,99878,196,99430,196,99889,100,99412,100,99948,100,99329,100,100032,100,99278,100,100111,100,99237,100,100119,100,99117,100,100133,100,,
2019-06-28 10:01:43.828709903,99593,196,99564,96,99648,196,99541,196,99683,196,99505,96,99878,196,99430,196,99889,100,99412,100,99948,100,99329,100,100032,100,99278,100,100111,100,99237,100,100119,100,99117,100,100133,100,,
2019-06-28 10:01:50.000000000,99593,230,99541,230,99648,226,99430,226,99683,226,99412,226,99878,100,99329,100,99889,100,99278,100,99948,100,99237,100,100032,100,99117,100,100111,100,,,100119,100,,,100133,100,,
2019-06-28 10:02:00.000000000,99593,482,99541,482,99648,100,99430,100,99683,100,99412,100,99878,100,99329,100,99889,100,99278,100,99948,100,99237,100,100032,100,99117,100,100111,100,,,100119,100,,,100133,100,,
2019-06-28 10:02:00.379295703,99574,100,99541,482,99593,482,99430,100,99648,100,99412,100,99683,100,99329,100,99878,100,99278,100,99889,100,99237,100,99948,100,99117,100,100032,100,,,100111,100,,,100119,100,,
2019-06-28 10:02:10.000000000,99574,176,99541,176,99593,176,99430,176,99648,176,99412,176,99683,176,99329,176,99878,176,99278,176,99889,100,99237,100,99948,100,99117,100,100032,100,,,100111,100,,,100119,100,,
2019-06-28 10:02:14.451714517,99574,176,99541,176,99593,176,99430,176,99643,100,99412,176,99648,176,99329,176,99683,176,99278,176,99878,176,99237,100,99889,100,99117,100,99948,100,,,100032,100,,,100111,100,,
2019-06-28 10:02:20.000000000,99574,230,99541,230,99593,226,99430,226,99643,226,99412,226,99648,100,99329,100,99683,100,99278,100,99878,100,99237,100,99889,100,99117,100,99948,100,,,100032,100,,,100111,100,,
2019-06-28 10:02:22.891288111,99574,230,99541,230,99593,226,99430,226,99643,226,99412,226,99648,100,99329,100,99683,100,99278,100,99719,100,99237,100,99878,100,99117,100,99889,100,,,99948,100,,,100032,100,,
2019-06-28 10:02:27.766715827,99574,130,99541,230,99593,226,99430,226,99643,226,99412,226,99648,100,99329,100,99683,100,99278,100,99719,100,99237,100,99878,100,99117,100,99889,100,,,99948,100,,,100032,100,,
2019-06-28 10:02:30.000000000,99593,482,99541,482,99643,100,99430,100,99648,100,99412,100,99683,100,99329,100,99719,100,99278,100,99878,100,99237,100,99889,100,99117,100,99948,100,,,100032,100,,,100111,100,,
2019-06-28 10:02:40.000000000,99593,291,99541,291,99643,291,99430,291,99648,100,99412,100,99683,100,99329,100,99719,100,99278,100,99878,100,99237,100,99889,100,99117,100,99948,100,,,100032,100,,,100111,100,,
2019-06-28 10:02:48.173879914,99573,100,99541,291,99593,291,99430,291,99643,291,99412,100,99648,100,99329,100,99683,100,99278,100,99719,100,99237,100,99878,100,99117,100,99889,100,,,99948,100,,,100032,100,,
2019-06-28 10:02:50.000000000,99573,230,99541,230,99593,226,99430,226,99643,226,99412,226,99648,100,99329,100,99683,100,99278,100,99719,100,99237,100,99878,100,99117,100,99889,100,,,99948,100,,,100032,100,,
2019-06-28 10:02:52.643099989,99573,330,99541,230,99593,226,99430,226,99643,226,99412,226,99683,100,99329,100,99719,100,99278,100,99878,100,99237,100,99889,100,99117,100,99948,100,,,100032,100,,,100111,100,,
2019-06-28 10:02:53.673669673,99573,330,99541,230,99593,226,99430,226,99643,226,99412,226,99683,100,99278,100,99719,100,99237,100,99762,100,99117,100,99878,100,,,99889,100,,,99948,100,,,100032,100,,
2019-06-28 10:03:00.000000000,99573,296,99541,196,99593,196,99430,196,99643,196,99412,196,99683,196,99278,196,99719,100,99237,100,99762,100,99117,100,99878,100,,,99889,100,,,99948,100,,,100032,100,,
2019-06-28 10:03:10.000000000,99573,276,99541,176,99593,176,99430,176,99643,176,99412,176,99683,176,99278,176,99719,176,99237,176,99762,100,99117,100,99878,100,,,99889,100,,,99948,100,,,100032,100,,
2019-06-28 10:03:20.000000000,99573,276,99541,176,99593,176,99430,176,99643,176,99412,176,99683,176,99278,176,99719,176,99237,176,99762,100,99117,100,99878,100,,,99889,100,,,99948,100,,,100032,100,,
2019-06-28 10:03:21.384106396,99573,276,99541,176,99593,176,99430,176,99643,176,99412,176,99670,100,99278,176,99683,176,99237,176,99719,176,99117,100,99762,100,,,99878,100,,,99889,100,,,99948,100,,
2019-06-28 10:03:30.000000000,99573,276,99541,176,99593,176,99430,176,99643,176,99412,176,99670,176,99278,176,99683,176,99237,176,99719,100,99117,100,99762,100,,,99878,100,,,99889,100,,,99948,100,,
2019-06-28 10:03:40.000000000,99573,296,99541,196,99593,196,99430,196,99643,196,99412,196,99670,196,99278,196,99683,100,99237,100,99719,100,99117,100,99762,100,,,99878,100,,,99889,100,,,99948,100,,
2019-06-28 10:03:41.800084349,99573,296,99565,100,99593,196,99541,196,99643,196,99430,196,99670,196,99412,196,99683,100,99278,196,99719,100,99237,100,99762,100,99117,100,99878,100,,,99889,100,,,99948,100,,
2019-06-28 10:03:43.451057890,99573,296,99565,100,99593,96,99541,196,99643,196,99457,100,99670,196,99430,196,99683,100,99412,196,99719,100,99278,196,99762,100,99237,100,99878,100,99117,100,99889,100,,,99948,100,,
2019-06-28 10:03:43.893433866,99573,296,99565,200,99593,96,99541,196,99643,196,99457,100,99670,196,99430,196,99683,100,99412,196,99719,100,99278,196,99762,100,99237,100,99878,100,99117,100,99889,100,,,99948,100,,
2019-06-28 10:03:50.000000000,99573,276,99565,276,99643,176,99541,176,99670,176,99457,176,99683,176,99430,176,99719,176,99412,176,99762,100,99278,100,99878,100,99237,100,99889,100,99117,100,99948,100,,,100032,100,,
2019-06-28 10:04:00.000000000,99573,582,99565,582,99643,100,99541,100,99670,100,99457,100,99683,100,99430,100,99719,100,99412,100,99762,100,99278,100,99878,100,99237,100,99889,100,99117,100,99948,100,,,100032,100,,
2019-06-28 10:04:10.000000000,99573,391,99565,391,99643,291,99541,291,99670,100,99457,100,99683,100,99430,100,99719,100,99412,100,99762,100,99278,100,99878,100,99237,100,99889,100,99117,100,99948,100,,,100032,100,,
2019-06-28 10:04:20.000000000,99573,391,99565,391,99643,291,99541,291,99670,100,99457,100,99683,100,99430,100,99719,100,99412,100,99762,100,99278,100,99878,100,99237,100,99889,100,99117,100,99948,100,,,100032,100,,
2019-06-28 10:04:30.000000000,99573,391,99565,391,99643,291,99541,291,99670,100,99457,100,99683,100,99430,100,99719,100,99412,100,99762,100,99278,100,99878,100,99237,100,99889,100,99117,100,99948,100,,,100032,100,,
2019-06-28 10:04:40.000000000,99573,330,99565,330,99643,226,99541,226,99670,226,99457,226,99683,100,99430,100,99719,100,99412,100,99762,100,99278,100,99878,100,99237,100,99889,100,99117,100,99948,100,,,100032,100,,
2019-06-28 10:04:47.856239415,99573,330,99565,230,99643,226,99541,226,99670,226,99457,226,99683,100,99430,100,99719,100,99412,100,99762,100,99278,100,99878,100,99237,100,99889,100,99117,100,99948,100,,,100032,100,,
2019-06-28 10:04:50.000000000,99573,330,99565,230,99643,226,99541,226,99670,226,99457,226,99683,100,99430,100,99719,100,99412,100,99762,100,99278,100,99878,100,99237,100,99889,100,99117,100,99948,100,,,100032,100,,
2019-06-28 10:04:54.820522935,99573,330,99565,230,99643,226,99541,226,99670,226,99457,226,99719,100,99430,100,99762,100,99412,100,99878,100,99278,200,99889,100,99237,100,99948,100,99117,100,100032,100,,,100111,100,,
2019-06-28 10:04:56.768438974,99573,330,99565,130,99643,226,99541,226,99670,226,99457,226,99719,100,99430,100,99762,100,99412,100,99878,100,99278,200,99889,100,99237,100,99948,100,99117,100,100032,100,,,100111,100,,
2019-06-28 10:04:57.110625993,99573,330,99565,130,99643,226,99541,226,99670,226,99457,226,99719,100,99430,100,99762,100,99412,100,99878,100,99278,200,99889,100,99255,100,99948,100,99237,100,100032,100,99117,100,100111,100,,
2019-06-28 10:05:00.000000000,99573,391,99541,291,99643,291,99457,291,99670,100,99430,100,99719,100,99412,100,99762,100,99278,200,99878,100,99255,100,99889,100,99237,100,99948,100,99117,100,100032,100,,,100111,100,,
2019-06-28 10:05:03.810375978,99573,391,99566,100,99643,291,99541,291,99670,100,99457,291,99719,100,99430,100,99762,100,99412,100,99878,100,99278,200,99889,100,99255,100,99948,100,99237,100,100032,100,99117,100,100111,100,,
2019-06-28 10:05:10.000000000,99573,330,99566,230,99643,226,99541,226,99670,226,99457,226,99719,100,99430,100,99762,100,99412,100,99878,100,99278,200,99889,100,99255,100,99948,100,99237,100,100032,100,99117,100,100111,100,,
2019-06-28 10:05:16.274048620,99573,230,99566,230,99643,126,99541,226,99670,226,99457,226,99719,100,99430,100,99762,100,99412,100,99878,100,99278,200,99889,100,99255,100,99948,100,99237,100,100032,100,99117,100,100111,100,,
2019-06-28 10:05:20.000000000,99573,196,99566,196,99670,196,99541,196,99719,196,99457,196,99762,196,99430,196,99878,100,99412,100,99889,100,99278,200,99948,100,99255,100,100032,100,99237,100,100111,100,99117,100,100119,100,,
2019-06-28 10:05:28.673729748,99573,196,99566,196,99670,196,99541,196,99671,100,99457,196,99719,196,99430,196,99762,196,99412,100,99878,100,99278,200,99889,100,99255,100,99948,100,99237,100,100032,100,99117,100,100111,100,,
2019-06-28 10:05:30.000000000,99573,291,99566,291,99670,291,99541,291,99671,100,99457,100,99719,100,99430,100,99762,100,99412,100,99878,100,99278,200,99889,100,99255,100,99948,100,99237,100,100032,100,99117,100,100111,100,,
2019-06-28 10:05:31.491129771,99573,291,99566,291,99670,291,99541,291,99671,100,99457,100,99719,100,99430,100,99762,100,99412,100,99858,100,99278,100,99878,100,99255,100,99889,100,99237,100,99948,100,99117,100,100032,100,,
2019-06-28 10:05:34.108186614,99573,291,99566,291,99670,291,99554,100,99671,100,99541,291,99719,100,99457,100,99762,100,99430,100,99858,100,99412,100,99878,100,99278,100,99889,100,99255,100,99948,100,99237,100,100032,100,99117,100
2019-06-28 10:05:38.613606399,99573,291,99566,291,99670,291,99554,100,99671,100,99541,291,99690,100,99457,100,99762,100,99430,100,99858,100,99412,100,99878,100,99278,100,99889,100,99255,100,99948,100,99237,100,100032,100,99117,100
2019-06-28 10:05:40.000000000,99573,196,99566,196,99670,196,99554,196,99671,196,99541,196,99690,196,99457,196,99762,100,99430,100,99858,100,99412,100,99878,100,99278,100,99889,100,99255,100,99948,100,99237,100,100032,100,99117,100
2019-06-28 10:05:48.964685434,99573,96,99566,196,99670,196,99554,196,99671,196,99541,196,99690,196,99457,196,99762,100,99430,100,99858,100,99412,100,99878,100,99278,100,99889,100,99255,100,99948,100,99237,100,100032,100,99117,100
2019-06-28 10:05:50.000000000,99670,176,99566,176,99671,176,99554,176,99690,176,99541,176,99762,176,99457,176,99858,176,99430,176,99878,100,99412,100,99889,100,99278,100,99948,100,99255,100,100032,100,99237,100,100111,100,99117,100
2019-06-28 10:05:57.235932166,99670,176,99566,176,99671,176,99554,176,99690,176,99541,176,99762,176,99457,176,99826,100,99430,176,99858,176,99412,100,99878,100,99278,100,99889,100,99255,100,99948,100,99237,100,100032,100,99117,100
2019-06-28 10:06:00.000000000,99670,196,99566,196,99671,196,99554,196,99690,196,99541,196,99762,196,99457,196,99826,100,99430,100,99858,100,99412,100,99878,100,99278,100,99889,100,99255,100,99948,100,99237,100,100032,100,99117,100
2019-06-28 10:06:10.000000000,99670,196,99566,196,99671,196,99554,196,99690,196,99541,196,99762,196,99457,196,99826,100,99430,100,99858,100,99412,100,99878,100,99278,100,99889,100,99255,100,99948,100,99237,100,100032,100,99117,100
2019-06-28 10:06:20.000000000,99670,230,99566,230,99671,226,99554,226,99690,226,99541,226,99762,100,99457,100,99826,100,99430,100,99858,100,99412,100,99878,100,99278,100,99889,100,99255,100,99948,100,99237,100,100032,100,99117,100
2019-06-28 10:06:30.000000000,99670,176,99566,176,99671,176,99554,176,99690,176,99541,176,99762,176,99457,176,99826,176,99430,176,99858,100,99412,100,99878,100,99278,100,99889,100,99255,100,99948,100,99237,100,100032,100,99117,100
2019-06-28 10:06:36.171511967,99670,176,99566,176,99671,176,99554,176,99690,176,99541,176,99762,176,99457,176,99826,176,99430,176,99858,100,99412,100,99878,100,99278,100,99889,100,99255,100,99948,100,99237,100,100032,100,99117,100
2019-06-28 10:06:37.113783201,99670,76,99566,176,99671,76,99554,176,99690,176,99541,176,99762,176,99457,176,99826,176,99430,176,99858,100,99412,100,99878,100,99278,100,99889,100,99255,100,99948,100,99237,100,100032,100,99117,100
2019-06-28 10:06:40.000000000,99690,291,99566,291,99762,291,99554,291,99826,100,99541,100,99858,100,99457,100,99878,100,99430,100,99889,100,99412,100,99948,100,99278,100,100032,100,99255,100,100111,100,99237,100,100119,100,99117,100
2019-06-28 10:06:41.877385348,99690,191,99566,291,99762,291,99554,291,99858,100,99541,100,99878,100,99457,100,99889,100,99430,100,99948,100,99412,100,100032,100,99278,100,100111,100,99255,100,100119,100,99237,100,100133,100,99117,100
2019-06-28 10:06:50.000000000,99762,176,99566,176,99858,176,99554,176,99878,176,99541,176,99889,176,99457,176,99948,176,99430,176,100032,100,99412,100,100111,100,99278,100,100119,100,99255,100,100133,100,99237,100,100141,100,99117,100
2019-06-28 10:06:51.961987786,99762,176,99670,100,99858,176,99566,176,99878,176,99554,176,99889,176,99541,176,99948,176,99457,176,100032,100,99430,176,100111,100,99412,100,100119,100,99278,100,100133,100,99255,100,100141,100,99237,100
2019-06-28 10:07:00.000000000,99762,176,99670,176,99858,176,99566,176,99878,176,99554,176,99889,176,99541,176,99948,176,99457,176,100032,100,99430,100,100111,100,99412,100,100119,100,99278,100,100133,100,99255,100,100141,100,99237,100
2019-06-28 10:07:10.000000000,99762,196,99670,196,99858,196,99566,196,99878,196,99554,196,99889,196,99541,196,99948,100,99457,100,100032,100,99430,100,100111,100,99412,100,100119,100,99278,100,100133,100,99255,100,100141,100,99237,100
2019-06-28 10:07:20.000000000,99762,196,99670,196,99858,196,99566,196,99878,196,99554,196,99889,196,99541,196,99948,100,99457,100,100032,100,99430,100,100111,100,99412,100,100119,100,99278,100,100133,100,99255,100,100141,100,99237,100
2019-06-28 10:07:27.938181032,99762,196,99670,196,99858,196,99566,196,99878,196,99554,196,99889,196,99541,196,99948,100,99457,100,100032,100,99430,100,100111,100,99412,100,100119,100,99278,100,100133,100,99255,100,100141,100,99237,100
2019-06-28 10:07:30.000000000,99762,176,99670,176,99858,176,99566,176,99878,176,99554,176,99889,176,99541,176,99948,176,99457,176,100032,100,99430,100,100111,100,99412,100,100119,100,99278,100,100133,100,99255,100,100141,100,99237,100
2019-06-28 10:07:40.000000000,99762,230,99670,230,99858,226,99566,226,99878,226,99554,226,99889,100,99541,100,99948,100,99457,100,100032,100,99430,100,100111,100,99412,100,100119,100,99278,100,100133,100,99255,100,100141,100,99237,100
2019-06-28 10:07:50.000000000,99762,291,99670,291,99858,291,99566,291,99878,100,99554,100,99889,100,99541,100,99948,100,99457,100,100032,100,99430,100,100111,100,99412,100,100119,100,99278,100,100133,100,99255,100,100141,100,99237,100
2019-06-28 10:07:57.794943829,99762,291,99670,291,99858,291,99655,100,99878,100,99566,291,99889,100,99554,100,99948,100,99541,100,100032,100,99457,100,100111,100,99430,100,100119,100,99412,100,100133,100,99278,100,100141,100,99255,100
2019-06-28 10:07:59.582141430,99762,291,99670,291,99858,291,99655,100,99878,100,99566,291,99889,100,99554,100,99948,100,99541,100,100032,100,99457,100,100111,100,99430,100,100119,100,99412,100,100133,100,99380,100,100141,100,99278,100
2019-06-28 10:07:59.669521384,99762,291,99670,291,99858,291,99655,100,99878,100,99566,291,99889,100,99554,100,99948,100,99541,100,100032,100,99464,100,100111,100,99457,100,100119,100,99430,100,100133,100,99412,100,100141,100,99380,100
2019-06-28 10:08:00.000000000,99762,291,99670,291,99858,291,99655,291,99878,100,99566,100,99889,100,99554,100,99948,100,99541,100,100032,100,99464,100,100111,100,99457,100,100119,100,99430,100,100133,100,99412,100,100141,100,99380,100
2019-06-28 10:08:08.872942232,99762,291,99670,291,99858,291,99655,291,99878,100,99566,100,99889,100,99554,100,99948,100,99541,100,100032,100,99489,100,100111,100,99464,100,100119,100,99457,100,100133,100,99430,100,100141,100,99412,100
2019-06-28 10:08:10.000000000,99762,291,99670,291,99858,291,99655,291,99878,100,99566,100,99889,100,99554,100,99948,100,99541,100,100032,100,99489,100,100111,100,99464,100,100119,100,99457,100,100133,100,99430,100,100141,100,99412,100
2019-06-28 10:08:12.540751215,99762,291,99670,291,99838,100,99655,291,99858,291,99566,100,99878,100,99554,100,99889,100,99541,100,99948,100,99464,100,100032,100,99457,100,100111,100,99430,100,100119,100,99412,100,100133,100,99380,100
2019-06-28 10:08:20.000000000,99762,176,99670,176,99838,176,99655,176,99858,176,99566,176,99878,176,99554,176,99889,176,99541,176,99948,100,99464,100,100032,100,99457,100,100111,100,99430,100,100119,100,99412,100,100133,100,99380,100
2019-06-28 10:08:30.000000000,99762,230,99670,230,99838,226,99655,226,99858,226,99566,226,99878,100,99554,100,99889,100,99541,100,99948,100,99464,100,100032,100,99457,100,100111,100,99430,100,100119,100,99412,100,100133,100,99380,100
2019-06-28 10:08:40.000000000,99762,291,99670,291,99838,291,99655,291,99858,100,99566,100,99878,100,99554,100,99889,100,99541,100,99948,100,99464,100,100032,100,99457,100,100111,100,99430,100,100119,100,99412,100,100133,100,99380,100
2019-06-28 10:08:49.248478588,99762,191,99670,291,99838,291,99655,291,99858,100,99566,100,99878,100,99554,100,99889,100,99541,100,99948,100,99464,100,100032,100,99457,100,100111,100,99430,100,100119,100,99412,100,100133,100,99380,100
2019-06-28 10:08:50.000000000,99838,176,99670,176,99858,176,99655,176,99878,176,99566,176,99889,176,99554,176,99948,176,99541,176,100032,100,99464,100,100111,100,99457,100,100119,100,99430,100,100133,100,99412,100,100141,100,99380,100
2019-06-28 10:09:00.000000000,99838,482,99670,482,99858,100,99655,100,99878,100,99566,100,99889,100,99554,100,99948,100,99541,100,100032,100,99464,100,100111,100,99457,100,100119,100,99430,100,100133,100,99412,100,100141,100,99380,100
