,ask_price_1,ask_size_1,bid_price_1,bid_size_1,ask_price_2,ask_size_2,bid_price_2,bid_size_2,ask_price_3,ask_size_3,bid_price_3,bid_size_3,ask_price_4,ask_size_4,bid_price_4,bid_size_4,ask_price_5,ask_size_5,bid_price_5,bid_size_5,ask_price_6,ask_size_6,bid_price_6,bid_size_6,ask_price_7,ask_size_7,bid_price_7,bid_size_7,ask_price_8,ask_size_8,bid_price_8,bid_size_8,ask_price_9,ask_size_9,bid_price_9,bid_size_9,ask_price_10,ask_size_10,bid_price_10,bid_size_10
2019-06-28 09:30:00.000000000,,,99912,100,,,,,,,,,,,,,,,,,,,,,,,,,,,,,,,,,,,,
2019-06-28 09:30:00.000000003,100042,100,99912,100,100110,100,,,,,,,,,,,,,,,,,,,,,,,,,,,,,,,,,,
2019-06-28 09:30:00.000000004,100110,100,100000,100,,,99912,100,,,,,,,,,,,,,,,,,,,,,,,,,,,,,,,,
2019-06-28 09:30:00.000000007,100110,100,100000,100,,,99912,100,,,99855,100,,,,,,,,,,,,,,,,,,,,,,,,,,,,
2019-06-28 09:30:00.000000014,100110,100,99912,100,,,99855,100,,,99853,100,,,,,,,,,,,,,,,,,,,,,,,,,,,,
2019-06-28 09:30:00.000000015,100086,100,99912,100,100110,100,99855,100,,,99853,100,,,,,,,,,,,,,,,,,,,,,,,,,,,,
2019-06-28 09:30:00.000000017,100086,100,100000,100,100110,100,99912,100,,,99855,100,,,99853,100,,,,,,,,,,,,,,,,,,,,,,,,
2019-06-28 09:30:00.000000021,100086,100,100000,100,100110,100,99940,100,,,99912,100,,,99855,100,,,99853,100,,,,,,,,,,,,,,,,,,,,
2019-06-28 09:30:00.000000023,100086,100,100000,100,100110,100,99940,100,,,99912,100,,,99855,100,,,99853,100,,,99814,100,,,,,,,,,,,,,,,,
2019-06-28 09:30:00.000000027,100086,100,99951,100,100110,100,99940,100,,,99912,100,,,99855,100,,,99853,100,,,99814,100,,,,,,,,,,,,,,,,
2019-06-28 09:30:00.000000030,100086,100,99951,100,100110,100,99940,100,,,99912,100,,,99874,100,,,99855,100,,,99853,100,,,99814,100,,,,,,,,,,,,
2019-06-28 09:30:00.000000031,100074,100,99951,100,100086,100,99940,100,100110,100,99912,100,,,99874,100,,,99855,100,,,99853,100,,,99814,100,,,,,,,,,,,,
2019-06-28 09:30:00.000000034,100050,100,99951,100,100074,100,99940,100,100086,100,99912,100,100110,100,99874,100,,,99855,100,,,99853,100,,,99814,100,,,,,,,,,,,,
2019-06-28 09:30:00.000000036,100050,100,99951,100,100074,100,99940,100,100086,100,99912,100,100110,100,99902,100,,,99874,100,,,99855,100,,,99853,100,,,99814,100,,,,,,,,
2019-06-28 09:30:00.000000037,100050,100,99951,100,100074,100,99940,100,100086,100,99928,100,100110,100,99912,100,,,99902,100,,,99874,100,,,99855,100,,,99853,100,,,99814,100,,,,
2019-06-28 09:30:00.000000039,100046,100,99951,100,100050,100,99940,100,100074,100,99928,100,100086,100,99912,100,100110,100,99902,100,,,99874,100,,,99855,100,,,99853,100,,,99814,100,,,,
2019-06-28 09:30:00.000000041,100046,100,100000,100,100050,100,99951,100,100074,100,99940,100,100086,100,99928,100,100110,100,99927,100,,,99912,100,,,99902,100,,,99874,100,,,99855,100,,,99853,100
2019-06-28 09:30:00.000000044,100046,100,99951,100,100050,100,99940,100,100074,100,99928,100,100086,100,99927,100,100110,100,99912,100,,,99902,100,,,99874,100,,,99855,100,,,99853,100,,,99814,100
2019-06-28 09:30:00.000000046,100046,100,99951,100,100050,100,99942,100,100074,100,99940,100,100086,100,99928,100,100110,100,99927,100,,,99912,100,,,99902,100,,,99874,100,,,99855,100,,,99853,100
2019-06-28 09:30:00.000000049,100046,100,99951,100,100050,100,99942,100,100074,100,99940,100,100086,100,99928,100,100101,100,99927,100,100110,100,99912,100,100138,100,99902,100,,,99874,100,,,99855,100,,,99853,100
2019-06-28 09:30:00.000000050,100000,100,99951,100,100046,100,99942,100,100050,100,99940,100,100074,100,99928,100,100086,100,99927,100,100101,100,99922,100,100110,100,99912,100,100138,100,99902,100,,,99874,100,,,99855,100
2019-06-28 09:30:00.000000051,100000,100,99951,100,100046,100,99942,100,100050,100,99940,100,100074,100,99928,100,100086,100,99927,100,100092,100,99922,100,100101,100,99921,100,100110,100,99912,100,100138,100,99902,100,,,99874,100
2019-06-28 09:30:00.000000054,99997,100,99951,100,100000,100,99942,100,100046,100,99940,100,100050,100,99928,100,100074,100,99927,100,100086,100,99922,100,100092,100,99921,100,100101,100,99912,100,100110,100,99902,100,100138,100,99874,100
2019-06-28 09:30:00.000000056,99997,100,99951,100,100000,100,99942,100,100046,100,99940,100,100050,100,99928,100,100074,100,99927,100,100086,100,99922,100,100092,100,99921,100,100101,100,99912,100,100105,100,99902,100,100110,100,99874,100
2019-06-28 09:30:00.000000059,99997,100,99951,100,100000,200,99942,100,100018,100,99940,100,100046,100,99928,100,100050,100,99927,100,100074,100,99922,100,100086,100,99921,100,100092,100,99912,100,100101,100,99902,100,100105,100,99874,100
2019-06-28 09:30:00.000000060,100000,200,99951,100,100018,100,99942,100,100046,100,99940,100,100050,100,99928,100,100074,100,99927,100,100086,100,99922,100,100092,100,99921,100,100101,100,99912,100,100105,100,99902,100,100110,100,99874,100
2019-06-28 09:30:00.000000068,100000,200,99951,100,100018,100,99942,100,100046,100,99940,100,100050,100,99928,100,100055,100,99927,100,100074,100,99922,100,100086,100,99921,100,100092,100,99912,100,100101,100,99902,100,100105,100,99874,100
2019-06-28 09:30:00.000000071,100000,200,99951,100,100018,100,99942,100,100046,100,99940,100,100050,100,99928,100,100055,100,99927,100,100074,100,99922,100,100086,100,99921,100,100092,100,99912,100,100101,100,99902,100,100105,100,99897,100
2019-06-28 09:30:00.000000072,100000,200,99951,100,100018,100,99944,100,100046,100,99942,100,100050,100,99940,100,100055,100,99928,100,100074,100,99927,100,100086,100,99922,100,100092,100,99921,100,100101,100,99912,100,100105,100,99902,100
2019-06-28 09:30:00.000000074,100000,200,99993,100,100007,100,99951,100,100018,100,99944,100,100045,100,99942,100,100046,100,99940,100,100050,100,99928,100,100055,100,99927,100,100074,100,99922,100,100086,100,99921,100,100092,100,99912,100
2019-06-28 09:30:00.000000076,100000,100,99993,100,100007,100,99951,100,100018,100,99944,100,100045,100,99942,100,100046,100,99940,100,100050,100,99928,100,100055,100,99927,100,100074,100,99922,100,100086,100,99921,100,100092,100,99912,100
2019-06-28 09:30:00.000000078,100000,100,99993,100,100007,100,99970,100,100018,100,99951,100,100045,100,99944,100,100046,100,99942,100,100050,100,99940,100,100055,100,99928,100,100074,100,99927,100,100086,100,99922,100,100092,100,99921,100
2019-06-28 09:30:00.000000079,100000,100,99993,100,100007,100,99970,100,100018,100,99951,100,100045,100,99944,100,100046,100,99942,100,100050,100,99940,100,100055,100,99928,100,100074,100,99927,100,100086,100,99922,100,100092,100,99921,100
2019-06-28 09:30:00.000000082,100000,100,99993,100,100007,100,99970,100,100018,100,99960,100,100045,100,99951,100,100046,100,99944,100,100050,100,99942,100,100055,100,99940,100,100074,100,99928,100,100076,100,99927,100,100086,100,99922,100
2019-06-28 09:30:00.000000086,100000,100,99993,100,100007,100,99970,100,100018,100,99960,100,100045,100,99957,100,100046,100,99951,100,100050,100,99944,100,100055,100,99942,100,100074,100,99940,100,100076,100,99928,100,100086,100,99927,100
2019-06-28 09:30:00.000000087,100000,100,99993,100,100007,100,99970,100,100018,100,99960,100,100045,100,99957,100,100046,100,99951,100,100050,100,99944,100,100055,100,99942,100,100074,100,99940,100,100076,100,99928,100,100086,100,99927,100
2019-06-28 09:30:00.000000088,100007,100,99993,200,100018,100,99970,100,100029,100,99960,100,100045,100,99957,100,100046,100,99951,100,100050,100,99944,100,100055,100,99942,100,100074,100,99940,100,100076,100,99928,100,100086,100,99927,100
2019-06-28 09:30:00.000000089,100007,100,99993,100,100018,100,99970,100,100029,100,99960,100,100045,100,99957,100,100046,100,99951,100,100050,100,99944,100,100055,100,99942,100,100074,100,99940,100,100076,100,99928,100,100086,100,99927,100
2019-06-28 09:30:00.000000091,100007,100,99993,100,100018,100,99970,100,100029,100,99960,100,100045,100,99957,100,100046,100,99951,100,100050,100,99944,100,100055,100,99942,100,100074,100,99940,100,100076,100,99928,100,100086,100,99927,100
2019-06-28 09:30:00.000000092,100018,100,99993,100,100029,100,99970,100,100045,100,99960,100,100046,100,99957,100,100050,100,99951,100,100055,100,99944,100,100067,100,99942,100,100074,100,99940,100,100076,100,99928,100,100086,100,99927,100
2019-06-28 09:30:00.000000094,100018,100,99970,100,100029,100,99960,100,100045,100,99957,100,100046,100,99951,100,100050,100,99944,100,100055,100,99942,100,100067,100,99940,100,100074,100,99928,100,100076,100,99927,100,100086,100,99922,100
2019-06-28 09:30:00.000000096,100018,100,99993,100,100029,100,99970,100,100045,100,99960,100,100046,100,99957,100,100050,100,99951,100,100055,100,99944,100,100067,100,99942,100,100074,100,99940,100,100076,100,99928,100,100086,100,99927,100
2019-06-28 09:30:00.000000097,100018,100,99970,100,100029,100,99960,100,100045,100,99957,100,100046,100,99951,100,100050,100,99944,100,100055,100,99942,100,100067,100,99940,100,100074,100,99928,100,100076,100,99927,100,100086,100,99922,100
2019-06-28 09:30:02.760512679,100018,100,99993,100,100029,100,99970,100,100045,100,99960,100,100046,100,99957,100,100050,100,99951,100,100055,100,99944,100,100067,100,99942,100,100074,100,99940,100,100076,100,99928,100,100086,100,99927,100
2019-06-28 09:30:10.000000000,100018,202,99993,202,100029,202,99970,202,100045,202,99960,202,100046,202,99957,202,100050,100,99951,100,100055,100,99944,100,100067,100,99942,100,100074,100,99940,100,100076,100,99928,100,100086,100,99927,100
2019-06-28 09:30:10.591795408,100018,202,99993,202,100029,202,99970,202,100045,202,99960,202,100046,202,99957,202,100050,100,99951,100,100055,100,99944,100,100067,100,99942,100,100074,100,99940,100,100076,100,99928,100,100086,100,99927,100
2019-06-28 09:30:20.000000000,100018,510,99993,510,100029,100,99970,100,100045,100,99960,100,100046,100,99957,100,100050,100,99951,100,100055,100,99944,100,100067,100,99942,100,100074,100,99940,100,100076,100,99928,100,100086,100,99927,100
2019-06-28 09:30:21.368805930,100018,510,99993,510,100029,100,99970,100,100045,100,99960,100,100046,100,99957,100,100050,100,99951,100,100055,100,99944,100,100067,100,99942,100,100074,100,99940,100,100076,100,99928,100,100086,100,99927,100
2019-06-28 09:30:30.000000000,100018,182,99993,182,100029,182,99970,182,100045,182,99960,182,100046,182,99957,182,100050,182,99951,182,100055,100,99944,100,100067,100,99942,100,100074,100,99940,100,100076,100,99928,100,100086,100,99927,100
2019-06-28 09:30:40.000000000,100018,182,99993,182,100029,182,99970,182,100045,182,99960,182,100046,182,99957,182,100050,182,99951,182,100055,100,99944,100,100067,100,99942,100,100074,100,99940,100,100076,100,99928,100,100086,100,99927,100
2019-06-28 09:30:43.369251686,100018,182,99993,182,100029,182,99970,182,100045,82,99960,182,100046,182,99957,182,100050,182,99951,182,100055,100,99944,100,100067,100,99942,100,100074,100,99940,100,100076,100,99928,100,100086,100,99927,100
2019-06-28 09:30:50.000000000,100018,182,99993,182,100029,182,99970,182,100046,182,99960,182,100050,182,99957,182,100055,182,99951,182,100067,100,99944,100,100074,100,99942,100,100076,100,99940,100,100086,100,99928,100,100092,100,99927,100
2019-06-28 09:31:00.000000000,100018,510,99993,510,100029,100,99970,100,100046,100,99960,100,100050,100,99957,100,100055,100,99951,100,100067,100,99944,100,100074,100,99942,100,100076,100,99940,100,100086,100,99928,100,100092,100,99927,100
2019-06-28 09:31:10.000000000,100018,510,99993,510,100029,100,99970,100,100046,100,99960,100,100050,100,99957,100,100055,100,99951,100,100067,100,99944,100,100074,100,99942,100,100076,100,99940,100,100086,100,99928,100,100092,100,99927,100
2019-06-28 09:31:12.311967920,100018,410,99993,410,100029,100,99970,100,100046,100,99960,100,100050,100,99957,100,100055,100,99951,100,100067,100,99944,100,100074,100,99942,100,100076,100,99940,100,100086,100,99928,100,100092,100,99927,100
2019-06-28 09:31:19.495120961,100018,410,99993,410,100025,100,99970,100,100029,100,99960,100,100046,100,99957,100,100050,100,99951,100,100055,100,99944,100,100067,100,99940,100,100074,100,99928,100,100076,100,99927,100,100086,100,99922,100
2019-06-28 09:31:20.000000000,100025,305,99970,305,100029,305,99960,305,100046,100,99957,100,100050,100,99951,100,100055,100,99944,100,100067,100,99940,100,100074,100,99928,100,100076,100,99927,100,100086,100,99922,100,100092,100,99921,100
2019-06-28 09:31:21.181207469,100025,305,99970,205,100029,305,99960,305,100046,100,99957,100,100050,100,99951,100,100055,100,99944,100,100067,100,99940,100,100074,100,99928,100,100076,100,99927,100,100086,100,99921,100,100092,100,99918,100
2019-06-28 09:31:30.000000000,100025,305,99960,305,100029,305,99957,305,100046,100,99951,100,100050,100,99944,100,100055,100,99940,100,100067,100,99928,100,100074,100,99927,100,100076,100,99921,100,100086,100,99918,100,100092,100,99912,100
2019-06-28 09:31:40.000000000,100025,510,99960,510,100029,100,99957,100,100046,100,99951,100,100050,100,99944,100,100055,100,99940,100,100067,100,99928,100,100074,100,99927,100,100076,100,99921,100,100086,100,99918,100,100092,100,99912,100
2019-06-28 09:31:50.000000000,100025,510,99960,510,100029,100,99957,100,100046,100,99951,100,100050,100,99944,100,100055,100,99940,100,100067,100,99928,100,100074,100,99927,100,100076,100,99921,100,100086,100,99918,100,100092,100,99912,100
2019-06-28 09:31:59.345546619,100025,510,99960,510,100029,100,99957,100,100046,100,99951,100,100050,100,99944,100,100055,100,99940,100,100056,100,99928,100,100067,100,99927,100,100074,100,99921,100,100076,100,99918,100,100086,100,99912,100
2019-06-28 09:32:00.000000000,100025,305,99960,305,100029,305,99957,305,100046,100,99951,100,100050,100,99944,100,100055,100,99940,100,100056,100,99928,100,100067,100,99927,100,100074,100,99921,100,100076,100,99918,100,100086,100,99912,100
2019-06-28 09:32:02.586964268,100025,305,99960,305,100029,305,99957,305,100046,100,99951,100,100050,100,99944,100,100055,100,99940,100,100056,100,99928,100,100067,100,99927,100,100074,100,99926,100,100076,100,99921,100,100086,100,99918,100
2019-06-28 09:32:10.000000000,100025,182,99960,182,100029,182,99957,182,100046,182,99951,182,100050,182,99944,182,100055,182,99940,182,100056,100,99928,100,100067,100,99927,100,100074,100,99926,100,100076,100,99921,100,100086,100,99918,100
2019-06-28 09:32:11.702735412,100025,82,99960,182,100029,182,99957,182,100046,182,99951,182,100050,182,99944,182,100055,182,99940,182,100056,100,99928,100,100067,100,99927,100,100074,100,99926,100,100076,100,99921,100,100086,100,99918,100
2019-06-28 09:32:13.132321000,100029,182,100025,18,100046,182,99960,182,100050,182,99957,182,100055,182,99951,182,100056,100,99944,182,100067,100,99940,182,100074,100,99928,100,100076,100,99927,100,100086,100,99926,100,100092,100,99921,100
2019-06-28 09:32:13.584920914,100029,182,100025,18,100046,182,99990,100,100050,182,99960,182,100055,182,99957,182,100056,100,99951,182,100067,100,99944,182,100074,100,99940,182,100076,100,99928,100,100086,100,99927,100,100092,100,99926,100
2019-06-28 09:32:20.000000000,100029,239,100025,157,100046,235,99990,235,100050,235,99960,235,100055,100,99957,100,100056,100,99951,100,100067,100,99944,100,100074,100,99940,100,100076,100,99928,100,100086,100,99927,100,100092,100,99926,100
2019-06-28 09:32:24.776915234,100029,239,100025,157,100046,235,99990,235,100050,235,99960,235,100055,100,99957,100,100056,100,99951,100,100067,100,99944,100,100074,100,99940,100,100076,100,99928,100,100086,100,99927,100,100092,100,99926,100
2019-06-28 09:32:30.000000000,100029,239,100025,157,100046,235,99990,235,100050,235,99960,235,100055,100,99957,100,100056,100,99951,100,100067,100,99944,100,100074,100,99940,100,100076,100,99928,100,100086,100,99927,100,100092,100,99926,100
2019-06-28 09:32:40.000000000,100029,305,100025,223,100046,305,99990,305,100050,100,99960,100,100055,100,99957,100,100056,100,99951,100,100067,100,99944,100,100074,100,99940,100,100076,100,99928,100,100086,100,99927,100,100092,100,99926,100
2019-06-28 09:32:43.767560001,100029,305,100025,123,100046,305,99990,305,100050,100,99960,100,100055,100,99957,100,100056,100,99951,100,100067,100,99944,100,100074,100,99940,100,100076,100,99928,100,100086,100,99927,100,100092,100,99926,100
2019-06-28 09:32:50.000000000,100029,202,99990,202,100046,202,99960,202,100050,202,99957,202,100055,202,99951,202,100056,100,99944,100,100067,100,99940,100,100074,100,99928,100,100076,100,99927,100,100086,100,99926,100,100092,100,99921,100
2019-06-28 09:32:53.746414021,100029,202,99990,202,100046,202,99960,202,100050,202,99957,202,100055,202,99951,202,100056,100,99944,100,100067,100,99940,100,100074,100,99928,100,100076,100,99927,100,100086,100,99926,100,100092,100,99921,100
2019-06-28 09:33:00.000000000,100029,239,99990,239,100046,235,99960,235,100050,235,99957,235,100055,100,99951,100,100056,100,99944,100,100067,100,99940,100,100074,100,99928,100,100076,100,99927,100,100086,100,99926,100,100092,100,99921,100
2019-06-28 09:33:10.000000000,100029,182,99990,182,100046,182,99960,182,100050,182,99957,182,100055,182,99951,182,100056,182,99944,182,100067,100,99940,100,100074,100,99928,100,100076,100,99927,100,100086,100,99926,100,100092,100,99921,100
2019-06-28 09:33:10.995763491,100029,182,99990,182,100046,182,99960,182,100050,182,99957,182,100055,182,99951,182,100056,182,99944,182,100067,100,99941,100,100074,100,99940,100,100076,100,99928,100,100086,100,99927,100,100092,100,99926,100
2019-06-28 09:33:20.000000000,100029,202,99990,202,100046,202,99960,202,100050,202,99957,202,100055,202,99951,202,100056,100,99944,100,100067,100,99941,100,100074,100,99940,100,100076,100,99928,100,100086,100,99927,100,100092,100,99926,100
2019-06-28 09:33:24.793276384,100029,202,99990,202,100046,202,99960,202,100050,202,99957,202,100055,202,99951,202,100056,100,99944,100,100067,100,99941,100,100074,100,99940,100,100076,100,99928,100,100086,100,99927,100,100092,100,99926,100
2019-06-28 09:33:29.856063584,100029,102,99990,202,100046,102,99960,202,100050,202,99957,202,100055,202,99951,202,100056,100,99944,100,100067,100,99941,100,100074,100,99940,100,100076,100,99928,100,100086,100,99927,100,100092,100,99926,100
2019-06-28 09:33:30.000000000,100050,182,99990,182,100055,182,99960,182,100056,182,99957,182,100067,182,99951,182,100074,182,99944,182,100076,100,99941,100,100086,100,99940,100,100092,100,99928,100,100101,100,99927,100,100105,100,99926,100
2019-06-28 09:33:40.000000000,100050,239,99990,239,100055,235,99960,235,100056,235,99957,235,100067,100,99951,100,100074,100,99944,100,100076,100,99941,100,100086,100,99940,100,100092,100,99928,100,100101,100,99927,100,100105,100,99926,100
2019-06-28 09:33:50.000000000,100050,202,99990,202,100055,202,99960,202,100056,202,99957,202,100067,202,99951,202,100074,100,99944,100,100076,100,99941,100,100086,100,99940,100,100092,100,99928,100,100101,100,99927,100,100105,100,99926,100
2019-06-28 09:33:52.426188185,100050,202,99990,202,100055,202,99960,202,100056,202,99957,202,100067,202,99951,202,100074,100,99944,100,100076,100,99941,100,100086,100,99940,100,100092,100,99928,100,100101,100,99927,100,100105,100,99926,100
2019-06-28 09:33:54.213329421,100050,202,99990,202,100055,202,99960,202,100056,202,99957,202,100067,202,99951,202,100074,100,99944,100,100076,100,99941,100,100086,100,99940,100,100092,100,99928,100,100101,100,99927,100,100105,100,99926,100
2019-06-28 09:34:00.000000000,100050,305,99990,305,100055,305,99960,305,100056,100,99957,100,100067,100,99951,100,100074,100,99944,100,100076,100,99941,100,100086,100,99940,100,100092,100,99928,100,100101,100,99927,100,100105,100,99926,100
2019-06-28 09:34:10.000000000,100050,510,99990,510,100055,100,99960,100,100056,100,99957,100,100067,100,99951,100,100074,100,99944,100,100076,100,99941,100,100086,100,99940,100,100092,100,99928,100,100101,100,99927,100,100105,100,99926,100
2019-06-28 09:34:10.730009394,100050,510,100026,100,100055,100,99990,510,100056,100,99960,100,100067,100,99957,100,100074,100,99951,100,100076,100,99944,100,100086,100,99941,100,100092,100,99940,100,100101,100,99928,100,100105,100,99927,100
2019-06-28 09:34:20.000000000,100050,305,100026,305,100055,305,99990,305,100056,100,99960,100,100067,100,99957,100,100074,100,99951,100,100076,100,99944,100,100086,100,99941,100,100092,100,99940,100,100101,100,99928,100,100105,100,99927,100
2019-06-28 09:34:30.000000000,100050,182,100026,182,100055,182,99990,182,100056,182,99960,182,100067,182,99957,182,100074,182,99951,182,100076,100,99944,100,100086,100,99941,100,100092,100,99940,100,100101,100,99928,100,100105,100,99927,100
2019-06-28 09:34:37.025774614,100050,82,100026,182,100055,182,99990,182,100056,182,99960,182,100067,182,99957,182,100074,182,99951,182,100076,100,99944,100,100086,100,99941,100,100092,100,99940,100,100101,100,99928,100,100105,100,99927,100
2019-06-28 09:34:40.000000000,100055,202,100026,202,100056,202,99990,202,100067,202,99960,202,100074,202,99957,202,100076,100,99951,100,100086,100,99944,100,100092,100,99941,100,100101,100,99940,100,100105,100,99928,100,100110,100,99927,100
2019-06-28 09:34:48.451651268,100055,202,100034,100,100056,202,100026,202,100067,202,99990,202,100074,202,99960,202,100076,100,99957,202,100086,100,99951,100,100092,100,99944,100,100101,100,99941,100,100105,100,99940,100,100110,100,99928,100
2019-06-28 09:34:50.000000000,100055,510,100034,510,100056,100,100026,100,100067,100,99990,100,100074,100,99960,100,100076,100,99957,100,100086,100,99951,100,100092,100,99944,100,100101,100,99941,100,100105,100,99940,100,100110,100,99928,100
2019-06-28 09:35:00.000000000,100055,202,100034,202,100056,202,100026,202,100067,202,99990,202,100074,202,99960,202,100076,100,99957,100,100086,100,99951,100,100092,100,99944,100,100101,100,99941,100,100105,100,99940,100,100110,100,99928,100
2019-06-28 09:35:10.000000000,100055,305,100034,305,100056,305,100026,305,100067,100,99990,100,100074,100,99960,100,100076,100,99957,100,100086,100,99951,100,100092,100,99944,100,100101,100,99941,100,100105,100,99940,100,100110,100,99928,100
2019-06-28 09:35:12.672918452,100055,305,100034,205,100056,305,100026,305,100067,100,99960,100,100074,100,99957,100,100076,100,99951,100,100086,100,99944,100,100092,100,99941,100,100101,100,99940,100,100105,100,99928,100,100110,100,99927,100
2019-06-28 09:35:12.749564971,100044,100,100034,205,100055,305,100026,305,100056,305,99960,100,100067,100,99957,100,100074,100,99951,100,100076,100,99944,100,100086,100,99941,100,100092,100,99940,100,100101,100,99928,100,100105,100,99927,100
2019-06-28 09:35:20.000000000,100044,182,100026,182,100055,182,99960,182,100056,182,99957,182,100067,182,99951,182,100074,182,99944,182,100076,100,99941,100,100086,100,99940,100,100092,100,99928,100,100101,100,99927,100,100105,100,99926,100
2019-06-28 09:35:30.000000000,100044,510,100026,510,100055,100,99960,100,100056,100,99957,100,100067,100,99951,100,100074,100,99944,100,100076,100,99941,100,100086,100,99940,100,100092,100,99928,100,100101,100,99927,100,100105,100,99926,100
2019-06-28 09:35:35.965168611,100044,410,100026,510,100055,100,99960,100,100056,100,99957,100,100067,100,99951,100,100074,100,99944,100,100076,100,99941,100,100086,100,99940,100,100092,100,99928,100,100101,100,99927,100,100105,100,99926,100
2019-06-28 09:35:40.000000000,100055,510,100026,510,100056,100,99960,100,100067,100,99957,100,100074,100,99951,100,100076,100,99944,100,100086,100,99941,100,100092,100,99940,100,100101,100,99928,100,100105,100,99927,100,100110,100,99926,100
2019-06-28 09:35:50.000000000,100055,202,100026,202,100056,202,99960,202,100067,202,99957,202,100074,202,99951,202,100076,100,99944,100,100086,100,99941,100,100092,100,99940,100,100101,100,99928,100,100105,100,99927,100,100110,100,99926,100
2019-06-28 09:35:51.175574943,100055,202,100035,100,100056,202,100026,202,100067,202,99960,202,100074,202,99957,202,100076,100,99951,202,100086,100,99944,100,100092,100,99941,100,100101,100,99940,100,100105,100,99928,100,100110,100,99927,100
2019-06-28 09:35:59.302831291,100043,100,100035,100,100055,202,100026,202,100056,202,99960,202,100067,202,99957,202,100074,202,99951,202,100076,100,99944,100,100086,100,99941,100,100092,100,99940,100,100101,100,99928,100,100105,100,99927,100
2019-06-28 09:36:00.000000000,100043,182,100035,182,100055,182,100026,182,100056,182,99960,182,100067,182,99957,182,100074,182,99951,182,100076,100,99944,100,100086,100,99941,100,100092,100,99940,100,100101,100,99928,100,100105,100,99927,100
2019-06-28 09:36:10.000000000,100043,305,100035,305,100055,305,100026,305,100056,100,99960,100,100067,100,99957,100,100074,100,99951,100,100076,100,99944,100,100086,100,99941,100,100092,100,99940,100,100101,100,99928,100,100105,100,99927,100
2019-06-28 09:36:20.000000000,100043,182,100035,182,100055,182,100026,182,100056,182,99960,182,100067,182,99957,182,100074,182,99951,182,100076,100,99944,100,100086,100,99941,100,100092,100,99940,100,100101,100,99928,100,100105,100,99927,100
2019-06-28 09:36:30.000000000,100043,239,100035,239,100055,235,100026,235,100056,235,99960,235,100067,100,99957,100,100074,100,99951,100,100076,100,99944,100,100086,100,99941,100,100092,100,99940,100,100101,100,99928,100,100105,100,99927,100
2019-06-28 09:36:40.000000000,100043,305,100035,305,100055,305,100026,305,100056,100,99960,100,100067,100,99957,100,100074,100,99951,100,100076,100,99944,100,100086,100,99941,100,100092,100,99940,100,100101,100,99928,100,100105,100,99927,100
2019-06-28 09:36:50.000000000,100043,510,100035,510,100055,100,100026,100,100056,100,99960,100,100067,100,99957,100,100074,100,99951,100,100076,100,99944,100,100086,100,99941,100,100092,100,99940,100,100101,100,99928,100,100105,100,99927,100
2019-06-28 09:37:00.000000000,100043,239,100035,239,100055,235,100026,235,100056,235,99960,235,100067,100,99957,100,100074,100,99951,100,100076,100,99944,100,100086,100,99941,100,100092,100,99940,100,100101,100,99928,100,100105,100,99927,100
2019-06-28 09:37:10.000000000,100043,182,100035,182,100055,182,100026,182,100056,182,99960,182,100067,182,99957,182,100074,182,99951,182,100076,100,99944,100,100086,100,99941,100,100092,100,99940,100,100101,100,99928,100,100105,100,99927,100
2019-06-28 09:37:10.522336253,100043,182,100035,182,100055,182,100026,182,100056,182,99960,182,100067,182,99957,182,100074,182,99951,182,100076,100,99944,100,100086,100,99941,100,100092,100,99940,100,100101,100,99928,100,100105,100,99927,100
2019-06-28 09:37:20.000000000,100043,202,100035,202,100055,202,100026,202,100056,202,99960,202,100067,202,99957,202,100074,100,99951,100,100076,100,99944,100,100086,100,99941,100,100092,100,99940,100,100101,100,99928,100,100105,100,99927,100
2019-06-28 09:37:24.032321056,100043,202,100035,202,100055,202,100026,202,100056,202,99960,202,100067,202,99957,202,100074,100,99944,100,100076,100,99941,100,100086,100,99940,100,100092,100,99928,100,100101,100,99927,100,100105,100,99926,100
2019-06-28 09:37:30.000000000,100043,510,100035,510,100055,100,100026,100,100056,100,99960,100,100067,100,99957,100,100074,100,99944,100,100076,100,99941,100,100086,100,99940,100,100092,100,99928,100,100101,100,99927,100,100105,100,99926,100
2019-06-28 09:37:40.000000000,100043,202,100035,202,100055,202,100026,202,100056,202,99960,202,100067,202,99957,202,100074,100,99944,100,100076,100,99941,100,100086,100,99940,100,100092,100,99928,100,100101,100,99927,100,100105,100,99926,100
2019-06-28 09:37:43.289484404,100043,202,100035,202,100055,202,100026,202,100056,202,99960,202,100067,202,99957,202,100074,100,99944,100,100076,100,99941,100,100086,100,99940,100,100092,100,99928,100,100101,100,99927,100,100105,100,99926,100
2019-06-28 09:37:50.000000000,100043,202,100035,202,100055,202,100026,202,100056,202,99960,202,100067,202,99957,202,100074,100,99944,100,100076,100,99941,100,100086,100,99940,100,100092,100,99928,100,100101,100,99927,100,100105,100,99926,100
2019-06-28 09:37:56.181197660,100043,102,100035,202,100055,202,100026,202,100056,202,99960,202,100067,202,99957,202,100074,100,99944,100,100076,100,99941,100,100086,100,99940,100,100092,100,99928,100,100101,100,99927,100,100105,100,99926,100
2019-06-28 09:38:00.000000000,100055,305,100035,305,100056,305,100026,305,100067,100,99960,100,100074,100,99957,100,100076,100,99944,100,100086,100,99941,100,100092,100,99940,100,100101,100,99928,100,100105,100,99927,100,100110,100,99926,100
2019-06-28 09:38:00.948342742,100055,205,100035,305,100056,305,100026,305,100067,100,99960,100,100074,100,99957,100,100076,100,99944,100,100086,100,99941,100,100092,100,99940,100,100101,100,99928,100,100105,100,99927,100,100110,100,99926,100
2019-06-28 09:38:10.000000000,100056,239,100035,239,100067,235,100026,235,100074,235,99960,235,100076,100,99957,100,100086,100,99944,100,100092,100,99941,100,100101,100,99940,100,100105,100,99928,100,100110,100,99927,100,100138,100,99926,100
2019-06-28 09:38:20.000000000,100056,510,100035,510,100067,100,100026,100,100074,100,99960,100,100076,100,99957,100,100086,100,99944,100,100092,100,99941,100,100101,100,99940,100,100105,100,99928,100,100110,100,99927,100,100138,100,99926,100
2019-06-28 09:38:30.000000000,100056,510,100035,510,100067,100,100026,100,100074,100,99960,100,100076,100,99957,100,100086,100,99944,100,100092,100,99941,100,100101,100,99940,100,100105,100,99928,100,100110,100,99927,100,100138,100,99926,100
2019-06-28 09:38:40.000000000,100056,305,100035,305,100067,305,100026,305,100074,100,99960,100,100076,100,99957,100,100086,100,99944,100,100092,100,99941,100,100101,100,99940,100,100105,100,99928,100,100110,100,99927,100,100138,100,99926,100
2019-06-28 09:38:50.000000000,100056,202,100035,202,100067,202,100026,202,100074,202,99960,202,100076,202,99957,202,100086,100,99944,100,100092,100,99941,100,100101,100,99940,100,100105,100,99928,100,100110,100,99927,100,100138,100,99926,100
2019-06-28 09:39:00.000000000,100056,510,100035,510,100067,100,100026,100,100074,100,99960,100,100076,100,99957,100,100086,100,99944,100,100092,100,99941,100,100101,100,99940,100,100105,100,99928,100,100110,100,99927,100,100138,100,99926,100
2019-06-28 09:39:10.000000000,100056,510,100035,510,100067,100,100026,100,100074,100,99960,100,100076,100,99957,100,100086,100,99944,100,100092,100,99941,100,100101,100,99940,100,100105,100,99928,100,100110,100,99927,100,100138,100,99926,100
2019-06-28 09:39:20.000000000,100056,239,100035,239,100067,235,100026,235,100074,235,99960,235,100076,100,99957,100,100086,100,99944,100,100092,100,99941,100,100101,100,99940,100,100105,100,99928,100,100110,100,99927,100,100138,100,99926,100
2019-06-28 09:39:30.000000000,100056,202,100035,202,100067,202,100026,202,100074,202,99960,202,100076,202,99957,202,100086,100,99944,100,100092,100,99941,100,100101,100,99940,100,100105,100,99928,100,100110,100,99927,100,100138,100,99926,100
2019-06-28 09:39:40.000000000,100056,182,100035,182,100067,182,100026,182,100074,182,99960,182,100076,182,99957,182,100086,182,99944,182,100092,100,99941,100,100101,100,99940,100,100105,100,99928,100,100110,100,99927,100,100138,100,99926,100
2019-06-28 09:39:47.275937204,100056,182,100035,182,100067,182,100026,182,100074,182,99960,182,100076,182,99957,182,100086,182,99944,182,100092,100,99941,100,100101,100,99940,100,100105,100,99928,100,100110,100,99926,100,100138,100,99918,100
2019-06-28 09:39:50.000000000,100056,510,100035,510,100067,100,100026,100,100074,100,99960,100,100076,100,99957,100,100086,100,99944,100,100092,100,99941,100,100101,100,99940,100,100105,100,99928,100,100110,100,99926,100,100138,100,99918,100
2019-06-28 09:40:00.000000000,100056,182,100035,182,100067,182,100026,182,100074,182,99960,182,100076,182,99957,182,100086,182,99944,182,100092,100,99941,100,100101,100,99940,100,100105,100,99928,100,100110,100,99926,100,100138,100,99918,100
2019-06-28 09:40:02.074413441,100056,182,100035,182,100067,182,100026,182,100074,182,99960,182,100076,182,99957,182,100086,182,99944,182,100092,100,99941,100,100101,100,99940,100,100105,100,99928,100,100138,100,99926,100,100142,100,99918,100
2019-06-28 09:40:04.376415183,100056,82,100035,182,100067,182,100026,182,100074,182,99960,182,100076,182,99957,182,100086,182,99944,182,100092,100,99941,100,100101,100,99940,100,100105,100,99928,100,100138,100,99926,100,100142,100,99918,100
2019-06-28 09:40:10.000000000,100067,202,100035,202,100074,202,100026,202,100076,202,99960,202,100086,202,99957,202,100092,100,99944,100,100101,100,99941,100,100105,100,99940,100,100138,100,99928,100,100142,100,99926,100,100186,100,99918,100
2019-06-28 09:40:12.854296595,100067,202,100043,100,100074,202,100035,202,100076,202,100026,202,100086,202,99960,202,100092,100,99957,202,100101,100,99944,100,100105,100,99941,100,100138,100,99940,100,100142,100,99928,100,100186,100,99926,100
2019-06-28 09:40:20.000000000,100067,305,100043,305,100074,305,100035,305,100076,100,100026,100,100086,100,99960,100,100092,100,99957,100,100101,100,99944,100,100105,100,99941,100,100138,100,99940,100,100142,100,99928,100,100186,100,99926,100
2019-06-28 09:40:20.628754503,100067,205,100043,305,100074,305,100035,305,100076,100,100026,100,100086,100,99960,100,100092,100,99957,100,100101,100,99944,100,100105,100,99941,100,100138,100,99940,100,100142,100,99928,100,100186,100,99926,100
2019-06-28 09:40:30.000000000,100074,305,100043,305,100076,305,100035,305,100086,100,100026,100,100092,100,99960,100,100101,100,99957,100,100105,100,99944,100,100138,100,99941,100,100142,100,99940,100,100186,100,99928,100,100242,100,99926,100
2019-06-28 09:40:40.000000000,100074,202,100043,202,100076,202,100035,202,100086,202,100026,202,100092,202,99960,202,100101,100,99957,100,100105,100,99944,100,100138,100,99941,100,100142,100,99940,100,100186,100,99928,100,100242,100,99926,100
2019-06-28 09:40:41.941254053,100074,102,100043,202,100076,202,100035,202,100086,202,100026,202,100092,202,99960,202,100101,100,99957,100,100105,100,99944,100,100138,100,99941,100,100142,100,99940,100,100186,100,99928,100,100242,100,99926,100
2019-06-28 09:40:50.000000000,100076,305,100043,305,100086,305,100035,305,100092,100,100026,100,100101,100,99960,100,100105,100,99957,100,100138,100,99944,100,100142,100,99941,100,100186,100,99940,100,100242,100,99928,100,100407,100,99926,100
2019-06-28 09:40:56.170459091,100076,305,100043,305,100086,305,100035,305,100092,100,100026,100,100101,100,99960,100,100105,100,99957,100,100138,100,99944,100,100142,100,99941,100,100186,100,99940,100,100242,100,99928,100,100407,100,99926,100
2019-06-28 09:41:00.000000000,100076,305,100043,305,100086,305,100035,305,100092,100,100026,100,100101,100,99960,100,100105,100,99957,100,100138,100,99944,100,100142,100,99941,100,100186,100,99940,100,100242,100,99928,100,100407,100,99926,100
2019-06-28 09:41:04.845268915,100076,305,100043,305,100086,305,100035,305,100092,100,100026,100,100101,100,99960,100,100105,100,99957,100,100138,100,99944,100,100142,100,99941,100,100186,100,99940,100,100242,100,99928,100,100407,100,99926,100
2019-06-28 09:41:10.000000000,100076,182,100043,182,100086,182,100035,182,100092,182,100026,182,100101,182,99960,182,100105,182,99957,182,100138,100,99944,100,100142,100,99941,100,100186,100,99940,100,100242,100,99928,100,100407,100,99926,100
2019-06-28 09:41:14.426945653,100076,182,100067,100,100086,182,100043,182,100092,182,100035,82,100101,182,100026,182,100105,182,99960,182,100138,100,99957,182,100142,100,99944,100,100186,100,99941,100,100242,100,99940,100,100407,100,99928,100
2019-06-28 09:41:16.648036034,100076,182,100067,200,100086,182,100043,182,100092,182,100035,82,100101,182,100026,182,100105,182,99960,182,100138,100,99957,182,100142,100,99944,100,100186,100,99941,100,100242,100,99940,100,100407,100,99928,100
2019-06-28 09:41:20.000000000,100076,182,100067,282,100086,182,100043,182,100092,182,100026,182,100101,182,99960,182,100105,182,99957,182,100138,100,99944,100,100142,100,99941,100,100186,100,99940,100,100242,100,99928,100,100407,100,99926,100
2019-06-28 09:41:21.050387692,100076,182,100067,282,100086,182,100043,182,100092,182,100026,182,100101,182,99960,182,100105,182,99957,182,100138,100,99944,100,100142,100,99941,100,100186,100,99940,100,100242,100,99928,100,100407,100,99926,100
2019-06-28 09:41:22.712668717,100076,82,100067,282,100086,182,100043,182,100092,182,100026,182,100101,182,99960,182,100105,182,99957,182,100138,100,99944,100,100142,100,99941,100,100186,100,99940,100,100242,100,99928,100,100407,100,99926,100
2019-06-28 09:41:30.000000000,100086,239,100067,339,100092,235,100043,235,100101,235,100026,235,100105,100,99960,100,100138,100,99957,100,100142,100,99944,100,100186,100,99941,100,100242,100,99940,100,100407,100,99928,100,100427,200,99926,100
2019-06-28 09:41:37.090273760,100086,239,100074,100,100092,235,100067,339,100101,235,100043,235,100105,100,100026,235,100138,100,99960,100,100142,100,99957,100,100186,100,99944,100,100242,100,99941,100,100407,100,99940,100,100427,200,99928,100
2019-06-28 09:41:40.000000000,100086,305,100074,305,100092,305,100067,405,100101,100,100043,100,100105,100,100026,100,100138,100,99960,100,100142,100,99957,100,100186,100,99944,100,100242,100,99941,100,100407,100,99940,100,100427,200,99928,100
2019-06-28 09:41:50.000000000,100086,239,100074,239,100092,235,100067,335,100101,235,100043,235,100105,100,100026,100,100138,100,99960,100,100142,100,99957,100,100186,100,99944,100,100242,100,99941,100,100407,100,99940,100,100427,200,99928,100
2019-06-28 09:41:51.356408262,100086,239,100074,339,100092,235,100067,335,100101,235,100043,235,100105,100,99960,100,100138,100,99957,100,100142,100,99944,100,100186,100,99941,100,100242,100,99940,100,100407,100,99928,100,100427,200,99926,100
2019-06-28 09:41:58.577450112,100086,139,100074,339,100092,235,100067,335,100101,235,100043,235,100105,100,99960,100,100138,100,99957,100,100142,100,99944,100,100186,100,99941,100,100242,100,99940,100,100407,100,99928,100,100427,200,99926,100
2019-06-28 09:42:00.000000000,100092,305,100074,405,100101,305,100067,405,100105,100,100043,100,100138,100,99960,100,100142,100,99957,100,100186,100,99944,100,100242,100,99941,100,100407,100,99940,100,100427,200,99928,100,100605,100,99926,100
2019-06-28 09:42:07.381521557,100092,305,100074,405,100101,305,100067,405,100105,100,100043,100,100138,100,99960,100,100142,100,99957,100,100186,100,99944,100,100242,100,99941,100,100407,100,99940,100,100427,200,99928,100,100605,100,99926,100
2019-06-28 09:42:08.682531441,100092,305,100074,405,100101,305,100067,405,100105,100,100043,100,100138,100,99960,100,100142,100,99957,100,100186,100,99944,100,100242,100,99941,100,100407,100,99940,100,100427,200,99928,100,100605,100,99926,100
2019-06-28 09:42:10.000000000,100092,510,100074,610,100101,100,100067,200,100105,100,100043,100,100138,100,99960,100,100142,100,99957,100,100186,100,99944,100,100242,100,99941,100,100407,100,99940,100,100427,200,99928,100,100605,100,99926,100
2019-06-28 09:42:20.000000000,100092,182,100074,282,100101,182,100067,282,100105,182,100043,182,100138,182,99960,182,100142,182,99957,182,100186,100,99944,100,100242,100,99941,100,100407,100,99940,100,100427,200,99928,100,100605,100,99926,100
2019-06-28 09:42:30.000000000,100092,510,100074,610,100101,100,100067,200,100105,100,100043,100,100138,100,99960,100,100142,100,99957,100,100186,100,99944,100,100242,100,99941,100,100407,100,99940,100,100427,200,99928,100,100605,100,99926,100
2019-06-28 09:42:40.000000000,100092,239,100074,339,100101,235,100067,335,100105,235,100043,235,100138,100,99960,100,100142,100,99957,100,100186,100,99944,100,100242,100,99941,100,100407,100,99940,100,100427,200,99928,100,100605,100,99926,100
2019-06-28 09:42:42.205158945,100092,239,100074,339,100101,235,100067,335,100105,235,100043,235,100138,100,99960,100,100142,100,99957,100,100186,100,99944,100,100242,100,99941,100,100427,200,99940,100,100605,100,99928,100,100767,100,99926,100
2019-06-28 09:42:48.683210081,100092,139,100074,339,100101,235,100067,335,100105,235,100043,235,100138,100,99960,100,100142,100,99957,100,100186,100,99944,100,100242,100,99941,100,100427,200,99940,100,100605,100,99928,100,100767,100,99926,100
2019-06-28 09:42:49.135442766,100092,39,100074,339,100101,235,100067,335,100105,235,100043,235,100138,100,99960,100,100142,100,99957,100,100186,100,99944,100,100242,100,99941,100,100427,200,99940,100,100605,100,99928,100,100767,100,99926,100
2019-06-28 09:42:50.000000000,100101,202,100074,302,100105,202,100067,302,100138,202,100043,202,100142,202,99960,202,100186,100,99957,100,100242,100,99944,100,100427,200,99941,100,100605,100,99940,100,100767,100,99928,100,100908,100,99926,100
2019-06-28 09:43:00.000000000,100101,182,100074,282,100105,182,100067,282,100138,182,100043,182,100142,182,99960,182,100186,182,99957,182,100242,100,99944,100,100427,200,99941,100,100605,100,99940,100,100767,100,99928,100,100908,100,99926,100
2019-06-28 09:43:09.954221936,100101,182,100092,100,100105,182,100074,282,100138,182,100067,282,100142,182,100043,182,100186,182,99960,182,100242,100,99957,182,100427,200,99944,100,100605,100,99941,100,100767,100,99940,100,100908,100,99928,100
2019-06-28 09:43:10.000000000,100101,305,100092,305,100105,305,100074,405,100138,100,100067,200,100142,100,100043,100,100186,100,99960,100,100242,100,99957,100,100427,200,99944,100,100605,100,99941,100,100767,100,99940,100,100908,100,99928,100
2019-06-28 09:43:13.336023409,100101,305,100092,305,100105,305,100074,405,100138,100,100067,200,100142,100,100043,100,100186,100,99960,100,100242,100,99957,100,100427,200,99944,100,100605,100,99941,100,100767,100,99940,100,100908,100,99928,100
2019-06-28 09:43:19.058446392,100101,305,100092,305,100105,305,100074,405,100142,100,100067,200,100186,100,100043,100,100242,100,99960,100,100427,200,99957,100,100605,100,99944,100,100767,100,99941,100,100908,100,99940,100,101158,100,99928,100
2019-06-28 09:43:20.000000000,100101,239,100092,239,100105,235,100074,335,100142,235,100067,335,100186,100,100043,100,100242,100,99960,100,100427,200,99957,100,100605,100,99944,100,100767,100,99941,100,100908,100,99940,100,101158,100,99928,100
2019-06-28 09:43:25.304741904,100101,239,100092,239,100105,235,100074,335,100142,235,100067,335,100186,100,100043,100,100242,100,99960,100,100427,200,99957,100,100605,100,99944,100,100767,100,99941,100,100908,100,99940,100,101158,100,99928,100
2019-06-28 09:43:30.000000000,100101,202,100092,202,100105,202,100074,302,100142,202,100067,302,100186,202,100043,202,100242,100,99960,100,100427,200,99957,100,100605,100,99944,100,100767,100,99941,100,100908,100,99940,100,101158,100,99928,100
2019-06-28 09:43:40.000000000,100101,202,100092,202,100105,202,100074,302,100142,202,100067,302,100186,202,100043,202,100242,100,99960,100,100427,200,99957,100,100605,100,99944,100,100767,100,99941,100,100908,100,99940,100,101158,100,99928,100
2019-06-28 09:43:50.000000000,100101,305,100092,305,100105,305,100074,405,100142,100,100067,200,100186,100,100043,100,100242,100,99960,100,100427,200,99957,100,100605,100,99944,100,100767,100,99941,100,100908,100,99940,100,101158,100,99928,100
2019-06-28 09:44:00.000000000,100101,510,100092,510,100105,100,100074,200,100142,100,100067,200,100186,100,100043,100,100242,100,99960,100,100427,200,99957,100,100605,100,99944,100,100767,100,99941,100,100908,100,99940,100,101158,100,99928,100
2019-06-28 09:44:09.825397378,100101,510,100092,610,100105,100,100074,200,100142,100,100067,200,100186,100,100043,100,100242,100,99960,100,100427,200,99957,100,100605,100,99944,100,100767,100,99941,100,100908,100,99940,100,101158,100,99928,100
2019-06-28 09:44:10.000000000,100101,239,100092,339,100105,235,100074,335,100142,235,100067,335,100186,100,100043,100,100242,100,99960,100,100427,200,99957,100,100605,100,99944,100,100767,100,99941,100,100908,100,99940,100,101158,100,99928,100
2019-06-28 09:44:19.951528128,100101,239,100092,339,100105,235,100074,235,100142,235,100067,335,100186,100,100043,100,100242,100,99960,100,100427,200,99957,100,100605,100,99944,100,100767,100,99941,100,100908,100,99940,100,101158,100,99928,100
2019-06-28 09:44:20.000000000,100101,239,100092,339,100105,235,100074,235,100142,235,100067,335,100186,100,100043,100,100242,100,99960,100,100427,200,99957,100,100605,100,99944,100,100767,100,99941,100,100908,100,99940,100,101158,100,99928,100
2019-06-28 09:44:30.000000000,100101,182,100092,282,100105,182,100074,182,100142,182,100067,282,100186,182,100043,182,100242,182,99960,182,100427,200,99957,100,100605,100,99944,100,100767,100,99941,100,100908,100,99940,100,101158,100,99928,100
2019-06-28 09:44:40.000000000,100101,202,100092,302,100105,202,100074,202,100142,202,100067,302,100186,202,100043,202,100242,100,99960,100,100427,200,99957,100,100605,100,99944,100,100767,100,99941,100,100908,100,99940,100,101158,100,99928,100
2019-06-28 09:44:48.098043133,100101,202,100092,402,100105,202,100074,102,100142,202,100067,302,100186,202,100043,202,100242,100,99960,100,100427,200,99957,100,100605,100,99944,100,100767,100,99941,100,100908,100,99940,100,101158,100,99928,100
2019-06-28 09:44:50.000000000,100101,202,100092,402,100105,202,100067,302,100142,202,100043,202,100186,202,99960,202,100242,100,99957,100,100427,200,99944,100,100605,100,99941,100,100767,100,99940,100,100908,100,99928,100,101158,100,99902,100
2019-06-28 09:44:52.520924277,100101,102,100092,402,100105,202,100067,302,100142,202,100043,202,100186,202,99960,202,100242,100,99957,100,100427,200,99944,100,100605,100,99941,100,100767,100,99940,100,100908,100,99928,100,101158,100,99902,100
2019-06-28 09:44:55.940119924,100101,2,100092,402,100105,202,100067,302,100142,202,100043,202,100186,202,99960,202,100242,100,99957,100,100427,200,99944,100,100605,100,99941,100,100767,100,99940,100,100908,100,99928,100,101158,100,99902,100
2019-06-28 09:44:58.728199965,100101,2,100092,402,100105,202,100067,302,100142,202,100043,202,100186,202,99960,202,100242,100,99957,100,100427,200,99944,100,100605,100,99941,100,100767,100,99940,100,100908,100,99928,100,101158,100,99902,100
2019-06-28 09:45:00.000000000,100105,239,100092,439,100142,235,100067,335,100186,235,100043,235,100242,100,99960,100,100427,200,99957,100,100605,100,99944,100,100767,100,99941,100,100908,100,99940,100,101158,100,99928,100,101211,100,99902,100
2019-06-28 09:45:10.000000000,100105,510,100092,710,100142,100,100067,200,100186,100,100043,100,100242,100,99960,100,100427,200,99957,100,100605,100,99944,100,100767,100,99941,100,100908,100,99940,100,101158,100,99928,100,101211,100,99902,100
2019-06-28 09:45:15.117164554,100105,510,100093,100,100142,100,100092,710,100186,100,100067,200,100242,100,100043,100,100427,200,99960,100,100605,100,99957,100,100767,100,99944,100,100908,100,99941,100,101158,100,99940,100,101211,100,99928,100
2019-06-28 09:45:17.517944491,100105,510,100093,100,100142,100,100092,710,100242,100,100067,200,100427,200,100043,100,100605,100,99960,100,100767,100,99957,100,100908,100,99944,100,101158,100,99941,100,101211,100,99940,100,101292,100,99928,100
2019-06-28 09:45:20.000000000,100105,182,100093,182,100142,182,100092,382,100242,182,100067,282,100427,282,100043,182,100605,182,99960,182,100767,100,99957,100,100908,100,99944,100,101158,100,99941,100,101211,100,99940,100,101292,100,99928,100
2019-06-28 09:45:23.595293728,100105,182,100093,182,100142,182,100092,382,100242,182,100067,282,100427,182,100043,182,100605,182,99960,182,100767,100,99957,100,100908,100,99944,100,101158,100,99941,100,101211,100,99940,100,101292,100,99928,100
2019-06-28 09:45:26.574263476,100105,182,100093,182,100142,182,100092,382,100242,182,100067,282,100427,182,100043,182,100605,182,99960,182,100767,100,99957,100,100908,100,99944,100,101158,100,99941,100,101211,100,99940,100,101292,100,99928,100
2019-06-28 09:45:30.000000000,100105,305,100093,305,100142,305,100092,505,100242,100,100067,200,100427,100,100043,100,100605,100,99960,100,100767,100,99957,100,100908,100,99944,100,101158,100,99941,100,101211,100,99940,100,101292,100,99928,100
2019-06-28 09:45:35.140030683,100105,305,100093,305,100142,305,100092,505,100242,100,100067,200,100427,100,100043,100,100605,100,99960,100,100767,100,99957,100,100908,100,99944,100,101158,100,99941,100,101211,100,99940,100,101292,100,99928,100
2019-06-28 09:45:40.000000000,100105,305,100093,305,100142,305,100092,505,100242,100,100067,200,100427,100,100043,100,100605,100,99960,100,100767,100,99957,100,100908,100,99944,100,101158,100,99941,100,101211,100,99940,100,101292,100,99928,100
2019-06-28 09:45:49.878406664,100105,205,100093,305,100142,305,100092,505,100242,100,100067,200,100427,100,100043,100,100605,100,99960,100,100767,100,99957,100,100908,100,99944,100,101158,100,99941,100,101211,100,99940,100,101292,100,99928,100
2019-06-28 09:45:50.000000000,100142,305,100093,305,100242,305,100092,505,100427,100,100067,200,100605,100,100043,100,100767,100,99960,100,100908,100,99957,100,101158,100,99944,100,101211,100,99941,100,101292,100,99940,100,101306,100,99928,100
2019-06-28 09:46:00.000000000,100142,182,100093,182,100242,182,100092,382,100427,182,100067,282,100605,182,100043,182,100767,182,99960,182,100908,100,99957,100,101158,100,99944,100,101211,100,99941,100,101292,100,99940,100,101306,100,99928,100
2019-06-28 09:46:10.000000000,100142,510,100093,510,100242,100,100092,300,100427,100,100067,200,100605,100,100043,100,100767,100,99960,100,100908,100,99957,100,101158,100,99944,100,101211,100,99941,100,101292,100,99940,100,101306,100,99928,100
2019-06-28 09:46:15.734727445,100142,510,100093,410,100242,100,100092,300,100427,100,100067,200,100605,100,100043,100,100767,100,99960,100,100908,100,99957,100,101158,100,99944,100,101211,100,99941,100,101292,100,99940,100,101306,100,99928,100
2019-06-28 09:46:20.000000000,100142,202,100092,402,100242,202,100067,302,100427,202,100043,202,100605,202,99960,202,100767,100,99957,100,100908,100,99944,100,101158,100,99941,100,101211,100,99940,100,101292,100,99928,100,101306,100,99902,100
2019-06-28 09:46:21.698104457,100142,102,100092,402,100242,202,100067,302,100427,202,100043,202,100605,202,99960,102,100767,100,99957,100,100908,100,99944,100,101158,100,99941,100,101211,100,99940,100,101292,100,99928,100,101306,100,99902,100
2019-06-28 09:46:30.000000000,100242,305,100092,505,100427,305,100067,405,100605,100,100043,100,100767,100,99957,100,100908,100,99944,100,101158,100,99941,100,101211,100,99940,100,101292,100,99928,100,101306,100,99902,100,101371,100,99887,100
2019-06-28 09:46:40.000000000,100242,239,100092,439,100427,235,100067,335,100605,235,100043,235,100767,100,99957,100,100908,100,99944,100,101158,100,99941,100,101211,100,99940,100,101292,100,99928,100,101306,100,99902,100,101371,100,99887,100
2019-06-28 09:46:50.000000000,100242,182,100092,382,100427,182,100067,282,100605,182,100043,182,100767,182,99957,182,100908,182,99944,182,101158,100,99941,100,101211,100,99940,100,101292,100,99928,100,101306,100,99902,100,101371,100,99887,100
2019-06-28 09:47:00.000000000,100242,305,100092,505,100427,305,100067,405,100605,100,100043,100,100767,100,99957,100,100908,100,99944,100,101158,100,99941,100,101211,100,99940,100,101292,100,99928,100,101306,100,99902,100,101371,100,99887,100
2019-06-28 09:47:06.098816095,100242,305,100092,505,100427,305,100067,405,100605,100,100043,100,100767,100,99957,100,100908,100,99944,100,100978,100,99941,100,101158,100,99940,100,101211,100,99928,100,101292,100,99902,100,101306,100,99887,100
2019-06-28 09:47:08.117980353,100242,305,100092,505,100427,305,100067,405,100605,100,100043,100,100767,100,99957,100,100908,100,99944,100,100978,100,99941,100,101107,100,99940,100,101158,100,99928,100,101211,100,99902,100,101292,100,99887,100
2019-06-28 09:47:10.000000000,100242,182,100092,382,100427,182,100067,282,100605,182,100043,182,100767,182,99957,182,100908,182,99944,182,100978,100,99941,100,101107,100,99940,100,101158,100,99928,100,101211,100,99902,100,101292,100,99887,100
2019-06-28 09:47:20.000000000,100242,305,100092,505,100427,305,100067,405,100605,100,100043,100,100767,100,99957,100,100908,100,99944,100,100978,100,99941,100,101107,100,99940,100,101158,100,99928,100,101211,100,99902,100,101292,100,99887,100
2019-06-28 09:47:20.627395661,100242,205,100092,505,100427,305,100067,405,100605,100,100043,100,100767,100,99957,100,100908,100,99944,100,100978,100,99941,100,101107,100,99940,100,101133,100,99928,100,101158,100,99902,100,101211,100,99887,100
2019-06-28 09:47:30.000000000,100427,182,100092,382,100605,182,100067,282,100767,182,100043,182,100908,182,99957,182,100978,182,99944,182,101107,100,99941,100,101133,100,99940,100,101158,100,99928,100,101211,100,99902,100,101292,100,99887,100
2019-06-28 09:47:40.000000000,100427,239,100092,439,100605,235,100067,335,100767,235,100043,235,100908,100,99957,100,100978,100,99944,100,101107,100,99941,100,101133,100,99940,100,101158,100,99928,100,101211,100,99902,100,101292,100,99887,100
2019-06-28 09:47:45.336713566,100427,239,100105,100,100605,235,100092,439,100767,235,100067,235,100908,100,100043,235,100978,100,99957,100,101107,100,99944,100,101133,100,99941,100,101158,100,99940,100,101211,100,99928,100,101292,100,99902,100
2019-06-28 09:47:50.000000000,100427,239,100105,239,100605,235,100092,435,100767,235,100067,235,100908,100,100043,100,100978,100,99957,100,101107,100,99944,100,101133,100,99941,100,101158,100,99940,100,101211,100,99928,100,101292,100,99902,100
2019-06-28 09:48:00.000000000,100427,510,100105,510,100605,100,100092,300,100767,100,100067,100,100908,100,100043,100,100978,100,99957,100,101107,100,99944,100,101133,100,99941,100,101158,100,99940,100,101211,100,99928,100,101292,100,99902,100
2019-06-28 09:48:10.000000000,100427,239,100105,239,100605,235,100092,435,100767,235,100067,235,100908,100,100043,100,100978,100,99957,100,101107,100,99944,100,101133,100,99941,100,101158,100,99940,100,101211,100,99928,100,101292,100,99902,100
2019-06-28 09:48:20.000000000,100427,305,100105,305,100605,305,100092,505,100767,100,100067,100,100908,100,100043,100,100978,100,99957,100,101107,100,99944,100,101133,100,99941,100,101158,100,99940,100,101211,100,99928,100,101292,100,99902,100
2019-06-28 09:48:25.573404745,100427,305,100105,305,100605,305,100092,505,100767,100,100067,100,100908,100,100043,100,100911,100,99957,100,100978,100,99944,100,101107,100,99941,100,101133,100,99940,100,101158,100,99928,100,101211,100,99902,100
2019-06-28 09:48:30.000000000,100427,202,100105,202,100605,202,100092,402,100767,202,100067,202,100908,202,100043,202,100911,100,99957,100,100978,100,99944,100,101107,100,99941,100,101133,100,99940,100,101158,100,99928,100,101211,100,99902,100
2019-06-28 09:48:40.000000000,100427,202,100105,202,100605,202,100092,402,100767,202,100067,202,100908,202,100043,202,100911,100,99957,100,100978,100,99944,100,101107,100,99941,100,101133,100,99940,100,101158,100,99928,100,101211,100,99902,100
2019-06-28 09:48:50.000000000,100427,202,100105,202,100605,202,100092,402,100767,202,100067,202,100908,202,100043,202,100911,100,99957,100,100978,100,99944,100,101107,100,99941,100,101133,100,99940,100,101158,100,99928,100,101211,100,99902,100
2019-06-28 09:48:51.308597524,100427,202,100266,100,100605,202,100105,202,100767,202,100092,402,100908,202,100067,202,100911,100,100043,202,100978,100,99957,100,101107,100,99944,100,101133,100,99941,100,101211,100,99940,100,101292,100,99928,100
2019-06-28 09:49:00.000000000,100427,202,100266,202,100605,202,100105,202,100767,202,100092,402,100908,202,100067,202,100911,100,100043,100,100978,100,99957,100,101107,100,99944,100,101133,100,99941,100,101211,100,99940,100,101292,100,99928,100
2019-06-28 09:49:10.000000000,100427,305,100266,305,100605,305,100105,305,100767,100,100092,300,100908,100,100067,100,100911,100,100043,100,100978,100,99957,100,101107,100,99944,100,101133,100,99941,100,101211,100,99940,100,101292,100,99928,100
2019-06-28 09:49:20.000000000,100427,202,100266,202,100605,202,100105,202,100767,202,100092,402,100908,202,100067,202,100911,100,100043,100,100978,100,99957,100,101107,100,99944,100,101133,100,99941,100,101211,100,99940,100,101292,100,99928,100
2019-06-28 09:49:30.000000000,100427,305,100266,305,100605,305,100105,305,100767,100,100092,300,100908,100,100067,100,100911,100,100043,100,100978,100,99957,100,101107,100,99944,100,101133,100,99941,100,101211,100,99940,100,101292,100,99928,100
2019-06-28 09:49:40.000000000,100427,510,100266,510,100605,100,100105,100,100767,100,100092,300,100908,100,100067,100,100911,100,100043,100,100978,100,99957,100,101107,100,99944,100,101133,100,99941,100,101211,100,99940,100,101292,100,99928,100
2019-06-28 09:49:50.000000000,100427,202,100266,202,100605,202,100105,202,100767,202,100092,402,100908,202,100067,202,100911,100,100043,100,100978,100,99957,100,101107,100,99944,100,101133,100,99941,100,101211,100,99940,100,101292,100,99928,100
2019-06-28 09:50:00.000000000,100427,510,100266,510,100605,100,100105,100,100767,100,100092,300,100908,100,100067,100,100911,100,100043,100,100978,100,99957,100,101107,100,99944,100,101133,100,99941,100,101211,100,99940,100,101292,100,99928,100
2019-06-28 09:50:10.000000000,100427,305,100266,305,100605,305,100105,305,100767,100,100092,300,100908,100,100067,100,100911,100,100043,100,100978,100,99957,100,101107,100,99944,100,101133,100,99941,100,101211,100,99940,100,101292,100,99928,100
2019-06-28 09:50:20.000000000,100427,305,100266,305,100605,305,100105,305,100767,100,100092,300,100908,100,100067,100,100911,100,100043,100,100978,100,99957,100,101107,100,99944,100,101133,100,99941,100,101211,100,99940,100,101292,100,99928,100
2019-06-28 09:50:30.000000000,100427,239,100266,239,100605,235,100105,235,100767,235,100092,435,100908,100,100067,100,100911,100,100043,100,100978,100,99957,100,101107,100,99944,100,101133,100,99941,100,101211,100,99940,100,101292,100,99928,100
2019-06-28 09:50:40.000000000,100427,239,100266,239,100605,235,100105,235,100767,235,100092,435,100908,100,100067,100,100911,100,100043,100,100978,100,99957,100,101107,100,99944,100,101133,100,99941,100,101211,100,99940,100,101292,100,99928,100
2019-06-28 09:50:50.000000000,100427,202,100266,202,100605,202,100105,202,100767,202,100092,402,100908,202,100067,202,100911,100,100043,100,100978,100,99957,100,101107,100,99944,100,101133,100,99941,100,101211,100,99940,100,101292,100,99928,100
2019-06-28 09:50:56.749492460,100427,102,100266,202,100605,202,100105,202,100767,202,100092,402,100908,202,100067,202,100911,100,100043,100,100978,100,99957,100,101107,100,99944,100,101133,100,99941,100,101211,100,99940,100,101292,100,99928,100
2019-06-28 09:51:00.000000000,100605,305,100266,305,100767,305,100105,305,100908,100,100092,300,100911,100,100067,100,100978,100,100043,100,101107,100,99957,100,101133,100,99944,100,101211,100,99941,100,101292,100,99940,100,101306,100,99928,100
2019-06-28 09:51:10.000000000,100605,182,100266,182,100767,182,100105,182,100908,182,100092,382,100911,182,100067,182,100978,182,100043,182,101107,100,99957,100,101133,100,99944,100,101211,100,99941,100,101292,100,99940,100,101306,100,99928,100
2019-06-28 09:51:14.099715335,100605,182,100267,100,100767,182,100266,182,100908,182,100105,182,100911,182,100092,382,100978,182,100067,182,101107,100,100043,182,101133,100,99957,100,101211,100,99944,100,101292,100,99941,100,101306,100,99940,100
2019-06-28 09:51:20.000000000,100605,305,100267,305,100767,305,100266,305,100908,100,100105,100,100911,100,100092,300,100978,100,100067,100,101107,100,100043,100,101133,100,99957,100,101211,100,99944,100,101292,100,99941,100,101306,100,99940,100
2019-06-28 09:51:29.542793894,100605,205,100267,305,100767,305,100266,305,100908,100,100105,100,100911,100,100092,300,100978,100,100067,100,101107,100,100043,100,101211,100,99957,100,101292,100,99944,100,101306,100,99941,100,101371,100,99940,100
2019-06-28 09:51:30.000000000,100767,202,100267,202,100908,202,100266,202,100911,202,100105,202,100978,202,100092,402,101107,100,100067,100,101211,100,100043,100,101292,100,99957,100,101306,100,99944,100,101371,100,99941,100,101450,100,99940,100
2019-06-28 09:51:40.000000000,100767,305,100267,305,100908,305,100266,305,100911,100,100105,100,100978,100,100092,300,101107,100,100067,100,101211,100,100043,100,101292,100,99957,100,101306,100,99944,100,101371,100,99941,100,101450,100,99940,100
2019-06-28 09:51:50.000000000,100767,182,100267,182,100908,182,100266,182,100911,182,100105,182,100978,182,100092,382,101107,182,100067,182,101211,100,100043,100,101292,100,99957,100,101306,100,99944,100,101371,100,99941,100,101450,100,99940,100
2019-06-28 09:51:50.324703672,100751,100,100267,182,100767,182,100266,182,100908,182,100105,182,100911,182,100092,382,100978,182,100067,182,101107,182,100043,100,101211,100,99957,100,101306,100,99944,100,101371,100,99941,100,101450,100,99940,100
2019-06-28 09:51:50.940683941,100523,100,100267,182,100751,100,100266,182,100767,182,100105,182,100908,182,100092,382,100911,182,100067,182,100978,182,100043,100,101107,182,99957,100,101211,100,99944,100,101306,100,99941,100,101371,100,99940,100
2019-06-28 09:51:57.432272620,100523,100,100268,100,100751,100,100267,182,100767,182,100266,182,100908,182,100105,182,100911,182,100092,382,100978,182,100067,182,101107,182,100043,100,101211,100,99957,100,101306,100,99944,100,101371,100,99941,100
2019-06-28 09:51:57.923079861,100523,100,100268,200,100751,100,100267,182,100767,182,100266,182,100908,182,100105,182,100911,182,100092,282,100978,182,100067,182,101107,182,100043,100,101211,100,99957,100,101306,100,99944,100,101371,100,99941,100
2019-06-28 09:52:00.000000000,100523,182,100268,282,100751,182,100267,182,100767,182,100266,182,100908,182,100105,182,100911,182,100092,282,100978,100,100067,100,101107,100,100043,100,101211,100,99957,100,101306,100,99944,100,101371,100,99941,100
2019-06-28 09:52:09.730268063,100523,182,100268,382,100751,182,100267,182,100767,182,100266,182,100908,182,100105,182,100911,182,100092,282,100978,100,100067,100,101107,100,99957,100,101211,100,99944,100,101306,100,99941,100,101371,100,99940,100
2019-06-28 09:52:10.000000000,100523,510,100268,710,100751,100,100267,100,100767,100,100266,100,100908,100,100105,100,100911,100,100092,200,100978,100,100067,100,101107,100,99957,100,101211,100,99944,100,101306,100,99941,100,101371,100,99940,100
2019-06-28 09:52:20.000000000,100523,305,100268,505,100751,305,100267,305,100767,100,100266,100,100908,100,100105,100,100911,100,100092,200,100978,100,100067,100,101107,100,99957,100,101211,100,99944,100,101306,100,99941,100,101371,100,99940,100
2019-06-28 09:52:30.000000000,100523,202,100268,402,100751,202,100267,202,100767,202,100266,202,100908,202,100105,202,100911,100,100092,200,100978,100,100067,100,101107,100,99957,100,101211,100,99944,100,101306,100,99941,100,101371,100,99940,100
2019-06-28 09:52:32.334508257,100523,202,100450,100,100751,202,100268,402,100767,202,100267,202,100908,202,100266,202,100911,100,100105,202,100978,100,100092,200,101107,100,100067,100,101211,100,99957,100,101306,100,99944,100,101450,100,99941,100
2019-06-28 09:52:40.000000000,100523,239,100450,239,100751,235,100268,435,100767,235,100267,235,100908,100,100266,100,100911,100,100105,100,100978,100,100092,200,101107,100,100067,100,101211,100,99957,100,101306,100,99944,100,101450,100,99941,100
2019-06-28 09:52:41.977668319,100523,239,100450,239,100751,235,100268,535,100767,235,100267,235,100908,100,100266,100,100911,100,100105,100,100978,100,100092,100,101107,100,100067,100,101211,100,99957,100,101306,100,99944,100,101450,100,99941,100
2019-06-28 09:52:43.296088161,100523,239,100450,239,100751,235,100268,635,100767,235,100267,235,100908,100,100266,100,100911,100,100105,100,100978,100,100092,100,101107,100,100067,100,101211,100,99957,100,101306,100,99944,100,101450,100,99941,100
2019-06-28 09:52:50.000000000,100523,202,100450,202,100751,202,100268,602,100767,202,100267,202,100908,202,100266,202,100911,100,100105,100,100978,100,100092,100,101107,100,100067,100,101211,100,99957,100,101306,100,99944,100,101450,100,99941,100
2019-06-28 09:52:54.642634319,100523,202,100450,202,100751,202,100382,100,100767,202,100268,602,100908,202,100267,202,100911,100,100266,202,100978,100,100105,100,101107,100,100092,100,101211,100,100067,100,101306,100,99957,100,101450,100,99944,100
2019-06-28 09:52:56.887352096,100523,202,100450,102,100751,202,100382,100,100767,202,100268,602,100908,202,100267,202,100911,100,100266,202,100978,100,100105,100,101107,100,100092,100,101211,100,100067,100,101306,100,99957,100,101450,100,99944,100
2019-06-28 09:53:00.000000000,100523,510,100382,510,100751,100,100268,500,100767,100,100267,100,100908,100,100266,100,100911,100,100105,100,100978,100,100092,100,101107,100,100067,100,101211,100,99957,100,101306,100,99944,100,101450,100,99941,100
2019-06-28 09:53:10.000000000,100523,305,100382,305,100751,305,100268,705,100767,100,100267,100,100908,100,100266,100,100911,100,100105,100,100978,100,100092,100,101107,100,100067,100,101211,100,99957,100,101306,100,99944,100,101450,100,99941,100
2019-06-28 09:53:20.000000000,100523,182,100382,182,100751,182,100268,582,100767,182,100267,182,100908,182,100266,182,100911,182,100105,182,100978,100,100092,100,101107,100,100067,100,101211,100,99957,100,101306,100,99944,100,101450,100,99941,100
2019-06-28 09:53:30.000000000,100523,510,100382,510,100751,100,100268,500,100767,100,100267,100,100908,100,100266,100,100911,100,100105,100,100978,100,100092,100,101107,100,100067,100,101211,100,99957,100,101306,100,99944,100,101450,100,99941,100
2019-06-28 09:53:40.000000000,100523,305,100382,305,100751,305,100268,705,100767,100,100267,100,100908,100,100266,100,100911,100,100105,100,100978,100,100092,100,101107,100,100067,100,101211,100,99957,100,101306,100,99944,100,101450,100,99941,100
2019-06-28 09:53:50.000000000,100523,305,100382,305,100751,305,100268,705,100767,100,100267,100,100908,100,100266,100,100911,100,100105,100,100978,100,100092,100,101107,100,100067,100,101211,100,99957,100,101306,100,99944,100,101450,100,99941,100
2019-06-28 09:53:52.389254293,100523,305,100382,305,100751,305,100372,100,100767,100,100268,705,100908,100,100267,100,100911,100,100266,100,100978,100,100105,100,101107,100,100092,100,101211,100,100067,100,101306,100,99957,100,101501,100,99944,100
2019-06-28 09:53:52.607787078,100523,305,100382,305,100608,100,100372,100,100751,305,100268,705,100767,100,100267,100,100908,100,100266,100,100911,100,100105,100,100978,100,100092,100,101107,100,100067,100,101211,100,99957,100,101306,100,99944,100
2019-06-28 09:53:59.164923736,100523,305,100382,305,100608,100,100372,100,100731,100,100268,705,100751,305,100267,100,100767,100,100266,100,100908,100,100105,100,100911,100,100092,100,100978,100,100067,100,101107,100,99957,100,101211,100,99944,100
2019-06-28 09:54:00.000000000,100523,305,100382,305,100608,305,100372,305,100731,100,100268,500,100751,100,100267,100,100767,100,100266,100,100908,100,100105,100,100911,100,100092,100,100978,100,100067,100,101107,100,99957,100,101211,100,99944,100
2019-06-28 09:54:01.513542875,100523,305,100382,305,100608,305,100372,305,100731,100,100268,500,100751,100,100267,100,100767,100,100266,100,100908,100,100092,100,100911,100,100067,100,100978,100,99957,100,101107,100,99944,100,101211,100,99941,100
2019-06-28 09:54:10.000000000,100523,510,100382,510,100608,100,100372,100,100731,100,100268,500,100751,100,100267,100,100767,100,100266,100,100908,100,100092,100,100911,100,100067,100,100978,100,99957,100,101107,100,99944,100,101211,100,99941,100
2019-06-28 09:54:20.000000000,100523,202,100382,202,100608,202,100372,202,100731,202,100268,602,100751,202,100267,202,100767,100,100266,100,100908,100,100092,100,100911,100,100067,100,100978,100,99957,100,101107,100,99944,100,101211,100,99941,100
2019-06-28 09:54:27.348155958,100523,202,100382,202,100608,202,100372,202,100676,100,100268,602,100731,202,100267,202,100751,202,100266,100,100767,100,100092,100,100908,100,100067,100,100911,100,99957,100,100978,100,99944,100,101107,100,99941,100
2019-06-28 09:54:30.000000000,100523,305,100382,305,100608,305,100372,305,100676,100,100268,500,100731,100,100267,100,100751,100,100266,100,100767,100,100092,100,100908,100,100067,100,100911,100,99957,100,100978,100,99944,100,101107,100,99941,100
2019-06-28 09:54:30.420217630,100523,305,100382,305,100608,305,100372,305,100676,100,100268,500,100731,100,100267,100,100751,100,100266,100,100767,100,100246,100,100908,100,100092,100,100911,100,100067,100,100978,100,99957,100,101107,100,99944,100
2019-06-28 09:54:36.054659236,100410,100,100382,305,100523,305,100372,305,100608,305,100268,500,100676,100,100267,100,100731,100,100266,100,100751,100,100246,100,100767,100,100092,100,100908,100,100067,100,100911,100,99957,100,100978,100,99944,100
2019-06-28 09:54:40.000000000,100410,202,100382,202,100523,202,100372,202,100608,202,100268,602,100676,202,100267,202,100731,100,100266,100,100751,100,100246,100,100767,100,100092,100,100908,100,100067,100,100911,100,99957,100,100978,100,99944,100
2019-06-28 09:54:40.485578155,100410,102,100382,202,100523,202,100372,202,100608,202,100268,602,100676,202,100267,202,100731,100,100266,100,100751,100,100246,100,100767,100,100092,100,100908,100,100067,100,100978,100,99957,100,101107,100,99944,100
2019-06-28 09:54:50.000000000,100523,305,100382,305,100608,305,100372,305,100676,100,100268,500,100731,100,100267,100,100751,100,100266,100,100767,100,100246,100,100908,100,100092,100,100978,100,100067,100,101107,100,99957,100,101211,100,99944,100
2019-06-28 09:55:00.000000000,100523,510,100382,510,100608,100,100372,100,100676,100,100268,500,100731,100,100267,100,100751,100,100266,100,100767,100,100246,100,100908,100,100092,100,100978,100,100067,100,101107,100,99957,100,101211,100,99944,100
2019-06-28 09:55:10.000000000,100523,202,100382,202,100608,202,100372,202,100676,202,100268,602,100731,202,100267,202,100751,100,100266,100,100767,100,100246,100,100908,100,100092,100,100978,100,100067,100,101107,100,99957,100,101211,100,99944,100
2019-06-28 09:55:20.000000000,100523,182,100382,182,100608,182,100372,182,100676,182,100268,582,100731,182,100267,182,100751,182,100266,182,100767,100,100246,100,100908,100,100092,100,100978,100,100067,100,101107,100,99957,100,101211,100,99944,100
2019-06-28 09:55:30.000000000,100523,305,100382,305,100608,305,100372,305,100676,100,100268,500,100731,100,100267,100,100751,100,100266,100,100767,100,100246,100,100908,100,100092,100,100978,100,100067,100,101107,100,99957,100,101211,100,99944,100
2019-06-28 09:55:31.291275045,100496,100,100382,305,100523,305,100372,305,100608,305,100268,500,100676,100,100267,100,100731,100,100246,100,100751,100,100092,100,100767,100,100067,100,100908,100,99957,100,100978,100,99944,100,101107,100,99941,100
2019-06-28 09:55:33.026972149,100430,100,100382,305,100496,100,100372,305,100523,305,100268,500,100608,305,100267,100,100676,100,100246,100,100731,100,100092,100,100751,100,100067,100,100767,100,99957,100,100908,100,99944,100,100978,100,99941,100
2019-06-28 09:55:40.000000000,100430,239,100382,239,100496,235,100372,235,100523,235,100268,635,100608,100,100267,100,100676,100,100246,100,100731,100,100092,100,100751,100,100067,100,100767,100,99957,100,100908,100,99944,100,100978,100,99941,100
2019-06-28 09:55:46.043638406,100430,239,100382,239,100496,235,100372,235,100523,235,100268,635,100608,100,100267,100,100676,100,100260,100,100731,100,100246,100,100751,100,100092,100,100767,100,100067,100,100908,100,99957,100,100978,100,99944,100
2019-06-28 09:55:50.000000000,100430,305,100382,305,100496,305,100372,305,100523,100,100268,500,100608,100,100267,100,100676,100,100260,100,100731,100,100246,100,100751,100,100092,100,100767,100,100067,100,100908,100,99957,100,100978,100,99944,100
2019-06-28 09:55:51.874634764,100430,205,100394,100,100496,305,100382,305,100523,100,100372,305,100608,100,100268,500,100676,100,100267,100,100731,100,100260,100,100751,100,100246,100,100767,100,100092,100,100908,100,100067,100,100978,100,99957,100
2019-06-28 09:56:00.000000000,100496,182,100394,182,100523,182,100382,182,100608,182,100372,182,100676,182,100268,582,100731,182,100267,182,100751,100,100260,100,100767,100,100246,100,100908,100,100092,100,100978,100,100067,100,101107,100,99957,100
2019-06-28 09:56:03.212509873,100427,100,100394,182,100496,182,100382,182,100523,182,100372,182,100608,182,100268,582,100676,182,100267,182,100731,182,100260,100,100751,100,100246,100,100767,100,100092,100,100908,100,100067,100,100978,100,99957,100
2019-06-28 09:56:10.000000000,100427,510,100394,510,100496,100,100382,100,100523,100,100372,100,100608,100,100268,500,100676,100,100267,100,100731,100,100260,100,100751,100,100246,100,100767,100,100092,100,100908,100,100067,100,100978,100,99957,100
2019-06-28 09:56:10.349842095,100427,510,100410,100,100496,100,100394,510,100523,100,100382,100,100608,100,100372,100,100676,100,100268,500,100731,100,100267,100,100751,100,100260,100,100767,100,100246,100,100908,100,100092,100,100978,100,100067,100
2019-06-28 09:56:12.193527270,100427,510,100410,200,100496,100,100394,510,100523,100,100382,100,100608,100,100372,100,100676,100,100268,500,100731,100,100267,100,100751,100,100260,100,100767,100,100246,100,100908,100,100092,100,100978,100,100067,100
2019-06-28 09:56:18.157187563,100427,510,100410,200,100496,100,100394,510,100523,100,100382,100,100608,100,100372,100,100676,100,100330,100,100731,100,100268,500,100751,100,100267,100,100767,100,100260,100,100908,100,100246,100,100978,100,100092,100
2019-06-28 09:56:20.000000000,100427,182,100410,282,100496,182,100394,182,100523,182,100382,182,100608,182,100372,182,100676,182,100330,182,100731,100,100268,500,100751,100,100267,100,100767,100,100260,100,100908,100,100246,100,100978,100,100092,100
2019-06-28 09:56:20.067910042,100427,182,100410,282,100450,100,100394,182,100496,182,100382,182,100523,182,100372,182,100608,182,100330,182,100676,182,100268,500,100731,100,100267,100,100751,100,100260,100,100767,100,100246,100,100908,100,100092,100
2019-06-28 09:56:25.306634679,100427,182,100410,282,100450,100,100394,182,100496,182,100382,182,100523,182,100372,182,100608,182,100330,182,100676,182,100268,500,100731,100,100267,100,100751,100,100260,100,100767,100,100246,100,100908,100,100214,100
2019-06-28 09:56:30.000000000,100427,305,100410,405,100450,305,100394,305,100496,100,100382,100,100523,100,100372,100,100608,100,100330,100,100676,100,100268,500,100731,100,100267,100,100751,100,100260,100,100767,100,100246,100,100908,100,100214,100
2019-06-28 09:56:31.594780592,100427,305,100410,305,100450,305,100394,305,100496,100,100382,100,100523,100,100372,100,100676,100,100330,100,100731,100,100268,500,100751,100,100267,100,100767,100,100260,100,100908,100,100246,100,100978,100,100214,100
2019-06-28 09:56:39.526904108,100427,305,100410,305,100450,305,100394,305,100496,100,100382,100,100523,100,100372,100,100676,100,100367,100,100731,100,100330,100,100767,100,100268,500,100908,100,100267,100,100978,100,100260,100,101107,100,100246,100
2019-06-28 09:56:40.000000000,100427,510,100410,510,100450,100,100394,100,100496,100,100382,100,100523,100,100372,100,100676,100,100367,100,100731,100,100330,100,100767,100,100268,500,100908,100,100267,100,100978,100,100260,100,101107,100,100246,100
2019-06-28 09:56:50.000000000,100427,305,100410,305,100450,305,100394,305,100496,100,100382,100,100523,100,100372,100,100676,100,100367,100,100731,100,100330,100,100767,100,100268,500,100908,100,100267,100,100978,100,100260,100,101107,100,100246,100
2019-06-28 09:56:50.000512500,100427,305,100410,205,100450,305,100394,305,100496,100,100382,100,100523,100,100372,100,100676,100,100367,100,100731,100,100330,100,100767,100,100268,500,100908,100,100267,100,100978,100,100260,100,101107,100,100246,100
2019-06-28 09:57:00.000000000,100427,305,100394,305,100450,305,100382,305,100496,100,100372,100,100523,100,100367,100,100676,100,100330,100,100731,100,100268,500,100767,100,100267,100,100908,100,100260,100,100978,100,100246,100,101107,100,100214,100
2019-06-28 09:57:10.000000000,100427,202,100394,202,100450,202,100382,202,100496,202,100372,202,100523,202,100367,202,100676,100,100330,100,100731,100,100268,500,100767,100,100267,100,100908,100,100260,100,100978,100,100246,100,101107,100,100214,100
2019-06-28 09:57:20.000000000,100427,510,100394,510,100450,100,100382,100,100496,100,100372,100,100523,100,100367,100,100676,100,100330,100,100731,100,100268,500,100767,100,100267,100,100908,100,100260,100,100978,100,100246,100,101107,100,100214,100
2019-06-28 09:57:30.000000000,100427,305,100394,305,100450,305,100382,305,100496,100,100372,100,100523,100,100367,100,100676,100,100330,100,100731,100,100268,500,100767,100,100267,100,100908,100,100260,100,100978,100,100246,100,101107,100,100214,100
2019-06-28 09:57:40.000000000,100427,202,100394,202,100450,202,100382,202,100496,202,100372,202,100523,202,100367,202,100676,100,100330,100,100731,100,100268,500,100767,100,100267,100,100908,100,100260,100,100978,100,100246,100,101107,100,100214,100
2019-06-28 09:57:41.217208784,100427,202,100394,102,100450,202,100382,202,100496,202,100372,202,100523,202,100367,202,100676,100,100330,100,100731,100,100268,500,100767,100,100267,100,100908,100,100260,100,100978,100,100246,100,101107,100,100214,100
2019-06-28 09:57:44.608853001,100410,100,100394,102,100427,202,100382,202,100450,202,100372,202,100496,202,100367,202,100523,202,100330,100,100676,100,100268,500,100731,100,100267,100,100767,100,100260,100,100908,100,100246,100,100978,100,100214,100
2019-06-28 09:57:50.000000000,100410,239,100382,239,100427,235,100372,235,100450,235,100367,235,100496,100,100330,100,100523,100,100268,500,100676,100,100267,100,100731,100,100260,100,100767,100,100246,100,100908,100,100214,100,100978,100,100092,100
2019-06-28 09:57:54.448226173,100410,239,100382,239,100427,235,100372,235,100450,235,100367,235,100496,100,100330,100,100523,100,100268,500,100676,100,100267,100,100731,100,100260,100,100767,100,100246,100,100908,100,100214,100,100978,100,100105,100
2019-06-28 09:58:00.000000000,100410,182,100382,182,100427,182,100372,182,100450,182,100367,182,100496,182,100330,182,100523,182,100268,582,100676,100,100267,100,100731,100,100260,100,100767,100,100246,100,100908,100,100214,100,100978,100,100105,100
2019-06-28 09:58:05.346170010,100410,182,100382,182,100427,182,100372,182,100450,182,100367,182,100496,182,100330,182,100523,182,100268,582,100676,100,100267,100,100731,100,100260,100,100767,100,100246,100,100908,100,100214,100,100978,100,100105,100
2019-06-28 09:58:10.000000000,100410,305,100382,305,100427,305,100372,305,100450,100,100367,100,100496,100,100330,100,100523,100,100268,500,100676,100,100267,100,100731,100,100260,100,100767,100,100246,100,100908,100,100214,100,100978,100,100105,100
2019-06-28 09:58:20.000000000,100410,239,100382,239,100427,235,100372,235,100450,235,100367,235,100496,100,100330,100,100523,100,100268,500,100676,100,100267,100,100731,100,100260,100,100767,100,100246,100,100908,100,100214,100,100978,100,100105,100
2019-06-28 09:58:26.511315696,100410,239,100382,239,100427,235,100372,235,100450,235,100367,235,100496,100,100330,100,100523,100,100268,500,100676,100,100267,100,100731,100,100260,100,100767,100,100246,100,100908,100,100214,100,100978,100,100105,100
2019-06-28 09:58:28.306332096,100410,239,100382,239,100427,235,100372,235,100450,235,100367,235,100496,100,100330,100,100523,100,100268,500,100676,100,100267,100,100731,100,100260,100,100767,100,100246,100,100908,100,100214,100,100978,100,100178,100
2019-06-28 09:58:30.000000000,100410,239,100382,239,100427,235,100372,235,100450,235,100367,235,100496,100,100330,100,100523,100,100268,500,100676,100,100267,100,100731,100,100260,100,100767,100,100246,100,100908,100,100214,100,100978,100,100178,100
2019-06-28 09:58:34.225124196,100410,239,100382,139,100427,235,100372,235,100450,235,100367,235,100496,100,100330,100,100523,100,100268,500,100676,100,100267,100,100731,100,100260,100,100767,100,100246,100,100908,100,100214,100,100978,100,100178,100
2019-06-28 09:58:36.474947697,100410,239,100382,39,100427,235,100372,235,100450,235,100367,235,100496,100,100330,100,100523,100,100268,500,100676,100,100267,100,100731,100,100260,100,100908,100,100246,100,100978,100,100214,100,101107,100,100178,100
2019-06-28 09:58:40.000000000,100410,510,100372,510,100427,100,100367,100,100450,100,100330,100,100496,100,100268,500,100523,100,100267,100,100676,100,100260,100,100731,100,100246,100,100908,100,100214,100,100978,100,100178,100,101107,100,100105,100
2019-06-28 09:58:50.000000000,100410,202,100372,202,100427,202,100367,202,100450,202,100330,202,100496,202,100268,602,100523,100,100267,100,100676,100,100260,100,100731,100,100246,100,100908,100,100214,100,100978,100,100178,100,101107,100,100105,100
2019-06-28 09:59:00.000000000,100410,182,100372,182,100427,182,100367,182,100450,182,100330,182,100496,182,100268,582,100523,182,100267,182,100676,100,100260,100,100731,100,100246,100,100908,100,100214,100,100978,100,100178,100,101107,100,100105,100
2019-06-28 09:59:05.990681990,100410,182,100372,182,100427,182,100367,182,100450,182,100330,182,100496,182,100268,482,100523,182,100267,182,100676,100,100260,100,100731,100,100246,100,100908,100,100214,100,100978,100,100178,100,101107,100,100105,100
2019-06-28 09:59:07.236632454,100410,182,100372,182,100427,182,100367,182,100450,182,100330,182,100496,182,100268,482,100523,182,100267,182,100676,100,100260,100,100731,100,100246,100,100908,100,100214,100,100978,100,100178,100,101107,100,100105,100
2019-06-28 09:59:08.009869360,100410,182,100372,82,100427,182,100367,182,100450,182,100330,182,100496,182,100268,482,100523,182,100267,182,100676,100,100260,100,100731,100,100246,100,100908,100,100214,100,100978,100,100178,100,101107,100,100105,100
2019-06-28 09:59:10.000000000,100410,510,100367,510,100427,100,100330,100,100450,100,100268,400,100496,100,100267,100,100523,100,100260,100,100676,100,100246,100,100731,100,100214,100,100908,100,100178,100,100978,100,100105,100,101107,100,100092,100
2019-06-28 09:59:20.000000000,100410,239,100367,239,100427,235,100330,235,100450,235,100268,535,100496,100,100267,100,100523,100,100260,100,100676,100,100246,100,100731,100,100214,100,100908,100,100178,100,100978,100,100105,100,101107,100,100092,100
2019-06-28 09:59:30.000000000,100410,305,100367,305,100427,305,100330,305,100450,100,100268,400,100496,100,100267,100,100523,100,100260,100,100676,100,100246,100,100731,100,100214,100,100908,100,100178,100,100978,100,100105,100,101107,100,100092,100
2019-06-28 09:59:39.074671718,100410,305,100367,305,100427,305,100330,305,100450,100,100268,400,100496,100,100267,100,100523,100,100260,100,100676,100,100246,100,100731,100,100214,100,100908,100,100178,100,100978,100,100148,100,101107,100,100105,100
2019-06-28 09:59:40.000000000,100410,182,100367,182,100427,182,100330,182,100450,182,100268,482,100496,182,100267,182,100523,182,100260,182,100676,100,100246,100,100731,100,100214,100,100908,100,100178,100,100978,100,100148,100,101107,100,100105,100
2019-06-28 09:59:47.875844187,100382,100,100367,182,100410,182,100330,182,100427,182,100268,482,100450,182,100267,182,100496,182,100260,182,100523,182,100246,100,100676,100,100214,100,100731,100,100178,100,100908,100,100148,100,100978,100,100105,100
2019-06-28 09:59:50.000000000,100382,305,100367,305,100410,305,100330,305,100427,100,100268,400,100450,100,100267,100,100496,100,100260,100,100523,100,100246,100,100676,100,100214,100,100731,100,100178,100,100908,100,100148,100,100978,100,100105,100
2019-06-28 10:00:00.000000000,100382,305,100367,305,100410,305,100330,305,100427,100,100268,400,100450,100,100267,100,100496,100,100260,100,100523,100,100246,100,100676,100,100214,100,100731,100,100178,100,100908,100,100148,100,100978,100,100105,100
2019-06-28 10:00:03.875809007,100382,405,100367,305,100410,305,100330,305,100427,100,100268,400,100450,100,100267,100,100496,100,100260,100,100523,100,100246,100,100676,100,100214,100,100731,100,100178,100,100908,100,100148,100,100978,100,100105,100
2019-06-28 10:00:10.000000000,100382,610,100367,510,100410,100,100330,100,100427,100,100268,400,100450,100,100267,100,100496,100,100260,100,100523,100,100246,100,100676,100,100214,100,100731,100,100178,100,100908,100,100148,100,100978,100,100105,100
2019-06-28 10:00:12.708655660,100382,610,100367,410,100410,100,100330,100,100427,100,100268,400,100450,100,100267,100,100496,100,100260,100,100523,100,100246,100,100676,100,100214,100,100731,100,100178,100,100908,100,100148,100,100978,100,100105,100
2019-06-28 10:00:20.000000000,100382,282,100330,182,100410,182,100268,482,100427,182,100267,182,100450,182,100260,182,100496,182,100246,182,100523,100,100214,100,100676,100,100178,100,100731,100,100148,100,100908,100,100105,100,100978,100,100092,100
2019-06-28 10:00:21.041017187,100382,282,100330,182,100410,182,100268,482,100427,182,100267,182,100450,182,100260,182,100496,182,100246,182,100523,100,100178,100,100676,100,100148,100,100731,100,100105,100,100908,100,100092,100,100978,100,100067,100
2019-06-28 10:00:30.000000000,100382,339,100330,239,100410,235,100268,535,100427,235,100267,235,100450,100,100260,100,100496,100,100246,100,100523,100,100178,100,100676,100,100148,100,100731,100,100105,100,100908,100,100092,100,100978,100,100067,100
2019-06-28 10:00:40.000000000,100382,339,100330,239,100410,235,100268,535,100427,235,100267,235,100450,100,100260,100,100496,100,100246,100,100523,100,100178,100,100676,100,100148,100,100731,100,100105,100,100908,100,100092,100,100978,100,100067,100
2019-06-28 10:00:50.000000000,100382,282,100330,182,100410,182,100268,482,100427,182,100267,182,100450,182,100260,182,100496,182,100246,182,100523,100,100178,100,100676,100,100148,100,100731,100,100105,100,100908,100,100092,100,100978,100,100067,100
2019-06-28 10:00:58.868140961,100382,182,100330,182,100410,182,100268,482,100427,182,100267,182,100450,182,100260,182,100496,182,100246,182,100523,100,100178,100,100676,100,100148,100,100731,100,100105,100,100908,100,100092,100,100978,100,100067,100
2019-06-28 10:01:00.000000000,100382,202,100330,202,100410,202,100268,502,100427,202,100267,202,100450,202,100260,202,100496,100,100246,100,100523,100,100178,100,100676,100,100148,100,100731,100,100105,100,100908,100,100092,100,100978,100,100067,100
2019-06-28 10:01:05.556210254,100382,202,100330,202,100410,202,100268,502,100427,202,100267,202,100450,202,100260,202,100496,100,100246,100,100523,100,100178,100,100676,100,100148,100,100731,100,100105,100,100852,100,100092,100,100908,100,100067,100
2019-06-28 10:01:10.000000000,100382,239,100330,239,100410,235,100268,535,100427,235,100267,235,100450,100,100260,100,100496,100,100246,100,100523,100,100178,100,100676,100,100148,100,100731,100,100105,100,100852,100,100092,100,100908,100,100067,100
2019-06-28 10:01:10.605531466,100382,239,100330,239,100410,235,100268,535,100427,235,100267,235,100450,100,100260,100,100496,100,100246,100,100523,100,100178,100,100676,100,100148,100,100731,100,100105,100,100852,100,100092,100,100908,100,100067,100
2019-06-28 10:01:20.000000000,100382,239,100330,239,100410,235,100268,535,100427,235,100267,235,100450,100,100260,100,100496,100,100246,100,100523,100,100178,100,100676,100,100148,100,100731,100,100105,100,100852,100,100092,100,100908,100,100067,100
2019-06-28 10:01:30.000000000,100382,239,100330,239,100410,235,100268,535,100427,235,100267,235,100450,100,100260,100,100496,100,100246,100,100523,100,100178,100,100676,100,100148,100,100731,100,100105,100,100852,100,100092,100,100908,100,100067,100
2019-06-28 10:01:40.000000000,100382,510,100330,510,100410,100,100268,400,100427,100,100267,100,100450,100,100260,100,100496,100,100246,100,100523,100,100178,100,100676,100,100148,100,100731,100,100105,100,100852,100,100092,100,100908,100,100067,100
2019-06-28 10:01:47.108555217,100382,510,100368,100,100410,100,100330,510,100427,100,100268,400,100496,100,100267,100,100523,100,100260,100,100676,100,100246,100,100731,100,100178,100,100852,100,100148,100,100908,100,100105,100,100915,100,100092,100
2019-06-28 10:01:48.125838383,100382,510,100368,200,100410,100,100330,510,100427,100,100268,400,100496,100,100267,100,100523,100,100260,100,100676,100,100246,100,100731,100,100178,100,100852,100,100148,100,100908,100,100105,100,100915,100,100092,100
2019-06-28 10:01:50.000000000,100382,202,100368,302,100410,202,100330,202,100427,202,100268,502,100496,202,100267,202,100523,100,100260,100,100676,100,100246,100,100731,100,100178,100,100852,100,100148,100,100908,100,100105,100,100915,100,100092,100
2019-06-28 10:02:00.000000000,100382,202,100368,302,100410,202,100330,202,100427,202,100268,502,100496,202,100267,202,100523,100,100260,100,100676,100,100246,100,100731,100,100178,100,100852,100,100148,100,100908,100,100105,100,100915,100,100092,100
2019-06-28 10:02:09.893690365,100382,202,100368,302,100410,202,100330,202,100427,202,100268,502,100496,202,100267,202,100523,100,100260,100,100676,100,100246,100,100731,100,100178,100,100770,100,100148,100,100852,100,100105,100,100908,100,100092,100
2019-06-28 10:02:10.000000000,100382,239,100368,339,100410,235,100330,235,100427,235,100268,535,100496,100,100267,100,100523,100,100260,100,100676,100,100246,100,100731,100,100178,100,100770,100,100148,100,100852,100,100105,100,100908,100,100092,100
2019-06-28 10:02:15.152348419,100382,239,100368,439,100410,235,100330,235,100427,235,100268,535,100496,100,100267,100,100523,100,100260,100,100676,100,100246,100,100731,100,100178,100,100770,100,100148,100,100852,100,100105,100,100908,100,100092,100
2019-06-28 10:02:20.000000000,100382,510,100368,710,100410,100,100330,100,100427,100,100268,400,100496,100,100267,100,100523,100,100260,100,100676,100,100246,100,100731,100,100178,100,100770,100,100148,100,100852,100,100105,100,100908,100,100092,100
2019-06-28 10:02:30.000000000,100382,239,100368,439,100410,235,100330,235,100427,235,100268,535,100496,100,100267,100,100523,100,100260,100,100676,100,100246,100,100731,100,100178,100,100770,100,100148,100,100852,100,100105,100,100908,100,100092,100
2019-06-28 10:02:38.675820706,100382,139,100368,439,100410,235,100330,235,100427,135,100268,535,100496,100,100267,100,100523,100,100260,100,100676,100,100246,100,100731,100,100178,100,100770,100,100148,100,100852,100,100105,100,100908,100,100092,100
2019-06-28 10:02:40.000000000,100410,305,100368,505,100496,305,100330,305,100523,100,100268,400,100676,100,100267,100,100731,100,100260,100,100770,100,100246,100,100852,100,100178,100,100908,100,100148,100,100915,100,100105,100,100978,100,100092,100
2019-06-28 10:02:40.795676296,100410,305,100368,505,100496,305,100330,305,100523,100,100268,400,100676,100,100267,100,100678,100,100260,100,100731,100,100246,100,100852,100,100178,100,100908,100,100148,100,100915,100,100105,100,100978,100,100092,100
2019-06-28 10:02:50.000000000,100410,305,100368,505,100496,305,100330,305,100523,100,100268,400,100676,100,100267,100,100678,100,100260,100,100731,100,100246,100,100852,100,100178,100,100908,100,100148,100,100915,100,100105,100,100978,100,100092,100
2019-06-28 10:03:00.000000000,100410,305,100368,505,100496,305,100330,305,100523,100,100268,400,100676,100,100267,100,100678,100,100260,100,100731,100,100246,100,100852,100,100178,100,100908,100,100148,100,100915,100,100105,100,100978,100,100092,100
2019-06-28 10:03:10.000000000,100410,202,100368,402,100496,202,100330,202,100523,202,100268,502,100676,202,100267,202,100678,100,100260,100,100731,100,100246,100,100852,100,100178,100,100908,100,100148,100,100915,100,100105,100,100978,100,100092,100
2019-06-28 10:03:20.000000000,100410,305,100368,505,100496,305,100330,305,100523,100,100268,400,100676,100,100267,100,100678,100,100260,100,100731,100,100246,100,100852,100,100178,100,100908,100,100148,100,100915,100,100105,100,100978,100,100092,100
2019-06-28 10:03:30.000000000,100410,305,100368,505,100496,305,100330,305,100523,100,100268,400,100676,100,100267,100,100678,100,100260,100,100731,100,100246,100,100852,100,100178,100,100908,100,100148,100,100915,100,100105,100,100978,100,100092,100
2019-06-28 10:03:40.000000000,100410,182,100368,382,100496,182,100330,182,100523,182,100268,482,100676,182,100267,182,100678,182,100260,182,100731,100,100246,100,100852,100,100178,100,100908,100,100148,100,100915,100,100105,100,100978,100,100092,100
2019-06-28 10:03:50.000000000,100410,305,100368,505,100496,305,100330,305,100523,100,100268,400,100676,100,100267,100,100678,100,100260,100,100731,100,100246,100,100852,100,100178,100,100908,100,100148,100,100915,100,100105,100,100978,100,100092,100
2019-06-28 10:04:00.000000000,100410,510,100368,710,100496,100,100330,100,100523,100,100268,400,100676,100,100267,100,100678,100,100260,100,100731,100,100246,100,100852,100,100178,100,100908,100,100148,100,100915,100,100105,100,100978,100,100092,100
2019-06-28 10:04:00.336686213,100410,410,100368,710,100496,100,100330,100,100523,100,100268,400,100676,100,100267,100,100678,100,100260,100,100731,100,100246,100,100852,100,100178,100,100908,100,100148,100,100915,100,100105,100,100978,100,100092,100
2019-06-28 10:04:10.000000000,100496,239,100368,439,100523,235,100330,235,100676,235,100268,535,100678,100,100267,100,100731,100,100260,100,100852,100,100246,100,100908,100,100178,100,100915,100,100148,100,100978,100,100105,100,101107,100,100092,100
2019-06-28 10:04:16.774259707,100496,239,100368,439,100523,235,100330,235,100676,235,100268,535,100678,100,100267,100,100731,100,100260,100,100852,100,100246,100,100908,100,100178,100,100915,100,100148,100,100978,100,100105,100,101107,100,100092,100
2019-06-28 10:04:20.000000000,100496,202,100368,402,100523,202,100330,202,100676,202,100268,502,100678,202,100267,202,100731,100,100260,100,100852,100,100246,100,100908,100,100178,100,100915,100,100148,100,100978,100,100105,100,101107,100,100092,100
2019-06-28 10:04:20.242262949,100496,102,100368,402,100523,202,100330,202,100676,202,100268,502,100678,202,100267,202,100852,100,100260,100,100908,100,100246,100,100915,100,100178,100,100978,100,100148,100,101107,100,100105,100,101202,100,100092,100
2019-06-28 10:04:21.050726552,100496,2,100368,402,100523,202,100330,202,100676,202,100268,502,100678,202,100267,202,100852,100,100260,100,100908,100,100246,100,100915,100,100178,100,100978,100,100148,100,101107,100,100105,100,101202,100,100092,100
2019-06-28 10:04:26.041701669,100523,202,100496,98,100676,202,100368,402,100678,202,100330,202,100852,100,100268,502,100908,100,100267,202,100915,100,100260,100,100978,100,100246,100,101107,100,100178,100,101202,100,100148,100,101306,100,100105,100
2019-06-28 10:04:30.000000000,100523,305,100496,303,100676,305,100368,505,100678,100,100330,100,100852,100,100268,400,100908,100,100267,100,100915,100,100260,100,100978,100,100246,100,101107,100,100178,100,101202,100,100148,100,101306,100,100105,100
2019-06-28 10:04:32.921972132,100523,305,100496,303,100676,305,100368,505,100678,100,100330,100,100852,100,100268,400,100908,100,100267,100,100915,100,100260,100,100978,100,100246,100,101107,100,100178,100,101202,100,100148,100,101232,100,100105,100
2019-06-28 10:04:35.353078074,100523,305,100496,403,100676,305,100368,505,100678,100,100330,100,100852,100,100268,400,100908,100,100267,100,100915,100,100260,100,100978,100,100246,100,101107,100,100178,100,101202,100,100148,100,101232,100,100105,100
2019-06-28 10:04:40.000000000,100523,202,100496,300,100676,202,100368,402,100678,202,100330,202,100852,202,100268,502,100908,100,100267,100,100915,100,100260,100,100978,100,100246,100,101107,100,100178,100,101202,100,100148,100,101232,100,100105,100
2019-06-28 10:04:50.000000000,100523,510,100496,608,100676,100,100368,300,100678,100,100330,100,100852,100,100268,400,100908,100,100267,100,100915,100,100260,100,100978,100,100246,100,101107,100,100178,100,101202,100,100148,100,101232,100,100105,100
2019-06-28 10:05:00.000000000,100523,510,100496,608,100676,100,100368,300,100678,100,100330,100,100852,100,100268,400,100908,100,100267,100,100915,100,100260,100,100978,100,100246,100,101107,100,100178,100,101202,100,100148,100,101232,100,100105,100
2019-06-28 10:05:10.000000000,100523,305,100496,403,100676,305,100368,505,100678,100,100330,100,100852,100,100268,400,100908,100,100267,100,100915,100,100260,100,100978,100,100246,100,101107,100,100178,100,101202,100,100148,100,101232,100,100105,100
2019-06-28 10:05:20.000000000,100523,202,100496,300,100676,202,100368,402,100678,202,100330,202,100852,202,100268,502,100908,100,100267,100,100915,100,100260,100,100978,100,100246,100,101107,100,100178,100,101202,100,100148,100,101232,100,100105,100
2019-06-28 10:05:21.601973587,100523,102,100496,300,100676,202,100368,402,100678,202,100330,202,100852,202,100268,502,100908,100,100267,100,100915,100,100260,100,100978,100,100246,100,101107,100,100178,100,101202,100,100148,100,101232,100,100105,100
2019-06-28 10:05:27.206597154,100523,102,100496,300,100676,202,100368,402,100678,202,100330,202,100852,202,100268,502,100908,100,100267,100,100915,100,100260,100,100978,100,100246,100,101107,100,100178,100,101114,100,100148,100,101202,100,100105,100
2019-06-28 10:05:30.000000000,100676,182,100496,280,100678,182,100368,382,100852,182,100330,182,100908,182,100268,482,100915,182,100267,182,100978,100,100260,100,101107,100,100246,100,101114,100,100178,100,101202,100,100148,100,101232,100,100105,100
2019-06-28 10:05:35.185724792,100676,182,100497,100,100678,182,100496,280,100852,182,100368,382,100908,182,100330,182,100915,182,100268,482,100978,100,100267,182,101107,100,100260,100,101114,100,100246,100,101202,100,100178,100,101232,100,100148,100
2019-06-28 10:05:40.000000000,100676,182,100497,182,100678,182,100496,280,100852,182,100368,382,100908,182,100330,182,100915,182,100268,482,100978,100,100267,100,101107,100,100260,100,101114,100,100246,100,101202,100,100178,100,101232,100,100148,100
2019-06-28 10:05:50.000000000,100676,510,100497,510,100678,100,100496,198,100852,100,100368,300,100908,100,100330,100,100915,100,100268,400,100978,100,100267,100,101107,100,100260,100,101114,100,100246,100,101202,100,100178,100,101232,100,100148,100
2019-06-28 10:05:51.916730955,100676,510,100497,610,100678,100,100496,198,100852,100,100368,300,100908,100,100330,100,100915,100,100268,400,100978,100,100267,100,101107,100,100260,100,101114,100,100246,100,101202,100,100178,100,101232,100,100148,100
2019-06-28 10:05:54.321649363,100676,510,100497,710,100678,100,100496,198,100852,100,100368,300,100908,100,100330,100,100915,100,100268,300,100978,100,100267,100,101107,100,100260,100,101114,100,100246,100,101202,100,100178,100,101232,100,100148,100
2019-06-28 10:05:56.683042410,100676,410,100497,710,100678,100,100496,198,100852,100,100368,300,100915,100,100330,100,100978,100,100268,300,101107,100,100267,100,101114,100,100260,100,101202,100,100246,100,101232,100,100178,100,101501,100,100148,100
2019-06-28 10:06:00.000000000,100678,239,100497,439,100852,235,100496,333,100915,235,100368,435,100978,100,100330,100,101107,100,100268,300,101114,100,100267,100,101202,100,100260,100,101232,100,100246,100,101501,100,100178,100,101677,100,100148,100
2019-06-28 10:06:10.000000000,100678,182,100497,382,100852,182,100496,280,100915,182,100368,382,100978,182,100330,182,101107,182,100268,382,101114,100,100267,100,101202,100,100260,100,101232,100,100246,100,101501,100,100178,100,101677,100,100148,100
2019-06-28 10:06:19.438553362,100675,100,100497,382,100678,182,100496,280,100852,182,100368,382,100915,182,100330,182,100978,182,100268,382,101107,182,100267,100,101114,100,100260,100,101202,100,100246,100,101232,100,100178,100,101501,100,100148,100
2019-06-28 10:06:20.000000000,100675,305,100497,505,100678,305,100496,403,100852,100,100368,300,100915,100,100330,100,100978,100,100268,300,101107,100,100267,100,101114,100,100260,100,101202,100,100246,100,101232,100,100178,100,101501,100,100148,100
2019-06-28 10:06:30.000000000,100675,305,100497,505,100678,305,100496,403,100852,100,100368,300,100915,100,100330,100,100978,100,100268,300,101107,100,100267,100,101114,100,100260,100,101202,100,100246,100,101232,100,100178,100,101501,100,100148,100
2019-06-28 10:06:38.840227089,100675,305,100497,405,100678,305,100496,403,100852,100,100368,300,100915,100,100330,100,100978,100,100268,300,101107,100,100267,100,101114,100,100260,100,101202,100,100246,100,101232,100,100178,100,101501,100,100148,100
2019-06-28 10:06:40.000000000,100675,182,100497,282,100678,182,100496,280,100852,182,100368,382,100915,182,100330,182,100978,182,100268,382,101107,100,100267,100,101114,100,100260,100,101202,100,100246,100,101232,100,100178,100,101501,100,100148,100
