,ask_price_1,ask_size_1,bid_price_1,bid_size_1,ask_price_2,ask_size_2,bid_price_2,bid_size_2,ask_price_3,ask_size_3,bid_price_3,bid_size_3,ask_price_4,ask_size_4,bid_price_4,bid_size_4,ask_price_5,ask_size_5,bid_price_5,bid_size_5,ask_price_6,ask_size_6,bid_price_6,bid_size_6,ask_price_7,ask_size_7,bid_price_7,bid_size_7,ask_price_8,ask_size_8,bid_price_8,bid_size_8,ask_price_9,ask_size_9,bid_price_9,bid_size_9,ask_price_10,ask_size_10,bid_price_10,bid_size_10
2019-06-28 09:30:00.000000000,100071,100,99945,100,,,,,,,,,,,,,,,,,,,,,,,,,,,,,,,,,,,,
2019-06-28 09:30:00.000000001,100071,100,99945,100,,,99907,100,,,,,,,,,,,,,,,,,,,,,,,,,,,,,,,,
2019-06-28 09:30:00.000000005,100071,100,99945,100,100129,100,99907,100,,,,,,,,,,,,,,,,,,,,,,,,,,,,,,,,
2019-06-28 09:30:00.000000010,100071,100,99945,100,100129,100,99943,100,,,99907,100,,,,,,,,,,,,,,,,,,,,,,,,,,,,
2019-06-28 09:30:00.000000013,100001,100,99945,100,100071,100,99943,100,100129,100,99907,100,,,,,,,,,,,,,,,,,,,,,,,,,,,,
2019-06-28 09:30:00.000000014,100001,100,99945,100,100071,100,99943,100,100129,100,99907,100,100130,100,,,,,,,,,,,,,,,,,,,,,,,,,,
2019-06-28 09:30:00.000000015,100001,100,99969,100,100071,100,99945,100,100129,100,99943,100,100130,100,99907,100,,,,,,,,,,,,,,,,,,,,,,,,
2019-06-28 09:30:00.000000017,100001,100,99969,100,100006,100,99945,100,100071,100,99943,100,100129,100,99907,100,100130,100,,,,,,,,,,,,,,,,,,,,,,
2019-06-28 09:30:00.000000020,100001,100,99969,100,100006,100,99945,100,100071,100,99943,100,100129,100,99907,100,100130,100,99873,100,,,,,,,,,,,,,,,,,,,,
2019-06-28 09:30:00.000000021,100001,100,99969,100,100006,100,99945,100,100071,100,99943,100,100129,100,99907,100,100130,100,99873,100,,,99754,100,,,,,,,,,,,,,,,,
2019-06-28 09:30:00.000000022,99989,100,99969,100,100001,100,99945,100,100006,100,99943,100,100040,100,99928,100,100071,100,99907,100,100129,100,99873,100,100130,100,99754,100,,,,,,,,,,,,
2019-06-28 09:30:00.000000026,99977,100,99969,100,99989,100,99945,100,100001,100,99943,100,100006,100,99928,100,100040,100,99907,100,100071,100,99873,100,100129,100,99754,100,100130,100,,,,,,,,,,
2019-06-28 09:30:00.000000029,99977,100,99969,100,99989,100,99945,100,100001,100,99943,100,100006,100,99928,100,100040,100,99907,100,100071,100,99873,100,100129,100,99754,100,100130,100,,,100158,100,,,,,,
2019-06-28 09:30:00.000000030,99977,100,99969,100,99989,100,99945,100,100001,100,99943,100,100006,100,99928,100,100040,100,99907,100,100071,100,99873,100,100121,100,99754,100,100129,100,,,100130,100,,,100158,100,,
2019-06-28 09:30:00.000000031,99977,100,99969,100,99989,100,99951,100,100001,100,99945,100,100006,100,99943,100,100040,100,99928,100,100071,100,99907,100,100121,100,99873,100,100129,100,99754,100,100130,100,,,100158,100,,
2019-06-28 09:30:00.000000032,99977,100,99969,100,99989,100,99951,100,100001,100,99945,100,100006,100,99943,100,100040,100,99928,100,100071,100,99907,100,100077,100,99873,100,100105,100,99754,100,100121,100,,,100129,100,,
2019-06-28 09:30:00.000000036,99977,100,99969,100,99989,100,99951,100,100001,100,99945,100,100006,100,99943,100,100040,100,99928,100,100071,100,99907,100,100077,100,99873,100,100105,100,99754,100,100121,100,,,100129,100,,
2019-06-28 09:30:00.000000038,99977,100,99969,100,99989,100,99951,100,100001,100,99945,100,100006,100,99943,100,100040,100,99937,100,100071,100,99928,100,100077,100,99907,100,100105,100,99873,100,100121,100,99754,100,100129,100,,
2019-06-28 09:30:00.000000040,99977,100,99969,100,99989,100,99951,100,100001,100,99945,100,100006,100,99943,100,100040,100,99937,100,100071,100,99928,100,100077,100,99907,100,100105,100,99873,100,100121,100,99872,100,100129,100,99754,100
2019-06-28 09:30:00.000000042,99977,100,99969,100,99989,100,99951,100,100001,100,99945,100,100006,100,99943,100,100040,100,99937,100,100071,100,99928,100,100077,100,99907,100,100105,100,99873,100,100121,100,99872,100,100125,100,99754,100
2019-06-28 09:30:00.000000043,99989,100,99988,100,100001,100,99969,100,100006,100,99951,100,100040,100,99945,100,100071,100,99943,100,100077,100,99940,100,100082,100,99937,100,100105,100,99928,100,100121,100,99907,100,100125,100,99873,100
2019-06-28 09:30:00.000000044,100001,100,99988,100,100006,100,99969,100,100040,100,99951,100,100071,100,99945,100,100077,100,99943,100,100082,100,99940,100,100105,100,99937,100,100121,100,99928,100,100125,100,99907,100,100129,100,99873,100
2019-06-28 09:30:00.000000046,100001,100,99988,100,100006,100,99969,100,100034,100,99965,100,100040,100,99951,100,100071,100,99945,100,100077,100,99943,100,100082,100,99940,100,100105,100,99937,100,100121,100,99928,100,100125,100,99907,100
2019-06-28 09:30:00.000000047,100001,100,99988,100,100006,100,99969,100,100034,100,99965,100,100040,100,99951,100,100071,100,99945,100,100077,100,99943,100,100082,100,99940,200,100105,100,99937,100,100121,100,99928,100,100125,100,99907,100
2019-06-28 09:30:00.000000048,100001,100,99988,100,100006,100,99977,100,100034,100,99969,100,100040,100,99965,100,100071,100,99951,100,100077,100,99945,100,100082,100,99943,100,100105,100,99940,200,100121,100,99937,100,100125,100,99928,100
2019-06-28 09:30:00.000000049,100001,100,99988,100,100006,100,99977,100,100034,100,99969,100,100040,100,99965,100,100071,100,99951,100,100077,100,99949,100,100082,100,99945,100,100105,100,99943,100,100121,100,99940,200,100125,100,99937,100
2019-06-28 09:30:00.000000050,100006,100,99988,100,100012,100,99977,100,100034,100,99969,100,100040,100,99965,100,100071,100,99951,100,100077,100,99949,100,100082,100,99945,100,100105,100,99943,100,100121,100,99940,200,100125,100,99937,100
2019-06-28 09:30:00.000000052,100006,100,99993,100,100012,100,99988,100,100034,100,99977,100,100040,100,99969,100,100071,100,99965,100,100077,100,99951,100,100082,100,99949,100,100105,100,99945,100,100121,100,99943,100,100125,100,99940,200
2019-06-28 09:30:00.000000053,100006,100,99993,100,100012,100,99988,100,100016,100,99977,100,100034,100,99969,100,100040,100,99965,100,100071,100,99951,100,100077,100,99949,100,100082,100,99945,100,100105,100,99943,100,100121,100,99940,200
2019-06-28 09:30:00.000000056,100006,100,99993,100,100012,100,99988,100,100016,100,99977,100,100033,100,99969,100,100034,100,99965,100,100040,100,99951,100,100071,100,99949,100,100077,100,99945,100,100082,100,99943,100,100105,100,99940,200
2019-06-28 09:30:00.000000062,100006,100,99993,200,100012,100,99988,100,100016,100,99977,100,100033,100,99969,100,100034,100,99965,100,100040,100,99951,100,100071,100,99949,100,100077,100,99945,100,100082,100,99943,100,100105,100,99940,200
2019-06-28 09:30:00.000000063,100012,100,99993,200,100016,100,99988,100,100033,100,99977,100,100034,100,99969,100,100040,100,99965,100,100071,100,99951,100,100077,100,99949,100,100082,100,99945,100,100105,100,99943,100,100121,100,99940,200
2019-06-28 09:30:00.000000067,100012,100,99993,200,100016,100,99988,100,100033,100,99977,100,100034,100,99969,100,100040,100,99965,100,100071,100,99951,100,100077,100,99949,100,100082,100,99945,100,100105,100,99943,100,100121,100,99940,200
2019-06-28 09:30:00.000000068,100012,100,100001,100,100016,100,99993,200,100033,100,99988,100,100034,100,99982,100,100040,100,99977,100,100071,100,99969,100,100077,100,99965,100,100082,100,99951,100,100105,100,99949,100,100121,100,99945,100
2019-06-28 09:30:00.000000072,100012,100,100001,100,100016,100,99993,200,100033,100,99988,100,100034,100,99982,100,100040,100,99977,100,100071,100,99969,100,100077,100,99965,100,100082,100,99951,100,100105,100,99949,100,100121,100,99945,100
2019-06-28 09:30:00.000000073,100012,100,99993,200,100016,100,99988,100,100033,100,99982,100,100034,100,99977,100,100040,100,99969,100,100071,100,99965,100,100077,100,99951,100,100082,100,99949,100,100105,100,99945,100,100121,100,99943,100
2019-06-28 09:30:00.000000077,100012,100,100001,100,100016,100,99993,200,100033,100,99988,100,100034,100,99982,100,100040,100,99977,100,100071,100,99969,100,100077,100,99965,100,100082,100,99951,100,100105,100,99949,100,100121,100,99945,100
2019-06-28 09:30:00.000000078,100012,100,99993,200,100016,100,99988,100,100033,100,99982,100,100034,100,99977,100,100040,100,99969,100,100071,100,99965,100,100077,100,99951,100,100082,100,99949,100,100105,100,99945,100,100121,100,99943,100
2019-06-28 09:30:00.000000082,100012,100,99993,200,100016,100,99988,100,100033,100,99982,100,100034,100,99977,100,100040,100,99969,100,100071,100,99965,100,100077,100,99951,100,100082,100,99949,100,100105,100,99945,100,100121,100,99943,100
2019-06-28 09:30:00.000000083,100012,100,99993,200,100016,100,99988,100,100028,100,99982,100,100033,100,99977,100,100034,100,99969,100,100040,100,99965,100,100071,100,99951,100,100077,100,99949,100,100082,100,99945,100,100105,100,99943,100
2019-06-28 09:30:00.000000084,100001,100,99994,100,100012,100,99993,200,100016,100,99988,100,100028,100,99982,100,100033,100,99977,100,100034,100,99969,100,100040,100,99965,100,100071,100,99951,100,100077,100,99949,100,100082,100,99945,100
2019-06-28 09:30:00.000000085,100001,100,99994,100,100012,100,99993,200,100016,100,99988,100,100020,100,99982,100,100028,100,99977,100,100033,100,99969,100,100034,100,99965,100,100040,100,99951,100,100071,100,99949,100,100077,100,99945,100
2019-06-28 09:30:00.000000086,100001,100,99994,100,100012,200,99993,200,100016,100,99988,100,100020,100,99982,100,100028,100,99977,100,100033,100,99969,100,100034,100,99965,100,100040,100,99951,100,100071,100,99949,100,100077,100,99945,100
2019-06-28 09:30:00.000000089,100001,100,99993,200,100012,200,99988,100,100016,100,99982,100,100020,100,99977,100,100028,100,99969,100,100033,100,99965,100,100034,100,99951,100,100040,100,99949,100,100071,100,99945,100,100077,100,99943,100
2019-06-28 09:30:00.000000091,100001,100,99993,200,100012,200,99988,100,100016,100,99982,100,100020,100,99977,100,100028,100,99969,100,100033,100,99965,100,100034,100,99951,100,100040,100,99949,200,100071,100,99945,100,100077,100,99943,100
2019-06-28 09:30:00.000000094,100001,200,99993,200,100012,200,99988,100,100016,100,99982,100,100020,100,99980,100,100028,100,99977,100,100033,100,99969,100,100034,100,99965,100,100040,100,99951,100,100071,100,99949,200,100077,100,99945,100
2019-06-28 09:30:00.000000099,100001,100,99993,200,100012,200,99988,100,100016,100,99982,100,100020,100,99980,100,100028,100,99977,100,100033,100,99969,100,100034,100,99965,100,100040,100,99951,100,100071,100,99949,200,100077,100,99945,100
2019-06-28 09:30:10.000000000,100001,532,99993,632,100012,200,99988,100,100016,100,99982,100,100020,100,99980,100,100028,100,99977,100,100033,100,99969,100,100034,100,99965,100,100040,100,99951,100,100071,100,99949,200,100077,100,99945,100
2019-06-28 09:30:20.000000000,100001,316,99993,416,100012,416,99988,316,100016,100,99982,100,100020,100,99980,100,100028,100,99977,100,100033,100,99969,100,100034,100,99965,100,100040,100,99951,100,100071,100,99949,200,100077,100,99945,100
2019-06-28 09:30:25.261947829,100000,100,99993,416,100001,316,99988,316,100012,416,99982,100,100016,100,99980,100,100020,100,99969,100,100028,100,99965,100,100033,100,99951,100,100034,100,99949,200,100040,100,99945,100,100071,100,99943,100
2019-06-28 09:30:30.000000000,100000,247,99993,347,100001,243,99988,243,100012,343,99982,243,100016,100,99980,100,100020,100,99969,100,100028,100,99965,100,100033,100,99951,100,100034,100,99949,200,100040,100,99945,100,100071,100,99943,100
2019-06-28 09:30:40.000000000,100000,208,99993,308,100001,208,99988,208,100012,308,99982,208,100016,208,99980,208,100020,100,99969,100,100028,100,99965,100,100033,100,99951,100,100034,100,99949,200,100040,100,99945,100,100071,100,99943,100
2019-06-28 09:30:41.142753127,100000,108,99993,308,100001,208,99988,208,100012,308,99982,208,100016,208,99980,208,100020,100,99969,100,100028,100,99965,100,100033,100,99951,100,100034,100,99949,200,100040,100,99945,100,100071,100,99943,100
2019-06-28 09:30:45.150366555,100000,108,99993,308,100001,208,99988,208,100012,308,99982,208,100016,208,99980,208,100020,100,99969,100,100028,100,99965,100,100033,100,99951,100,100034,100,99949,200,100040,100,99945,100,100071,100,99943,100
2019-06-28 09:30:50.000000000,100001,208,99993,308,100012,308,99988,208,100016,208,99982,208,100020,208,99980,208,100028,100,99969,100,100033,100,99965,100,100034,100,99951,100,100040,100,99949,200,100071,100,99945,100,100077,100,99943,100
2019-06-28 09:30:50.379663624,99999,100,99993,308,100001,208,99988,208,100012,308,99982,208,100016,208,99980,208,100020,208,99969,100,100028,100,99965,100,100033,100,99949,200,100034,100,99945,100,100040,100,99943,100,100071,100,99940,300
2019-06-28 09:30:57.970553169,100001,108,99993,308,100012,308,99988,208,100016,208,99982,208,100020,208,99980,208,100028,100,99969,100,100033,100,99965,100,100034,100,99949,200,100040,100,99945,100,100071,100,99943,100,100077,100,99940,300
2019-06-28 09:31:00.000000000,100012,632,99993,632,100016,100,99988,100,100020,100,99982,100,100028,100,99980,100,100033,100,99969,100,100034,100,99965,100,100040,100,99949,200,100071,100,99945,100,100077,100,99943,100,100082,100,99940,300
2019-06-28 09:31:10.000000000,100012,286,99993,286,100016,186,99988,186,100020,186,99982,186,100028,186,99980,186,100033,186,99969,186,100034,100,99965,100,100040,100,99949,200,100071,100,99945,100,100077,100,99943,100,100082,100,99940,300
2019-06-28 09:31:20.000000000,100012,347,99993,347,100016,243,99988,243,100020,243,99982,243,100028,100,99980,100,100033,100,99969,100,100034,100,99965,100,100040,100,99949,200,100071,100,99945,100,100077,100,99943,100,100082,100,99940,300
2019-06-28 09:31:21.895431350,100012,347,99999,100,100016,243,99993,347,100020,243,99988,243,100028,100,99982,243,100033,100,99980,100,100034,100,99969,100,100040,100,99965,100,100071,100,99949,200,100077,100,99945,100,100082,100,99943,100
2019-06-28 09:31:30.000000000,100012,347,99999,247,100016,243,99993,343,100020,243,99988,243,100028,100,99982,100,100033,100,99980,100,100034,100,99969,100,100040,100,99965,100,100071,100,99949,200,100077,100,99945,100,100082,100,99943,100
2019-06-28 09:31:36.684230944,100012,347,100003,100,100016,243,99999,247,100020,243,99993,343,100028,100,99988,243,100033,100,99982,100,100034,100,99980,100,100040,100,99969,100,100071,100,99965,100,100077,100,99949,200,100082,100,99945,100
2019-06-28 09:31:40.000000000,100012,347,100003,247,100016,243,99999,243,100020,243,99993,343,100028,100,99988,100,100033,100,99982,100,100034,100,99980,100,100040,100,99969,100,100071,100,99965,100,100077,100,99949,200,100082,100,99945,100
2019-06-28 09:31:50.000000000,100012,286,100003,186,100016,186,99999,186,100020,186,99993,286,100028,186,99988,186,100033,186,99982,186,100034,100,99980,100,100040,100,99969,100,100071,100,99965,100,100077,100,99949,200,100082,100,99945,100
2019-06-28 09:31:59.337772973,100012,286,100003,186,100016,186,99999,186,100020,186,99993,286,100028,186,99988,186,100033,186,99982,186,100034,100,99980,100,100040,100,99969,100,100071,100,99965,100,100077,100,99949,200,100082,100,99945,100
2019-06-28 09:32:00.000000000,100012,308,100003,208,100016,208,99999,208,100020,208,99993,308,100028,208,99988,208,100033,100,99982,100,100034,100,99980,100,100040,100,99969,100,100071,100,99965,100,100077,100,99949,200,100082,100,99945,100
2019-06-28 09:32:10.000000000,100012,632,100003,532,100016,100,99999,100,100020,100,99993,200,100028,100,99988,100,100033,100,99982,100,100034,100,99980,100,100040,100,99969,100,100071,100,99965,100,100077,100,99949,200,100082,100,99945,100
2019-06-28 09:32:18.420485328,100012,632,100003,532,100016,100,99999,200,100020,100,99993,200,100028,100,99988,100,100033,100,99982,100,100034,100,99980,100,100040,100,99969,100,100071,100,99965,100,100077,100,99949,200,100082,100,99945,100
2019-06-28 09:32:20.000000000,100012,347,100003,247,100016,243,99999,343,100020,243,99993,343,100028,100,99988,100,100033,100,99982,100,100034,100,99980,100,100040,100,99969,100,100071,100,99965,100,100077,100,99949,200,100082,100,99945,100
2019-06-28 09:32:30.000000000,100012,286,100003,186,100016,186,99999,286,100020,186,99993,286,100028,186,99988,186,100033,186,99982,186,100034,100,99980,100,100040,100,99969,100,100071,100,99965,100,100077,100,99949,200,100082,100,99945,100
2019-06-28 09:32:40.000000000,100012,347,100003,247,100016,243,99999,343,100020,243,99993,343,100028,100,99988,100,100033,100,99982,100,100034,100,99980,100,100040,100,99969,100,100071,100,99965,100,100077,100,99949,200,100082,100,99945,100
2019-06-28 09:32:50.000000000,100012,416,100003,316,100016,316,99999,416,100020,100,99993,200,100028,100,99988,100,100033,100,99982,100,100034,100,99980,100,100040,100,99969,100,100071,100,99965,100,100077,100,99949,200,100082,100,99945,100
2019-06-28 09:32:50.845321085,100012,416,100003,316,100016,316,99999,516,100020,100,99993,200,100028,100,99988,100,100033,100,99982,100,100034,100,99980,100,100040,100,99969,100,100071,100,99965,100,100077,100,99949,200,100082,100,99945,100
2019-06-28 09:32:54.208127193,100012,316,100003,316,100016,316,99999,516,100020,100,99993,100,100028,100,99988,100,100033,100,99982,100,100034,100,99980,100,100040,100,99969,100,100071,100,99965,100,100077,100,99949,200,100082,100,99945,100
2019-06-28 09:33:00.000000000,100012,186,100003,186,100016,186,99999,386,100020,186,99993,186,100028,186,99988,186,100033,186,99982,186,100034,100,99980,100,100040,100,99969,100,100071,100,99965,100,100077,100,99949,200,100082,100,99945,100
2019-06-28 09:33:10.000000000,100012,316,100003,316,100016,316,99999,516,100020,100,99993,100,100028,100,99988,100,100033,100,99982,100,100034,100,99980,100,100040,100,99969,100,100071,100,99965,100,100077,100,99949,200,100082,100,99945,100
2019-06-28 09:33:20.000000000,100012,247,100003,247,100016,243,99999,443,100020,243,99993,243,100028,100,99988,100,100033,100,99982,100,100034,100,99980,100,100040,100,99969,100,100071,100,99965,100,100077,100,99949,200,100082,100,99945,100
2019-06-28 09:33:30.000000000,100012,316,100003,316,100016,316,99999,516,100020,100,99993,100,100028,100,99988,100,100033,100,99982,100,100034,100,99980,100,100040,100,99969,100,100071,100,99965,100,100077,100,99949,200,100082,100,99945,100
2019-06-28 09:33:40.000000000,100012,208,100003,208,100016,208,99999,408,100020,208,99993,208,100028,208,99988,208,100033,100,99982,100,100034,100,99980,100,100040,100,99969,100,100071,100,99965,100,100077,100,99949,200,100082,100,99945,100
2019-06-28 09:33:50.000000000,100012,247,100003,247,100016,243,99999,443,100020,243,99993,243,100028,100,99988,100,100033,100,99982,100,100034,100,99980,100,100040,100,99969,100,100071,100,99965,100,100077,100,99949,200,100082,100,99945,100
2019-06-28 09:34:00.000000000,100012,186,100003,186,100016,186,99999,386,100020,186,99993,186,100028,186,99988,186,100033,186,99982,186,100034,100,99980,100,100040,100,99969,100,100071,100,99965,100,100077,100,99949,200,100082,100,99945,100
2019-06-28 09:34:09.019349219,100012,186,100004,100,100016,186,100003,186,100020,186,99999,386,100028,186,99993,186,100033,186,99988,186,100034,100,99982,186,100071,100,99980,100,100077,100,99969,100,100082,100,99965,100,100105,100,99949,200
2019-06-28 09:34:10.000000000,100012,532,100004,532,100016,100,100003,100,100020,100,99999,300,100028,100,99993,100,100033,100,99988,100,100034,100,99982,100,100071,100,99980,100,100077,100,99969,100,100082,100,99965,100,100105,100,99949,200
2019-06-28 09:34:17.392420536,100012,532,100004,532,100016,100,100003,100,100020,100,99999,300,100028,100,99993,100,100033,100,99988,100,100034,100,99982,100,100071,100,99980,100,100077,100,99969,100,100082,100,99965,100,100105,100,99949,200
2019-06-28 09:34:20.000000000,100012,208,100004,208,100016,208,100003,208,100020,208,99999,408,100028,208,99993,208,100033,100,99988,100,100034,100,99982,100,100071,100,99980,100,100077,100,99969,100,100082,100,99965,100,100105,100,99949,200
2019-06-28 09:34:30.000000000,100012,208,100004,208,100016,208,100003,208,100020,208,99999,408,100028,208,99993,208,100033,100,99988,100,100034,100,99982,100,100071,100,99980,100,100077,100,99969,100,100082,100,99965,100,100105,100,99949,200
2019-06-28 09:34:30.326662634,100012,208,100004,208,100016,208,100003,208,100020,208,99999,408,100028,208,99993,208,100033,100,99988,100,100034,100,99982,100,100071,100,99980,100,100077,100,99969,100,100082,100,99965,100,100105,100,99949,200
2019-06-28 09:34:40.000000000,100012,316,100004,316,100016,316,100003,316,100020,100,99999,300,100028,100,99993,100,100033,100,99988,100,100034,100,99982,100,100071,100,99980,100,100077,100,99969,100,100082,100,99965,100,100105,100,99949,200
2019-06-28 09:34:44.645357438,100012,316,100004,216,100016,316,100003,316,100020,100,99999,300,100028,100,99993,100,100033,100,99988,100,100034,100,99982,100,100071,100,99980,100,100077,100,99969,100,100082,100,99965,100,100105,100,99949,200
2019-06-28 09:34:50.000000000,100012,247,100003,247,100016,243,99999,443,100020,243,99993,243,100028,100,99988,100,100033,100,99982,100,100034,100,99980,100,100071,100,99969,100,100077,100,99965,100,100082,100,99949,200,100105,100,99945,100
2019-06-28 09:34:59.015802692,100012,247,100003,247,100016,243,99999,443,100020,243,99993,243,100028,100,99988,100,100033,100,99982,100,100034,100,99980,100,100071,100,99969,100,100077,100,99965,100,100082,100,99949,200,100123,100,99945,100
2019-06-28 09:35:00.000000000,100012,247,100003,247,100016,243,99999,443,100020,243,99993,243,100028,100,99988,100,100033,100,99982,100,100034,100,99980,100,100071,100,99969,100,100077,100,99965,100,100082,100,99949,200,100123,100,99945,100
2019-06-28 09:35:10.000000000,100012,247,100003,247,100016,243,99999,443,100020,243,99993,243,100028,100,99988,100,100033,100,99982,100,100034,100,99980,100,100071,100,99969,100,100077,100,99965,100,100082,100,99949,200,100123,100,99945,100
2019-06-28 09:35:20.000000000,100012,532,100003,532,100016,100,99999,300,100020,100,99993,100,100028,100,99988,100,100033,100,99982,100,100034,100,99980,100,100071,100,99969,100,100077,100,99965,100,100082,100,99949,200,100123,100,99945,100
2019-06-28 09:35:29.818988149,100012,532,100003,532,100016,100,99999,300,100020,100,99993,100,100028,100,99988,100,100033,100,99982,100,100034,100,99980,100,100077,100,99969,100,100082,100,99965,100,100123,100,99949,200,100125,100,99945,100
2019-06-28 09:35:30.000000000,100012,247,100003,247,100016,243,99999,443,100020,243,99993,243,100028,100,99988,100,100033,100,99982,100,100034,100,99980,100,100077,100,99969,100,100082,100,99965,100,100123,100,99949,200,100125,100,99945,100
2019-06-28 09:35:40.000000000,100012,208,100003,208,100016,208,99999,408,100020,208,99993,208,100028,208,99988,208,100033,100,99982,100,100034,100,99980,100,100077,100,99969,100,100082,100,99965,100,100123,100,99949,200,100125,100,99945,100
2019-06-28 09:35:50.000000000,100012,208,100003,208,100016,208,99999,408,100020,208,99993,208,100028,208,99988,208,100033,100,99982,100,100034,100,99980,100,100077,100,99969,100,100082,100,99965,100,100123,100,99949,200,100125,100,99945,100
2019-06-28 09:35:59.138474600,100012,208,100005,100,100016,208,100003,208,100020,208,99999,408,100028,208,99993,208,100033,100,99988,208,100034,100,99982,100,100077,100,99980,100,100082,100,99969,100,100123,100,99965,100,100125,100,99949,200
2019-06-28 09:36:00.000000000,100012,247,100005,247,100016,243,100003,243,100020,243,99999,443,100028,100,99993,100,100033,100,99988,100,100034,100,99982,100,100077,100,99980,100,100082,100,99969,100,100123,100,99965,100,100125,100,99949,200
2019-06-28 09:36:05.393821126,100012,147,100005,247,100016,243,100003,243,100020,243,99999,443,100028,100,99993,100,100033,100,99988,100,100034,100,99982,100,100077,100,99980,100,100082,100,99969,100,100123,100,99965,100,100125,100,99949,200
2019-06-28 09:36:10.000000000,100016,247,100005,247,100020,243,100003,243,100028,243,99999,443,100033,100,99993,100,100034,100,99988,100,100077,100,99982,100,100082,100,99980,100,100123,100,99969,100,100125,100,99965,100,100148,100,99949,200
2019-06-28 09:36:20.000000000,100016,247,100005,247,100020,243,100003,243,100028,243,99999,443,100033,100,99993,100,100034,100,99988,100,100077,100,99982,100,100082,100,99980,100,100123,100,99969,100,100125,100,99965,100,100148,100,99949,200
2019-06-28 09:36:30.000000000,100016,208,100005,208,100020,208,100003,208,100028,208,99999,408,100033,208,99993,208,100034,100,99988,100,100077,100,99982,100,100082,100,99980,100,100123,100,99969,100,100125,100,99965,100,100148,100,99949,200
2019-06-28 09:36:30.889240458,100016,208,100005,208,100020,208,100003,208,100028,208,99999,308,100033,208,99993,208,100034,100,99988,100,100077,100,99982,100,100082,100,99980,100,100123,100,99969,100,100125,100,99965,100,100148,100,99949,200
2019-06-28 09:36:40.000000000,100016,208,100005,208,100020,208,100003,208,100028,208,99999,308,100033,208,99993,208,100034,100,99988,100,100077,100,99982,100,100082,100,99980,100,100123,100,99969,100,100125,100,99965,100,100148,100,99949,200
2019-06-28 09:36:50.000000000,100016,186,100005,186,100020,186,100003,186,100028,186,99999,286,100033,186,99993,186,100034,186,99988,186,100077,100,99982,100,100082,100,99980,100,100123,100,99969,100,100125,100,99965,100,100148,100,99949,200
2019-06-28 09:37:00.000000000,100016,316,100005,316,100020,316,100003,316,100028,100,99999,200,100033,100,99993,100,100034,100,99988,100,100077,100,99982,100,100082,100,99980,100,100123,100,99969,100,100125,100,99965,100,100148,100,99949,200
2019-06-28 09:37:00.661597241,100016,316,100005,216,100020,316,100003,316,100028,100,99999,200,100033,100,99993,100,100034,100,99988,100,100077,100,99982,100,100082,100,99980,100,100123,100,99969,100,100125,100,99965,100,100148,100,99949,200
2019-06-28 09:37:08.032760450,100016,316,100005,216,100020,316,100003,316,100028,100,99999,200,100033,100,99993,100,100034,100,99988,100,100077,100,99982,100,100082,100,99980,100,100123,100,99969,100,100125,100,99965,100,100148,100,99949,200
2019-06-28 09:37:10.000000000,100016,532,100003,532,100020,100,99999,200,100028,100,99993,100,100033,100,99988,100,100034,100,99982,100,100077,100,99980,100,100082,100,99969,100,100123,100,99965,100,100125,100,99949,200,100148,100,99945,100
2019-06-28 09:37:20.000000000,100016,532,100003,532,100020,100,99999,200,100028,100,99993,100,100033,100,99988,100,100034,100,99982,100,100077,100,99980,100,100082,100,99969,100,100123,100,99965,100,100125,100,99949,200,100148,100,99945,100
2019-06-28 09:37:24.759631238,100016,532,100003,532,100020,100,99999,200,100028,100,99993,100,100033,100,99988,100,100034,100,99982,100,100077,100,99980,100,100082,100,99969,100,100123,100,99965,100,100125,100,99949,200,100148,100,99945,100
2019-06-28 09:37:30.000000000,100016,532,100003,532,100020,100,99999,200,100028,100,99993,100,100033,100,99988,100,100034,100,99982,100,100077,100,99980,100,100082,100,99969,100,100123,100,99965,100,100125,100,99949,200,100148,100,99945,100
2019-06-28 09:37:40.000000000,100016,316,100003,316,100020,316,99999,416,100028,100,99993,100,100033,100,99988,100,100034,100,99982,100,100077,100,99980,100,100082,100,99969,100,100123,100,99965,100,100125,100,99949,200,100148,100,99945,100
2019-06-28 09:37:43.942016886,100016,316,100003,316,100020,316,99999,416,100028,100,99993,100,100033,100,99988,100,100034,100,99982,100,100077,100,99980,100,100082,100,99969,100,100123,100,99965,100,100125,100,99949,200,100148,100,99945,100
2019-06-28 09:37:50.000000000,100016,208,100003,208,100020,208,99999,308,100028,208,99993,208,100033,208,99988,208,100034,100,99982,100,100077,100,99980,100,100082,100,99969,100,100123,100,99965,100,100125,100,99949,200,100148,100,99945,100
2019-06-28 09:37:51.245271143,100016,208,100003,108,100020,108,99999,308,100028,208,99993,208,100033,208,99988,208,100034,100,99982,100,100077,100,99980,100,100082,100,99969,100,100123,100,99965,100,100125,100,99949,200,100148,100,99945,100
2019-06-28 09:38:00.000000000,100016,532,99999,632,100028,100,99993,100,100033,100,99988,100,100034,100,99982,100,100077,100,99980,100,100082,100,99969,100,100123,100,99965,100,100125,100,99949,200,100148,100,99945,100,100166,100,99943,100
2019-06-28 09:38:10.000000000,100016,316,99999,416,100028,316,99993,316,100033,100,99988,100,100034,100,99982,100,100077,100,99980,100,100082,100,99969,100,100123,100,99965,100,100125,100,99949,200,100148,100,99945,100,100166,100,99943,100
2019-06-28 09:38:15.841498547,100016,316,99999,416,100028,316,99993,316,100033,100,99988,100,100034,100,99982,100,100077,100,99980,100,100082,100,99969,100,100123,100,99965,100,100125,100,99949,200,100148,100,99945,100,100166,100,99943,100
2019-06-28 09:38:20.000000000,100016,532,99999,632,100028,100,99993,100,100033,100,99988,100,100034,100,99982,100,100077,100,99980,100,100082,100,99969,100,100123,100,99965,100,100125,100,99949,200,100148,100,99945,100,100166,100,99943,100
2019-06-28 09:38:21.999119448,100016,532,99999,532,100028,100,99993,100,100033,100,99988,100,100034,100,99982,100,100077,100,99980,100,100082,100,99969,100,100123,100,99965,100,100125,100,99949,200,100148,100,99945,100,100166,100,99943,100
2019-06-28 09:38:22.029121555,100016,532,99999,432,100028,100,99993,100,100033,100,99988,100,100034,100,99982,100,100077,100,99980,100,100082,100,99969,100,100123,100,99965,100,100125,100,99949,200,100148,100,99945,100,100166,100,99943,100
2019-06-28 09:38:30.000000000,100016,316,99993,316,100028,316,99988,316,100033,100,99982,100,100034,100,99980,100,100077,100,99969,100,100082,100,99965,100,100123,100,99949,200,100125,100,99945,100,100148,100,99943,100,100166,100,99940,200
2019-06-28 09:38:34.404121447,100016,316,99993,216,100028,316,99988,316,100033,100,99980,100,100034,100,99969,100,100077,100,99965,100,100082,100,99949,200,100123,100,99945,100,100125,100,99943,100,100148,100,99940,200,100166,100,99907,100
2019-06-28 09:38:40.000000000,100016,208,99988,208,100028,208,99980,208,100033,208,99969,208,100034,208,99965,208,100077,100,99949,200,100082,100,99945,100,100123,100,99943,100,100125,100,99940,200,100148,100,99907,100,100166,100,99904,100
2019-06-28 09:38:50.000000000,100016,532,99988,532,100028,100,99980,100,100033,100,99969,100,100034,100,99965,100,100077,100,99949,200,100082,100,99945,100,100123,100,99943,100,100125,100,99940,200,100148,100,99907,100,100166,100,99904,100
2019-06-28 09:39:00.000000000,100016,208,99988,208,100028,208,99980,208,100033,208,99969,208,100034,208,99965,208,100077,100,99949,200,100082,100,99945,100,100123,100,99943,100,100125,100,99940,200,100148,100,99907,100,100166,100,99904,100
2019-06-28 09:39:10.000000000,100016,316,99988,316,100028,316,99980,316,100033,100,99969,100,100034,100,99965,100,100077,100,99949,200,100082,100,99945,100,100123,100,99943,100,100125,100,99940,200,100148,100,99907,100,100166,100,99904,100
2019-06-28 09:39:12.482849393,100016,316,99988,316,100028,316,99980,316,100033,100,99969,100,100034,100,99965,100,100077,100,99949,200,100082,100,99945,100,100123,100,99943,100,100125,100,99940,200,100148,100,99907,100,100166,100,99904,100
2019-06-28 09:39:20.000000000,100016,532,99988,532,100028,100,99980,100,100033,100,99969,100,100034,100,99965,100,100077,100,99949,200,100082,100,99945,100,100123,100,99943,100,100125,100,99940,200,100148,100,99907,100,100166,100,99904,100
2019-06-28 09:39:24.326480956,100016,532,99988,432,100028,100,99980,100,100033,100,99969,100,100034,100,99965,100,100077,100,99949,200,100082,100,99945,100,100123,100,99943,100,100125,100,99940,200,100148,100,99904,100,100166,100,99881,100
2019-06-28 09:39:30.000000000,100016,186,99980,186,100028,186,99969,186,100033,186,99965,186,100034,186,99949,286,100077,186,99945,186,100082,100,99943,100,100123,100,99940,200,100125,100,99904,100,100148,100,99881,100,100166,100,99872,100
2019-06-28 09:39:35.099224420,100016,186,99980,86,100028,186,99969,186,100033,186,99965,186,100034,186,99949,286,100077,186,99945,186,100082,100,99943,100,100123,100,99940,200,100125,100,99904,100,100148,100,99881,100,100166,100,99872,100
2019-06-28 09:39:40.000000000,100016,316,99969,316,100028,316,99965,316,100033,100,99949,200,100034,100,99945,100,100077,100,99943,100,100082,100,99940,200,100123,100,99904,100,100125,100,99881,100,100148,100,99872,100,100166,100,99861,100
2019-06-28 09:39:49.987822364,100016,316,99969,216,100028,316,99965,316,100033,100,99949,200,100034,100,99945,100,100077,100,99943,100,100082,100,99940,200,100123,100,99904,100,100125,100,99881,100,100148,100,99872,100,100166,100,99861,100
2019-06-28 09:39:50.000000000,100016,532,99965,532,100028,100,99949,200,100033,100,99945,100,100034,100,99943,100,100077,100,99940,200,100082,100,99904,100,100123,100,99881,100,100125,100,99872,100,100148,100,99861,100,100166,100,99754,100
2019-06-28 09:40:00.000000000,100016,186,99965,186,100028,186,99949,286,100033,186,99945,186,100034,186,99943,186,100077,186,99940,286,100082,100,99904,100,100123,100,99881,100,100125,100,99872,100,100148,100,99861,100,100166,100,99754,100
2019-06-28 09:40:00.106066997,100016,186,99965,186,100028,186,99949,186,100033,186,99945,186,100034,186,99943,186,100077,186,99940,286,100082,100,99904,100,100123,100,99881,100,100125,100,99872,100,100148,100,99861,100,100166,100,99754,100
2019-06-28 09:40:10.000000000,100016,247,99965,247,100028,243,99949,243,100033,243,99945,243,100034,100,99943,100,100077,100,99940,200,100082,100,99904,100,100123,100,99881,100,100125,100,99872,100,100148,100,99861,100,100166,100,99754,100
2019-06-28 09:40:16.773958872,99980,100,99965,247,100016,247,99949,243,100028,243,99945,243,100033,243,99943,100,100034,100,99940,200,100077,100,99904,100,100082,100,99881,100,100123,100,99872,100,100125,100,99861,100,100148,100,99754,100
2019-06-28 09:40:20.000000000,99980,208,99965,208,100016,208,99949,208,100028,208,99945,208,100033,208,99943,208,100034,100,99940,200,100077,100,99904,100,100082,100,99881,100,100123,100,99872,100,100125,100,99861,100,100148,100,99754,100
2019-06-28 09:40:26.417948401,99980,208,99965,108,100016,208,99949,108,100028,208,99945,208,100033,208,99943,208,100034,100,99940,200,100077,100,99904,100,100082,100,99881,100,100123,100,99872,100,100125,100,99861,100,100148,100,99754,100
2019-06-28 09:40:30.000000000,99980,247,99945,247,100016,243,99943,243,100028,243,99940,343,100033,100,99904,100,100034,100,99881,100,100077,100,99872,100,100082,100,99861,100,100123,100,99754,100,100125,100,99704,100,100148,100,99641,100
2019-06-28 09:40:40.000000000,99980,208,99945,208,100016,208,99943,208,100028,208,99940,308,100033,208,99904,208,100034,100,99881,100,100077,100,99872,100,100082,100,99861,100,100123,100,99754,100,100125,100,99704,100,100148,100,99641,100
2019-06-28 09:40:40.072075250,99980,208,99945,208,100016,208,99943,208,100028,208,99940,308,100033,208,99904,208,100034,100,99881,100,100077,100,99872,100,100082,100,99861,100,100123,100,99754,100,100125,100,99704,100,100148,100,99610,100
2019-06-28 09:40:50.000000000,99980,186,99945,186,100016,186,99943,186,100028,186,99940,286,100033,186,99904,186,100034,186,99881,186,100077,100,99872,100,100082,100,99861,100,100123,100,99754,100,100125,100,99704,100,100148,100,99610,100
2019-06-28 09:41:00.000000000,99980,208,99945,208,100016,208,99943,208,100028,208,99940,308,100033,208,99904,208,100034,100,99881,100,100077,100,99872,100,100082,100,99861,100,100123,100,99754,100,100125,100,99704,100,100148,100,99610,100
2019-06-28 09:41:02.664396567,99980,208,99945,208,100016,208,99943,208,100028,208,99940,308,100033,208,99904,208,100034,100,99881,100,100077,100,99872,100,100082,100,99861,100,100123,100,99754,100,100125,100,99704,100,100148,100,99610,100
2019-06-28 09:41:10.000000000,99980,247,99945,247,100016,243,99943,243,100028,243,99940,343,100033,100,99904,100,100034,100,99881,100,100077,100,99872,100,100082,100,99861,100,100123,100,99754,100,100125,100,99704,100,100148,100,99610,100
2019-06-28 09:41:20.000000000,99980,316,99945,316,100016,316,99943,316,100028,100,99940,200,100033,100,99904,100,100034,100,99881,100,100077,100,99872,100,100082,100,99861,100,100123,100,99754,100,100125,100,99704,100,100148,100,99610,100
2019-06-28 09:41:25.494947153,99980,316,99945,316,100016,316,99943,316,100028,100,99940,200,100033,100,99904,100,100034,100,99881,100,100077,100,99872,100,100082,100,99861,100,100123,100,99754,100,100125,100,99704,100,100148,100,99610,100
2019-06-28 09:41:30.000000000,99980,247,99945,247,100016,243,99943,243,100028,243,99940,343,100033,100,99904,100,100034,100,99881,100,100077,100,99872,100,100082,100,99861,100,100123,100,99754,100,100125,100,99704,100,100148,100,99610,100
2019-06-28 09:41:38.506095519,99980,247,99945,147,100016,243,99943,243,100028,243,99940,343,100033,100,99904,100,100034,100,99881,100,100077,100,99872,100,100082,100,99861,100,100123,100,99754,100,100125,100,99704,100,100148,100,99610,100
2019-06-28 09:41:38.776418045,99980,247,99945,47,100016,243,99943,243,100028,243,99940,343,100033,100,99904,100,100034,100,99881,100,100077,100,99872,100,100082,100,99861,100,100123,100,99754,100,100125,100,99704,100,100148,100,99610,100
2019-06-28 09:41:40.000000000,99980,532,99943,532,100016,100,99940,200,100028,100,99904,100,100033,100,99881,100,100034,100,99872,100,100077,100,99861,100,100082,100,99754,100,100123,100,99704,100,100125,100,99610,100,100148,100,99590,100
2019-06-28 09:41:46.099235711,99945,100,99943,532,99980,532,99940,200,100016,100,99904,100,100028,100,99881,100,100033,100,99872,100,100034,100,99861,100,100077,100,99754,100,100082,100,99704,100,100123,100,99610,100,100125,100,99590,100
2019-06-28 09:41:50.000000000,99945,186,99943,186,99980,186,99940,286,100016,186,99904,186,100028,186,99881,186,100033,186,99872,186,100034,100,99861,100,100077,100,99754,100,100082,100,99704,100,100123,100,99610,100,100125,100,99590,100
2019-06-28 09:42:00.000000000,99945,532,99943,532,99980,100,99940,200,100016,100,99904,100,100028,100,99881,100,100033,100,99872,100,100034,100,99861,100,100077,100,99754,100,100082,100,99704,100,100123,100,99610,100,100125,100,99590,100
2019-06-28 09:42:10.000000000,99945,186,99943,186,99980,186,99940,286,100016,186,99904,186,100028,186,99881,186,100033,186,99872,186,100034,100,99861,100,100077,100,99754,100,100082,100,99704,100,100123,100,99610,100,100125,100,99590,100
2019-06-28 09:42:10.481004577,99945,186,99943,186,99980,186,99940,286,100016,186,99904,186,100028,186,99881,186,100033,186,99872,186,100034,100,99861,100,100077,100,99754,100,100082,100,99704,100,100123,100,99610,100,100125,100,99590,100
2019-06-28 09:42:20.000000000,99945,247,99943,247,99980,243,99940,343,100016,243,99904,243,100028,100,99881,100,100033,100,99872,100,100034,100,99861,100,100077,100,99754,100,100082,100,99704,100,100123,100,99610,100,100125,100,99590,100
2019-06-28 09:42:22.158279081,99945,347,99943,247,99980,243,99940,343,100016,243,99904,243,100028,100,99881,100,100033,100,99872,100,100034,100,99861,100,100082,100,99754,100,100123,100,99704,100,100125,100,99610,100,100148,100,99590,100
2019-06-28 09:42:30.000000000,99945,416,99943,316,99980,316,99940,416,100016,100,99904,100,100028,100,99881,100,100033,100,99872,100,100034,100,99861,100,100082,100,99754,100,100123,100,99704,100,100125,100,99610,100,100148,100,99590,100
2019-06-28 09:42:40.000000000,99945,416,99943,316,99980,316,99940,416,100016,100,99904,100,100028,100,99881,100,100033,100,99872,100,100034,100,99861,100,100082,100,99754,100,100123,100,99704,100,100125,100,99610,100,100148,100,99590,100
2019-06-28 09:42:47.842220414,99945,516,99943,316,99980,316,99940,416,100016,100,99904,100,100028,100,99881,100,100033,100,99872,100,100034,100,99861,100,100082,100,99754,100,100123,100,99704,100,100125,100,99610,100,100148,100,99590,100
2019-06-28 09:42:50.000000000,99945,408,99943,208,99980,208,99940,308,100016,208,99904,208,100028,208,99881,208,100033,100,99872,100,100034,100,99861,100,100082,100,99754,100,100123,100,99704,100,100125,100,99610,100,100148,100,99590,100
2019-06-28 09:43:00.000000000,99945,386,99943,186,99980,186,99940,286,100016,186,99904,186,100028,186,99881,186,100033,186,99872,186,100034,100,99861,100,100082,100,99754,100,100123,100,99704,100,100125,100,99610,100,100148,100,99590,100
2019-06-28 09:43:09.298848592,99945,386,99943,186,99980,186,99940,286,100016,186,99904,186,100028,186,99881,186,100033,186,99872,186,100034,100,99861,100,100082,100,99754,100,100123,100,99704,100,100125,100,99610,100,100148,100,99590,100
2019-06-28 09:43:10.000000000,99945,516,99943,316,99980,316,99940,416,100016,100,99904,100,100028,100,99881,100,100033,100,99872,100,100034,100,99861,100,100082,100,99754,100,100123,100,99704,100,100125,100,99610,100,100148,100,99590,100
2019-06-28 09:43:20.000000000,99945,516,99943,316,99980,316,99940,416,100016,100,99904,100,100028,100,99881,100,100033,100,99872,100,100034,100,99861,100,100082,100,99754,100,100123,100,99704,100,100125,100,99610,100,100148,100,99590,100
2019-06-28 09:43:30.000000000,99945,732,99943,532,99980,100,99940,200,100016,100,99904,100,100028,100,99881,100,100033,100,99872,100,100034,100,99861,100,100082,100,99754,100,100123,100,99704,100,100125,100,99610,100,100148,100,99590,100
2019-06-28 09:43:32.638619331,99945,732,99943,432,99980,100,99940,200,100016,100,99904,100,100028,100,99881,100,100033,100,99872,100,100034,100,99861,100,100082,100,99754,100,100123,100,99704,100,100125,100,99610,100,100148,100,99590,100
2019-06-28 09:43:35.184992600,99945,732,99943,332,99980,100,99940,200,100016,100,99904,100,100028,100,99881,100,100033,100,99872,100,100034,100,99861,100,100082,100,99754,100,100123,100,99704,100,100125,100,99610,100,100148,100,99590,100
2019-06-28 09:43:40.000000000,99945,408,99940,308,99980,208,99904,208,100016,208,99881,208,100028,208,99872,208,100033,100,99861,100,100034,100,99754,100,100082,100,99704,100,100123,100,99610,100,100125,100,99590,100,100148,100,99430,100
2019-06-28 09:43:50.000000000,99945,408,99940,308,99980,208,99904,208,100016,208,99881,208,100028,208,99872,208,100033,100,99861,100,100034,100,99754,100,100082,100,99704,100,100123,100,99610,100,100125,100,99590,100,100148,100,99430,100
2019-06-28 09:43:50.047617729,99943,100,99940,308,99945,408,99904,208,99980,208,99881,208,100016,208,99872,208,100028,208,99861,100,100033,100,99754,100,100034,100,99704,100,100082,100,99610,100,100123,100,99590,100,100125,100,99430,100
2019-06-28 09:44:00.000000000,99943,532,99940,632,99945,300,99904,100,99980,100,99881,100,100016,100,99872,100,100028,100,99861,100,100033,100,99754,100,100034,100,99704,100,100082,100,99610,100,100123,100,99590,100,100125,100,99430,100
2019-06-28 09:44:10.000000000,99943,247,99940,347,99945,443,99904,243,99980,243,99881,243,100016,100,99872,100,100028,100,99861,100,100033,100,99754,100,100034,100,99704,100,100082,100,99610,100,100123,100,99590,100,100125,100,99430,100
2019-06-28 09:44:20.000000000,99943,316,99940,416,99945,516,99904,316,99980,100,99881,100,100016,100,99872,100,100028,100,99861,100,100033,100,99754,100,100034,100,99704,100,100082,100,99610,100,100123,100,99590,100,100125,100,99430,100
2019-06-28 09:44:30.000000000,99943,247,99940,347,99945,443,99904,243,99980,243,99881,243,100016,100,99872,100,100028,100,99861,100,100033,100,99754,100,100034,100,99704,100,100082,100,99610,100,100123,100,99590,100,100125,100,99430,100
2019-06-28 09:44:36.654970247,99943,247,99940,247,99945,443,99904,243,99980,243,99881,243,100016,100,99872,100,100028,100,99861,100,100033,100,99754,100,100034,100,99704,100,100082,100,99610,100,100123,100,99590,100,100125,100,99430,100
2019-06-28 09:44:40.000000000,99943,247,99940,247,99945,443,99904,243,99980,243,99881,243,100016,100,99872,100,100028,100,99861,100,100033,100,99754,100,100034,100,99704,100,100082,100,99610,100,100123,100,99590,100,100125,100,99430,100
2019-06-28 09:44:50.000000000,99943,316,99940,316,99945,516,99904,316,99980,100,99881,100,100016,100,99872,100,100028,100,99861,100,100033,100,99754,100,100034,100,99704,100,100082,100,99610,100,100123,100,99590,100,100125,100,99430,100
2019-06-28 09:44:59.314611314,99942,100,99940,316,99943,316,99904,316,99945,516,99881,100,99980,100,99872,100,100016,100,99861,100,100028,100,99754,100,100033,100,99704,100,100034,100,99610,100,100082,100,99590,100,100123,100,99430,100
2019-06-28 09:45:00.000000000,99942,532,99940,532,99943,100,99904,100,99945,300,99881,100,99980,100,99872,100,100016,100,99861,100,100028,100,99754,100,100033,100,99704,100,100034,100,99610,100,100082,100,99590,100,100123,100,99430,100
2019-06-28 09:45:10.000000000,99942,186,99940,186,99943,186,99904,186,99945,386,99881,186,99980,186,99872,186,100016,186,99861,186,100028,100,99754,100,100033,100,99704,100,100034,100,99610,100,100082,100,99590,100,100123,100,99430,100
2019-06-28 09:45:13.795020058,99942,286,99940,186,99943,186,99904,186,99945,386,99881,186,99980,186,99872,186,100016,186,99861,186,100028,100,99754,100,100033,100,99704,100,100034,100,99610,100,100082,100,99590,100,100123,100,99430,100
2019-06-28 09:45:20.000000000,99942,347,99940,247,99943,243,99904,243,99945,443,99881,243,99980,100,99872,100,100016,100,99861,100,100028,100,99754,100,100033,100,99704,100,100034,100,99610,100,100082,100,99590,100,100123,100,99430,100
2019-06-28 09:45:22.725829716,99942,447,99940,247,99943,243,99904,243,99945,443,99881,243,99980,100,99872,100,100016,100,99861,100,100028,100,99754,100,100033,100,99704,100,100034,100,99610,100,100082,100,99590,100,100123,100,99430,100
2019-06-28 09:45:26.696274734,99942,447,99940,247,99943,243,99904,243,99945,443,99881,243,99980,100,99872,100,100016,100,99861,100,100028,100,99754,100,100033,100,99704,100,100034,100,99662,100,100123,100,99610,100,100125,100,99590,100
2019-06-28 09:45:30.000000000,99942,447,99940,247,99943,243,99904,243,99945,443,99881,243,99980,100,99872,100,100016,100,99861,100,100028,100,99754,100,100033,100,99704,100,100034,100,99662,100,100123,100,99610,100,100125,100,99590,100
2019-06-28 09:45:40.000000000,99942,516,99940,316,99943,316,99904,316,99945,300,99881,100,99980,100,99872,100,100016,100,99861,100,100028,100,99754,100,100033,100,99704,100,100034,100,99662,100,100123,100,99610,100,100125,100,99590,100
2019-06-28 09:45:50.000000000,99942,408,99940,208,99943,208,99904,208,99945,408,99881,208,99980,208,99872,208,100016,100,99861,100,100028,100,99754,100,100033,100,99704,100,100034,100,99662,100,100123,100,99610,100,100125,100,99590,100
2019-06-28 09:46:00.000000000,99942,447,99940,247,99943,243,99904,243,99945,443,99881,243,99980,100,99872,100,100016,100,99861,100,100028,100,99754,100,100033,100,99704,100,100034,100,99662,100,100123,100,99610,100,100125,100,99590,100
2019-06-28 09:46:09.597129957,99942,447,99940,247,99943,243,99904,243,99945,443,99881,243,99980,100,99872,100,100016,100,99861,100,100028,100,99754,100,100033,100,99704,100,100034,100,99662,100,100123,100,99610,100,100125,100,99590,100
2019-06-28 09:46:10.000000000,99942,408,99940,208,99943,208,99904,208,99945,408,99881,208,99980,208,99872,208,100016,100,99861,100,100028,100,99754,100,100033,100,99704,100,100034,100,99662,100,100123,100,99610,100,100125,100,99590,100
2019-06-28 09:46:20.000000000,99942,447,99940,247,99943,243,99904,243,99945,443,99881,243,99980,100,99872,100,100016,100,99861,100,100028,100,99754,100,100033,100,99704,100,100034,100,99662,100,100123,100,99610,100,100125,100,99590,100
2019-06-28 09:46:25.470204886,99942,547,99940,247,99943,243,99904,243,99945,443,99881,243,99980,100,99872,100,100016,100,99861,100,100028,100,99754,100,100033,100,99704,100,100034,100,99662,100,100123,100,99610,100,100125,100,99590,100
2019-06-28 09:46:30.000000000,99942,486,99940,186,99943,186,99904,186,99945,386,99881,186,99980,186,99872,186,100016,186,99861,186,100028,100,99754,100,100033,100,99704,100,100034,100,99662,100,100123,100,99610,100,100125,100,99590,100
2019-06-28 09:46:34.729861341,99942,486,99940,186,99943,186,99904,186,99945,386,99881,186,99980,186,99872,186,100016,186,99861,186,100028,100,99754,100,100033,100,99704,100,100034,100,99662,100,100123,100,99610,100,100125,100,99590,100
2019-06-28 09:46:40.000000000,99942,508,99940,208,99943,208,99904,208,99945,408,99881,208,99980,208,99872,208,100016,100,99861,100,100028,100,99754,100,100033,100,99704,100,100034,100,99662,100,100123,100,99610,100,100125,100,99590,100
2019-06-28 09:46:50.000000000,99942,832,99940,532,99943,100,99904,100,99945,300,99881,100,99980,100,99872,100,100016,100,99861,100,100028,100,99754,100,100033,100,99704,100,100034,100,99662,100,100123,100,99610,100,100125,100,99590,100
2019-06-28 09:46:59.816571109,99942,832,99940,432,99943,100,99904,100,99945,300,99881,100,99980,100,99872,100,100016,100,99861,100,100028,100,99754,100,100033,100,99704,100,100034,100,99662,100,100123,100,99610,100,100125,100,99590,100
2019-06-28 09:47:00.000000000,99942,616,99904,316,99943,316,99881,316,99945,300,99872,100,99980,100,99861,100,100016,100,99754,100,100028,100,99704,100,100033,100,99662,100,100034,100,99610,100,100123,100,99590,100,100125,100,99430,100
2019-06-28 09:47:04.075070554,99942,616,99904,316,99943,316,99881,316,99945,300,99872,100,99980,100,99861,100,100016,100,99776,100,100028,100,99754,100,100033,100,99704,100,100034,100,99662,100,100123,100,99610,100,100125,100,99590,100
2019-06-28 09:47:10.000000000,99942,486,99904,186,99943,186,99881,186,99945,386,99872,186,99980,186,99861,186,100016,186,99776,186,100028,100,99754,100,100033,100,99704,100,100034,100,99662,100,100123,100,99610,100,100125,100,99590,100
2019-06-28 09:47:16.749198188,99942,486,99904,86,99943,186,99881,186,99945,386,99872,186,99980,186,99861,186,100016,186,99776,186,100028,100,99754,100,100033,100,99704,100,100034,100,99662,100,100123,100,99610,100,100125,100,99590,100
2019-06-28 09:47:20.000000000,99942,832,99881,532,99943,100,99872,100,99945,300,99861,100,99980,100,99776,100,100016,100,99754,100,100028,100,99704,100,100033,100,99662,100,100034,100,99610,100,100123,100,99590,100,100125,100,99430,100
2019-06-28 09:47:30.000000000,99942,486,99881,186,99943,186,99872,186,99945,386,99861,186,99980,186,99776,186,100016,186,99754,186,100028,100,99704,100,100033,100,99662,100,100034,100,99610,100,100123,100,99590,100,100125,100,99430,100
2019-06-28 09:47:37.477189704,99928,100,99881,186,99942,486,99872,186,99943,186,99861,186,99945,386,99776,186,99980,186,99754,186,100016,186,99704,100,100028,100,99662,100,100033,100,99610,100,100034,100,99590,100,100123,100,99430,100
2019-06-28 09:47:40.000000000,99928,186,99881,186,99942,486,99872,186,99943,186,99861,186,99945,386,99776,186,99980,186,99754,186,100016,100,99704,100,100028,100,99662,100,100033,100,99610,100,100034,100,99590,100,100123,100,99430,100
2019-06-28 09:47:50.000000000,99928,316,99881,316,99942,616,99872,316,99943,100,99861,100,99945,300,99776,100,99980,100,99754,100,100016,100,99704,100,100028,100,99662,100,100033,100,99610,100,100034,100,99590,100,100123,100,99430,100
2019-06-28 09:47:52.817785443,99928,316,99881,216,99942,616,99872,316,99943,100,99861,100,99945,300,99776,100,99980,100,99754,100,100016,100,99704,100,100028,100,99662,100,100033,100,99610,100,100034,100,99590,100,100123,100,99430,100
2019-06-28 09:48:00.000000000,99928,532,99872,532,99942,400,99861,100,99943,100,99776,100,99945,300,99754,100,99980,100,99704,100,100016,100,99662,100,100028,100,99610,100,100033,100,99590,100,100034,100,99430,100,100123,100,99354,100
2019-06-28 09:48:10.000000000,99928,186,99872,186,99942,486,99861,186,99943,186,99776,186,99945,386,99754,186,99980,186,99704,186,100016,100,99662,100,100028,100,99610,100,100033,100,99590,100,100034,100,99430,100,100123,100,99354,100
2019-06-28 09:48:20.000000000,99928,208,99872,208,99942,508,99861,208,99943,208,99776,208,99945,408,99754,208,99980,100,99704,100,100016,100,99662,100,100028,100,99610,100,100033,100,99590,100,100034,100,99430,100,100123,100,99354,100
2019-06-28 09:48:26.410443034,99928,208,99872,208,99942,508,99861,208,99943,208,99776,208,99945,408,99754,208,99980,100,99704,100,100016,100,99662,100,100028,100,99610,100,100034,100,99590,100,100123,100,99430,100,100125,100,99354,100
2019-06-28 09:48:30.000000000,99928,208,99872,208,99942,508,99861,208,99943,208,99776,208,99945,408,99754,208,99980,100,99704,100,100016,100,99662,100,100028,100,99610,100,100034,100,99590,100,100123,100,99430,100,100125,100,99354,100
2019-06-28 09:48:40.000000000,99928,247,99872,247,99942,543,99861,243,99943,243,99776,243,99945,300,99754,100,99980,100,99704,100,100016,100,99662,100,100028,100,99610,100,100034,100,99590,100,100123,100,99430,100,100125,100,99354,100
2019-06-28 09:48:50.000000000,99928,186,99872,186,99942,486,99861,186,99943,186,99776,186,99945,386,99754,186,99980,186,99704,186,100016,100,99662,100,100028,100,99610,100,100034,100,99590,100,100123,100,99430,100,100125,100,99354,100
2019-06-28 09:49:00.000000000,99928,532,99872,532,99942,400,99861,100,99943,100,99776,100,99945,300,99754,100,99980,100,99704,100,100016,100,99662,100,100028,100,99610,100,100034,100,99590,100,100123,100,99430,100,100125,100,99354,100
2019-06-28 09:49:05.518072701,99928,532,99872,532,99938,100,99861,100,99942,400,99776,100,99943,100,99754,100,99945,300,99704,100,99980,100,99662,100,100016,100,99610,100,100028,100,99590,100,100034,100,99430,100,100123,100,99354,100
2019-06-28 09:49:10.000000000,99928,186,99872,186,99938,186,99861,186,99942,486,99776,186,99943,186,99754,186,99945,386,99704,186,99980,100,99662,100,100016,100,99610,100,100028,100,99590,100,100034,100,99430,100,100123,100,99354,100
2019-06-28 09:49:20.000000000,99928,316,99872,316,99938,316,99861,316,99942,400,99776,100,99943,100,99754,100,99945,300,99704,100,99980,100,99662,100,100016,100,99610,100,100028,100,99590,100,100034,100,99430,100,100123,100,99354,100
2019-06-28 09:49:24.537045449,99928,316,99872,216,99938,316,99861,316,99942,400,99776,100,99943,100,99754,100,99945,300,99704,100,99980,100,99662,100,100016,100,99610,100,100028,100,99590,100,100034,100,99430,100,100123,100,99354,100
2019-06-28 09:49:30.000000000,99928,316,99861,316,99938,316,99776,316,99942,400,99754,100,99943,100,99704,100,99945,300,99662,100,99980,100,99610,100,100016,100,99590,100,100028,100,99430,100,100034,100,99354,100,100123,100,99268,100
2019-06-28 09:49:40.000000000,99928,247,99861,247,99938,243,99776,243,99942,543,99754,243,99943,100,99704,100,99945,300,99662,100,99980,100,99610,100,100016,100,99590,100,100028,100,99430,100,100034,100,99354,100,100123,100,99268,100
2019-06-28 09:49:46.542772240,99928,247,99861,247,99938,243,99776,343,99942,543,99754,243,99943,100,99704,100,99945,300,99662,100,99980,100,99610,100,100028,100,99590,100,100034,100,99430,100,100123,100,99354,100,100125,100,99268,100
2019-06-28 09:49:50.000000000,99928,208,99861,208,99938,208,99776,308,99942,508,99754,208,99943,208,99704,208,99945,300,99662,100,99980,100,99610,100,100028,100,99590,100,100034,100,99430,100,100123,100,99354,100,100125,100,99268,100
2019-06-28 09:49:53.477306441,99928,208,99861,108,99938,208,99776,308,99942,508,99754,208,99943,208,99704,208,99945,300,99662,100,99980,100,99610,100,100028,100,99590,100,100034,100,99430,100,100048,100,99354,100,100123,100,99268,100
2019-06-28 09:50:00.000000000,99928,247,99776,347,99938,243,99754,243,99942,543,99704,243,99943,100,99662,100,99945,300,99610,100,99980,100,99590,100,100028,100,99430,100,100034,100,99354,100,100048,100,99268,100,100123,100,99254,100
2019-06-28 09:50:10.000000000,99928,208,99776,308,99938,208,99754,208,99942,508,99704,208,99943,208,99662,208,99945,300,99610,100,99980,100,99590,100,100028,100,99430,100,100034,100,99354,100,100048,100,99268,100,100123,100,99254,100
2019-06-28 09:50:20.000000000,99928,316,99776,416,99938,316,99754,316,99942,400,99704,100,99943,100,99662,100,99945,300,99610,100,99980,100,99590,100,100028,100,99430,100,100034,100,99354,100,100048,100,99268,100,100123,100,99254,100
2019-06-28 09:50:20.957196792,99928,316,99776,316,99938,316,99754,316,99942,400,99704,100,99943,100,99662,100,99945,300,99610,100,99980,100,99590,100,100028,100,99430,100,100034,100,99354,100,100048,100,99268,100,100123,100,99254,100
2019-06-28 09:50:30.000000000,99928,532,99776,532,99938,100,99754,100,99942,400,99704,100,99943,100,99662,100,99945,300,99610,100,99980,100,99590,100,100028,100,99430,100,100034,100,99354,100,100048,100,99268,100,100123,100,99254,100
2019-06-28 09:50:40.000000000,99928,316,99776,316,99938,316,99754,316,99942,400,99704,100,99943,100,99662,100,99945,300,99610,100,99980,100,99590,100,100028,100,99430,100,100034,100,99354,100,100048,100,99268,100,100123,100,99254,100
2019-06-28 09:50:46.247637696,99928,316,99835,100,99938,316,99776,316,99942,400,99754,316,99943,100,99704,100,99945,300,99662,100,99980,100,99610,100,100028,100,99590,100,100034,100,99430,100,100048,100,99354,100,100123,100,99268,100
2019-06-28 09:50:50.000000000,99928,186,99835,186,99938,186,99776,186,99942,486,99754,186,99943,186,99704,186,99945,386,99662,186,99980,100,99610,100,100028,100,99590,100,100034,100,99430,100,100048,100,99354,100,100123,100,99268,100
2019-06-28 09:50:50.989026921,99928,186,99835,186,99938,186,99776,186,99942,486,99754,186,99943,186,99704,186,99945,386,99662,186,99980,100,99610,100,99984,100,99590,100,100028,100,99430,100,100034,100,99354,100,100048,100,99268,100
2019-06-28 09:50:58.037424288,99872,100,99835,186,99928,186,99776,186,99938,186,99754,186,99942,386,99704,186,99943,186,99662,186,99945,386,99610,100,99980,100,99590,100,99984,100,99430,100,100028,100,99354,100,100034,100,99268,100
2019-06-28 09:51:00.000000000,99872,316,99835,316,99928,316,99776,316,99938,100,99754,100,99942,300,99704,100,99943,100,99662,100,99945,300,99610,100,99980,100,99590,100,99984,100,99430,100,100028,100,99354,100,100034,100,99268,100
2019-06-28 09:51:10.000000000,99872,186,99835,186,99928,186,99776,186,99938,186,99754,186,99942,386,99704,186,99943,186,99662,186,99945,300,99610,100,99980,100,99590,100,99984,100,99430,100,100028,100,99354,100,100034,100,99268,100
2019-06-28 09:51:18.915630976,99872,186,99835,186,99928,186,99776,186,99938,186,99754,186,99942,386,99704,186,99943,186,99662,186,99945,300,99610,100,99980,100,99590,100,99984,100,99430,100,100028,100,99354,100,100034,100,99268,100
2019-06-28 09:51:20.000000000,99872,208,99835,208,99928,208,99776,208,99938,208,99754,208,99942,408,99704,208,99943,100,99662,100,99945,300,99610,100,99980,100,99590,100,99984,100,99430,100,100028,100,99354,100,100034,100,99268,100
2019-06-28 09:51:30.000000000,99872,186,99835,186,99928,186,99776,186,99938,186,99754,186,99942,386,99704,186,99943,186,99662,186,99945,300,99610,100,99980,100,99590,100,99984,100,99430,100,100028,100,99354,100,100034,100,99268,100
2019-06-28 09:51:35.875670295,99872,86,99835,186,99928,186,99776,186,99938,186,99754,186,99942,386,99704,186,99943,186,99662,186,99945,300,99610,100,99984,100,99590,100,100028,100,99430,100,100034,100,99354,100,100048,100,99268,100
2019-06-28 09:51:40.000000000,99928,247,99835,247,99938,243,99776,243,99942,443,99754,243,99943,100,99704,100,99945,300,99662,100,99984,100,99610,100,100028,100,99590,100,100034,100,99430,100,100048,100,99354,100,100125,100,99268,100
2019-06-28 09:51:46.054785232,99928,247,99862,100,99938,243,99835,247,99942,443,99776,243,99943,100,99754,243,99945,200,99704,100,99984,100,99662,100,100028,100,99610,100,100034,100,99590,100,100048,100,99430,100,100125,100,99354,100
2019-06-28 09:51:50.000000000,99928,316,99862,316,99938,316,99835,316,99942,300,99776,100,99943,100,99754,100,99945,200,99704,100,99984,100,99662,100,100028,100,99610,100,100034,100,99590,100,100048,100,99430,100,100125,100,99354,100
2019-06-28 09:51:59.279884517,99928,216,99862,316,99938,316,99835,316,99942,300,99776,100,99943,100,99754,100,99945,200,99704,100,99984,100,99662,100,100028,100,99610,100,100034,100,99590,100,100048,100,99430,100,100125,100,99354,100
2019-06-28 09:52:00.000000000,99938,208,99862,208,99942,408,99835,208,99943,208,99776,208,99945,308,99754,208,99984,100,99704,100,100028,100,99662,100,100034,100,99610,100,100048,100,99590,100,100125,100,99430,100,100166,100,99354,100
2019-06-28 09:52:10.000000000,99938,247,99862,247,99942,443,99835,243,99943,243,99776,243,99945,200,99754,100,99984,100,99704,100,100028,100,99662,100,100034,100,99610,100,100048,100,99590,100,100125,100,99430,100,100166,100,99354,100
2019-06-28 09:52:11.717776603,99938,247,99862,247,99942,343,99835,243,99943,243,99776,243,99945,200,99754,100,99984,100,99704,100,100028,100,99662,100,100034,100,99610,100,100048,100,99590,100,100125,100,99430,100,100166,100,99354,100
2019-06-28 09:52:20.000000000,99938,186,99862,186,99942,286,99835,186,99943,186,99776,186,99945,286,99754,186,99984,186,99704,186,100028,100,99662,100,100034,100,99610,100,100048,100,99590,100,100125,100,99430,100,100166,100,99354,100
2019-06-28 09:52:25.125379378,99938,186,99862,186,99942,286,99835,186,99943,186,99776,186,99945,286,99754,186,99984,186,99704,186,100028,100,99662,100,100034,100,99610,100,100048,100,99590,100,100125,100,99430,100,100166,100,99354,100
2019-06-28 09:52:30.000000000,99938,208,99862,208,99942,308,99835,208,99943,208,99776,208,99945,308,99754,208,99984,100,99704,100,100028,100,99662,100,100034,100,99610,100,100048,100,99590,100,100125,100,99430,100,100166,100,99354,100
2019-06-28 09:52:39.064149310,99938,208,99872,100,99942,308,99862,208,99943,208,99835,208,99945,308,99776,208,99984,100,99754,208,100028,100,99704,100,100034,100,99662,100,100048,100,99610,100,100125,100,99590,100,100166,100,99430,100
2019-06-28 09:52:40.000000000,99938,186,99872,186,99942,286,99862,186,99943,186,99835,186,99945,286,99776,186,99984,186,99754,186,100028,100,99704,100,100034,100,99662,100,100048,100,99610,100,100125,100,99590,100,100166,100,99430,100
2019-06-28 09:52:50.000000000,99938,532,99872,532,99942,200,99862,100,99943,100,99835,100,99945,200,99776,100,99984,100,99754,100,100028,100,99704,100,100034,100,99662,100,100048,100,99610,100,100125,100,99590,100,100166,100,99430,100
2019-06-28 09:52:56.047166389,99938,532,99872,532,99942,200,99862,100,99943,100,99835,100,99945,200,99776,100,99984,100,99754,100,100028,100,99704,100,100034,100,99662,100,100048,100,99610,100,100125,100,99590,100,100166,100,99430,100
2019-06-28 09:53:00.000000000,99938,316,99872,316,99942,416,99862,316,99943,100,99835,100,99945,200,99776,100,99984,100,99754,100,100028,100,99704,100,100034,100,99662,100,100048,100,99610,100,100125,100,99590,100,100166,100,99430,100
2019-06-28 09:53:00.916435809,99938,216,99872,316,99942,416,99862,316,99943,100,99835,100,99945,200,99776,100,99984,100,99754,100,100028,100,99704,100,100034,100,99662,100,100048,100,99610,100,100125,100,99590,100,100166,100,99430,100
2019-06-28 09:53:02.229243629,99938,216,99928,100,99942,416,99872,316,99943,100,99862,316,99945,200,99835,100,99984,100,99776,100,100028,100,99754,100,100034,100,99704,100,100048,100,99662,100,100125,100,99610,100,100166,100,99590,100
2019-06-28 09:53:10.000000000,99942,347,99928,247,99943,243,99872,243,99945,343,99862,243,99984,100,99835,100,100028,100,99776,100,100034,100,99754,100,100048,100,99704,100,100125,100,99662,100,100166,100,99610,100,100257,100,99590,100
2019-06-28 09:53:20.000000000,99942,416,99928,316,99943,316,99872,316,99945,200,99862,100,99984,100,99835,100,100028,100,99776,100,100034,100,99754,100,100048,100,99704,100,100125,100,99662,100,100166,100,99610,100,100257,100,99590,100
2019-06-28 09:53:20.553788105,99942,416,99928,316,99943,316,99872,316,99945,200,99862,100,99984,100,99835,100,100024,100,99776,100,100028,100,99754,100,100034,100,99704,100,100048,100,99662,100,100125,100,99610,100,100166,100,99590,100
2019-06-28 09:53:30.000000000,99942,632,99928,532,99943,100,99872,100,99945,200,99862,100,99984,100,99835,100,100024,100,99776,100,100028,100,99754,100,100034,100,99704,100,100048,100,99662,100,100125,100,99610,100,100166,100,99590,100
2019-06-28 09:53:40.000000000,99942,416,99928,316,99943,316,99872,316,99945,200,99862,100,99984,100,99835,100,100024,100,99776,100,100028,100,99754,100,100034,100,99704,100,100048,100,99662,100,100125,100,99610,100,100166,100,99590,100
2019-06-28 09:53:50.000000000,99942,286,99928,186,99943,186,99872,186,99945,286,99862,186,99984,186,99835,186,100024,186,99776,186,100028,100,99754,100,100034,100,99704,100,100048,100,99662,100,100125,100,99610,100,100166,100,99590,100
2019-06-28 09:53:55.468460874,99942,286,99928,86,99943,186,99872,186,99945,286,99862,186,99984,186,99835,186,100024,186,99776,186,100028,100,99754,100,100034,100,99704,100,100048,100,99662,100,100125,100,99610,100,100166,100,99590,100
2019-06-28 09:54:00.000000000,99942,632,99872,532,99943,100,99862,100,99945,200,99835,100,99984,100,99776,100,100024,100,99754,100,100028,100,99704,100,100034,100,99662,100,100048,100,99610,100,100125,100,99590,100,100166,100,99430,100
2019-06-28 09:54:02.022146974,99942,632,99907,100,99943,100,99872,532,99945,200,99862,100,99984,100,99835,100,100024,100,99776,100,100028,100,99754,100,100034,100,99704,100,100048,100,99662,100,100125,100,99610,100,100166,100,99590,100
2019-06-28 09:54:03.810996819,99942,632,99872,532,99943,100,99862,100,99945,200,99835,100,99984,100,99776,100,100024,100,99754,100,100028,100,99704,100,100034,100,99662,100,100048,100,99610,100,100125,100,99590,100,100166,100,99430,100
2019-06-28 09:54:05.089031974,99942,632,99872,432,99943,100,99862,100,99945,200,99835,100,99984,100,99776,100,100024,100,99754,100,100028,100,99704,100,100034,100,99662,100,100048,100,99610,100,100125,100,99590,100,100166,100,99430,100
2019-06-28 09:54:09.232247233,99942,632,99872,332,99943,100,99862,100,99945,200,99835,100,99984,100,99776,100,100024,100,99754,100,100028,100,99704,100,100034,100,99662,100,100048,100,99610,100,100125,100,99590,100,100166,100,99430,100
2019-06-28 09:54:10.000000000,99942,347,99862,247,99943,243,99835,243,99945,343,99776,243,99984,100,99754,100,100024,100,99704,100,100028,100,99662,100,100034,100,99610,100,100048,100,99590,100,100125,100,99430,100,100166,100,99173,100
2019-06-28 09:54:10.343116828,99942,347,99862,247,99943,143,99835,243,99945,343,99776,243,99984,100,99754,100,100024,100,99704,100,100028,100,99662,100,100034,100,99610,100,100048,100,99590,100,100125,100,99430,100,100166,100,99173,100
2019-06-28 09:54:10.721654372,99942,347,99862,247,99943,143,99835,243,99945,343,99776,243,99984,100,99754,100,100024,100,99704,100,100028,100,99662,100,100034,100,99610,100,100048,100,99590,100,100125,100,99430,100,100166,100,99173,100
2019-06-28 09:54:20.000000000,99942,632,99862,532,99945,200,99835,100,99984,100,99776,100,100024,100,99754,100,100028,100,99704,100,100034,100,99662,100,100048,100,99610,100,100125,100,99590,100,100166,100,99430,100,100257,100,99173,100
2019-06-28 09:54:24.417075018,99942,632,99862,532,99945,200,99835,100,99984,100,99776,100,100012,100,99754,100,100024,100,99704,100,100028,100,99662,100,100034,100,99610,100,100048,100,99590,100,100125,100,99430,100,100257,100,99173,100
2019-06-28 09:54:25.897503575,99942,632,99862,532,99945,200,99835,100,99984,100,99776,100,100012,100,99754,100,100024,100,99704,100,100028,100,99662,100,100034,100,99610,100,100048,100,99590,100,100125,100,99430,100,100232,100,99173,100
2019-06-28 09:54:30.000000000,99942,286,99862,186,99945,286,99835,186,99984,186,99776,186,100012,186,99754,186,100024,186,99704,186,100028,100,99662,100,100034,100,99610,100,100048,100,99590,100,100125,100,99430,100,100232,100,99173,100
2019-06-28 09:54:34.441580338,99942,186,99862,186,99945,286,99835,186,99984,186,99776,186,100012,186,99754,186,100024,186,99704,186,100028,100,99662,100,100034,100,99610,100,100048,100,99590,100,100125,100,99430,100,100232,100,99173,100
2019-06-28 09:54:40.000000000,99942,532,99862,532,99945,200,99835,100,99984,100,99776,100,100012,100,99754,100,100024,100,99704,100,100028,100,99662,100,100034,100,99610,100,100048,100,99590,100,100125,100,99430,100,100232,100,99173,100
2019-06-28 09:54:50.000000000,99942,316,99862,316,99945,416,99835,316,99984,100,99776,100,100012,100,99754,100,100024,100,99704,100,100028,100,99662,100,100034,100,99610,100,100048,100,99590,100,100125,100,99430,100,100232,100,99173,100
2019-06-28 09:54:55.511871964,99942,316,99862,216,99945,416,99835,316,99984,100,99776,100,100012,100,99754,100,100024,100,99704,100,100028,100,99662,100,100034,100,99610,100,100048,100,99590,100,100125,100,99430,100,100232,100,99173,100
2019-06-28 09:54:55.905223679,99942,216,99862,216,99945,416,99835,316,99984,100,99776,100,100012,100,99754,100,100024,100,99704,100,100028,100,99662,100,100034,100,99610,100,100048,100,99590,100,100125,100,99430,100,100232,100,99173,100
2019-06-28 09:55:00.000000000,99945,308,99835,208,99984,208,99776,208,100012,208,99754,208,100024,208,99704,208,100028,100,99662,100,100034,100,99610,100,100048,100,99590,100,100125,100,99430,100,100232,100,99173,100,100257,100,99125,100
2019-06-28 09:55:07.933668838,99945,308,99872,100,99984,208,99835,208,100012,208,99776,208,100024,208,99754,208,100028,100,99704,208,100034,100,99662,100,100048,100,99610,100,100125,100,99590,100,100232,100,99430,100,100257,100,99173,100
2019-06-28 09:55:09.447295413,99941,100,99872,100,99945,308,99835,208,99984,208,99776,208,100012,208,99754,208,100024,208,99704,208,100028,100,99662,100,100034,100,99610,100,100048,100,99590,100,100125,100,99430,100,100232,100,99173,100
2019-06-28 09:55:10.000000000,99941,316,99872,316,99945,416,99835,316,99984,100,99776,100,100012,100,99754,100,100024,100,99704,100,100028,100,99662,100,100034,100,99610,100,100048,100,99590,100,100125,100,99430,100,100232,100,99173,100
2019-06-28 09:55:19.556885631,99941,216,99872,316,99945,416,99835,316,99984,100,99776,100,100012,100,99754,100,100024,100,99704,100,100028,100,99610,100,100034,100,99590,100,100048,100,99430,100,100125,100,99173,100,100232,100,99125,100
2019-06-28 09:55:20.000000000,99945,632,99872,532,99984,100,99835,100,100012,100,99776,100,100024,100,99754,100,100028,100,99704,100,100034,100,99610,100,100048,100,99590,100,100125,100,99430,100,100232,100,99173,100,100257,100,99125,100
2019-06-28 09:55:30.000000000,99945,416,99872,316,99984,316,99835,316,100012,100,99776,100,100024,100,99754,100,100028,100,99704,100,100034,100,99610,100,100048,100,99590,100,100125,100,99430,100,100232,100,99173,100,100257,100,99125,100
2019-06-28 09:55:40.000000000,99945,632,99872,532,99984,100,99835,100,100012,100,99776,100,100024,100,99754,100,100028,100,99704,100,100034,100,99610,100,100048,100,99590,100,100125,100,99430,100,100232,100,99173,100,100257,100,99125,100
2019-06-28 09:55:50.000000000,99945,347,99872,247,99984,243,99835,243,100012,243,99776,243,100024,100,99754,100,100028,100,99704,100,100034,100,99610,100,100048,100,99590,100,100125,100,99430,100,100232,100,99173,100,100257,100,99125,100
2019-06-28 09:56:00.000000000,99945,286,99872,186,99984,186,99835,186,100012,186,99776,186,100024,186,99754,186,100028,186,99704,186,100034,100,99610,100,100048,100,99590,100,100125,100,99430,100,100232,100,99173,100,100257,100,99125,100
2019-06-28 09:56:10.000000000,99945,632,99872,532,99984,100,99835,100,100012,100,99776,100,100024,100,99754,100,100028,100,99704,100,100034,100,99610,100,100048,100,99590,100,100125,100,99430,100,100232,100,99173,100,100257,100,99125,100
2019-06-28 09:56:20.000000000,99945,347,99872,247,99984,243,99835,243,100012,243,99776,243,100024,100,99754,100,100028,100,99704,100,100034,100,99610,100,100048,100,99590,100,100125,100,99430,100,100232,100,99173,100,100257,100,99125,100
2019-06-28 09:56:30.000000000,99945,308,99872,208,99984,208,99835,208,100012,208,99776,208,100024,208,99754,208,100028,100,99704,100,100034,100,99610,100,100048,100,99590,100,100125,100,99430,100,100232,100,99173,100,100257,100,99125,100
2019-06-28 09:56:40.000000000,99945,416,99872,316,99984,316,99835,316,100012,100,99776,100,100024,100,99754,100,100028,100,99704,100,100034,100,99610,100,100048,100,99590,100,100125,100,99430,100,100232,100,99173,100,100257,100,99125,100
2019-06-28 09:56:48.514596639,99945,416,99872,316,99984,316,99835,316,99989,100,99776,100,100012,100,99754,100,100024,100,99704,100,100028,100,99610,100,100034,100,99590,100,100048,100,99430,100,100125,100,99173,100,100232,100,99125,100
2019-06-28 09:56:50.000000000,99945,632,99872,532,99984,100,99835,100,99989,100,99776,100,100012,100,99754,100,100024,100,99704,100,100028,100,99610,100,100034,100,99590,100,100048,100,99430,100,100125,100,99173,100,100232,100,99125,100
2019-06-28 09:57:00.000000000,99945,286,99872,186,99984,186,99835,186,99989,186,99776,186,100012,186,99754,186,100024,186,99704,186,100028,100,99610,100,100034,100,99590,100,100048,100,99430,100,100125,100,99173,100,100232,100,99125,100
2019-06-28 09:57:10.000000000,99945,632,99872,532,99984,100,99835,100,99989,100,99776,100,100012,100,99754,100,100024,100,99704,100,100028,100,99610,100,100034,100,99590,100,100048,100,99430,100,100125,100,99173,100,100232,100,99125,100
2019-06-28 09:57:17.765065175,99945,632,99872,532,99984,100,99835,100,99989,100,99776,100,100012,100,99754,100,100024,100,99704,100,100028,100,99610,100,100034,100,99590,100,100048,100,99430,100,100125,100,99173,100,100178,100,99125,100
2019-06-28 09:57:20.000000000,99945,632,99872,532,99984,100,99835,100,99989,100,99776,100,100012,100,99754,100,100024,100,99704,100,100028,100,99610,100,100034,100,99590,100,100048,100,99430,100,100125,100,99173,100,100178,100,99125,100
2019-06-28 09:57:24.039155326,99945,632,99872,532,99984,100,99835,100,99989,100,99776,100,100012,100,99754,100,100024,100,99704,100,100028,100,99610,100,100034,100,99590,100,100048,100,99430,100,100125,100,99173,100,100178,100,99125,100
2019-06-28 09:57:26.702191686,99945,632,99941,100,99984,100,99872,532,99989,100,99835,100,100012,100,99776,100,100024,100,99754,100,100028,100,99704,100,100034,100,99610,100,100048,100,99590,100,100125,100,99430,100,100178,100,99173,100
2019-06-28 09:57:30.000000000,99945,632,99941,532,99984,100,99872,100,99989,100,99835,100,100012,100,99776,100,100024,100,99754,100,100028,100,99704,100,100034,100,99610,100,100048,100,99590,100,100125,100,99430,100,100178,100,99173,100
2019-06-28 09:57:30.639199874,99945,632,99941,532,99984,100,99872,100,99989,100,99835,100,100012,100,99776,100,100028,100,99754,100,100034,100,99704,100,100048,100,99610,100,100125,100,99590,100,100178,100,99430,100,100185,100,99173,100
2019-06-28 09:57:33.879927925,99945,632,99941,532,99984,100,99872,100,100012,100,99835,100,100028,100,99776,100,100034,100,99754,100,100048,100,99704,100,100125,100,99610,100,100178,100,99590,100,100185,100,99430,100,100232,100,99173,100
2019-06-28 09:57:40.000000000,99945,632,99941,532,99984,100,99872,100,100012,100,99835,100,100028,100,99776,100,100034,100,99754,100,100048,100,99704,100,100125,100,99610,100,100178,100,99590,100,100185,100,99430,100,100232,100,99173,100
2019-06-28 09:57:50.000000000,99945,286,99941,186,99984,186,99872,186,100012,186,99835,186,100028,186,99776,186,100034,186,99754,186,100048,100,99704,100,100125,100,99610,100,100178,100,99590,100,100185,100,99430,100,100232,100,99173,100
2019-06-28 09:58:00.000000000,99945,632,99941,532,99984,100,99872,100,100012,100,99835,100,100028,100,99776,100,100034,100,99754,100,100048,100,99704,100,100125,100,99610,100,100178,100,99590,100,100185,100,99430,100,100232,100,99173,100
2019-06-28 09:58:10.000000000,99945,308,99941,208,99984,208,99872,208,100012,208,99835,208,100028,208,99776,208,100034,100,99754,100,100048,100,99704,100,100125,100,99610,100,100178,100,99590,100,100185,100,99430,100,100232,100,99173,100
2019-06-28 09:58:20.000000000,99945,308,99941,208,99984,208,99872,208,100012,208,99835,208,100028,208,99776,208,100034,100,99754,100,100048,100,99704,100,100125,100,99610,100,100178,100,99590,100,100185,100,99430,100,100232,100,99173,100
2019-06-28 09:58:21.747800610,99945,308,99941,208,99984,208,99872,208,100012,208,99835,208,100028,208,99776,208,100034,100,99754,100,100048,100,99704,100,100107,100,99610,100,100125,100,99590,100,100178,100,99430,100,100185,100,99173,100
2019-06-28 09:58:21.993095077,99945,308,99941,208,99984,208,99872,208,100012,308,99835,108,100028,208,99776,208,100034,100,99754,100,100048,100,99704,100,100107,100,99610,100,100125,100,99590,100,100178,100,99430,100,100185,100,99173,100
2019-06-28 09:58:23.628319718,99945,308,99941,208,99984,208,99872,208,100012,308,99835,108,100028,208,99816,100,100034,100,99776,208,100048,100,99754,100,100107,100,99704,100,100125,100,99610,100,100178,100,99590,100,100185,100,99430,100
2019-06-28 09:58:30.000000000,99945,308,99941,208,99984,208,99872,208,100012,308,99816,208,100028,208,99776,208,100034,100,99754,100,100048,100,99704,100,100107,100,99610,100,100125,100,99590,100,100178,100,99430,100,100185,100,99173,100
2019-06-28 09:58:40.000000000,99945,416,99941,316,99984,316,99872,316,100012,200,99816,100,100028,100,99776,100,100034,100,99754,100,100048,100,99704,100,100107,100,99610,100,100125,100,99590,100,100178,100,99430,100,100185,100,99173,100
2019-06-28 09:58:42.558087768,99945,416,99941,216,99984,316,99872,316,100012,200,99816,100,100028,100,99776,100,100034,100,99754,100,100048,100,99704,100,100107,100,99610,100,100125,100,99590,100,100178,100,99430,100,100185,100,99173,100
2019-06-28 09:58:50.000000000,99945,286,99872,186,99984,186,99816,186,100012,286,99776,186,100028,186,99754,186,100034,186,99704,186,100048,100,99610,100,100107,100,99590,100,100125,100,99430,100,100178,100,99173,100,100185,100,99125,100
2019-06-28 09:59:00.000000000,99945,347,99872,247,99984,243,99816,243,100012,343,99776,243,100028,100,99754,100,100034,100,99704,100,100048,100,99610,100,100107,100,99590,100,100125,100,99430,100,100178,100,99173,100,100185,100,99125,100
2019-06-28 09:59:10.000000000,99945,632,99872,532,99984,100,99816,100,100012,200,99776,100,100028,100,99754,100,100034,100,99704,100,100048,100,99610,100,100107,100,99590,100,100125,100,99430,100,100178,100,99173,100,100185,100,99125,100
2019-06-28 09:59:20.000000000,99945,632,99872,532,99984,100,99816,100,100012,200,99776,100,100028,100,99754,100,100034,100,99704,100,100048,100,99610,100,100107,100,99590,100,100125,100,99430,100,100178,100,99173,100,100185,100,99125,100
2019-06-28 09:59:24.727625564,99945,632,99890,100,99984,100,99872,532,100012,200,99816,100,100028,100,99776,100,100034,100,99754,100,100048,100,99704,100,100107,100,99610,100,100125,100,99590,100,100178,100,99430,100,100185,100,99125,100
2019-06-28 09:59:30.000000000,99945,347,99890,247,99984,243,99872,243,100012,343,99816,243,100028,100,99776,100,100034,100,99754,100,100048,100,99704,100,100107,100,99610,100,100125,100,99590,100,100178,100,99430,100,100185,100,99125,100
2019-06-28 09:59:40.000000000,99945,632,99890,532,99984,100,99872,100,100012,200,99816,100,100028,100,99776,100,100034,100,99754,100,100048,100,99704,100,100107,100,99610,100,100125,100,99590,100,100178,100,99430,100,100185,100,99125,100
2019-06-28 09:59:50.000000000,99945,308,99890,208,99984,208,99872,208,100012,308,99816,208,100028,208,99776,208,100034,100,99754,100,100048,100,99704,100,100107,100,99610,100,100125,100,99590,100,100178,100,99430,100,100185,100,99125,100
2019-06-28 10:00:00.000000000,99945,416,99890,316,99984,316,99872,316,100012,200,99816,100,100028,100,99776,100,100034,100,99754,100,100048,100,99704,100,100107,100,99610,100,100125,100,99590,100,100178,100,99430,100,100185,100,99125,100
2019-06-28 10:00:06.575940102,99945,416,99890,216,99984,316,99872,316,100012,200,99816,100,100028,100,99776,100,100034,100,99754,100,100048,100,99704,100,100107,100,99610,100,100125,100,99590,100,100178,100,99430,100,100185,100,99125,100
2019-06-28 10:00:10.000000000,99945,416,99872,316,99984,316,99816,316,100012,200,99776,100,100028,100,99754,100,100034,100,99704,100,100048,100,99610,100,100107,100,99590,100,100125,100,99430,100,100178,100,99125,100,100185,100,98939,100
2019-06-28 10:00:20.000000000,99945,308,99872,208,99984,208,99816,208,100012,308,99776,208,100028,208,99754,208,100034,100,99704,100,100048,100,99610,100,100107,100,99590,100,100125,100,99430,100,100178,100,99125,100,100185,100,98939,100
2019-06-28 10:00:29.301822878,99945,308,99891,100,99984,208,99872,108,100012,308,99816,208,100028,208,99776,208,100034,100,99754,208,100048,100,99704,100,100107,100,99610,100,100125,100,99590,100,100178,100,99430,100,100185,100,99125,100
2019-06-28 10:00:30.000000000,99945,416,99891,316,99984,316,99816,316,100012,200,99776,100,100028,100,99754,100,100034,100,99704,100,100048,100,99610,100,100107,100,99590,100,100125,100,99430,100,100178,100,99125,100,100185,100,98939,100
2019-06-28 10:00:40.000000000,99945,632,99891,532,99984,100,99816,100,100012,200,99776,100,100028,100,99754,100,100034,100,99704,100,100048,100,99610,100,100107,100,99590,100,100125,100,99430,100,100178,100,99125,100,100185,100,98939,100
2019-06-28 10:00:45.221179456,99945,632,99891,432,99984,100,99816,100,100012,200,99776,100,100028,100,99754,100,100034,100,99704,100,100048,100,99610,100,100107,100,99590,100,100125,100,99430,100,100178,100,99125,100,100185,100,98939,100
2019-06-28 10:00:50.000000000,99945,286,99816,186,99984,186,99776,186,100012,286,99754,186,100028,186,99704,186,100034,186,99610,186,100048,100,99590,100,100107,100,99430,100,100125,100,99125,100,100178,100,98939,100,100185,100,,
2019-06-28 10:01:00.000000000,99945,286,99816,186,99984,186,99776,186,100012,286,99754,186,100028,186,99704,186,100034,186,99610,186,100048,100,99590,100,100107,100,99430,100,100125,100,99125,100,100178,100,98939,100,100185,100,,
2019-06-28 10:01:02.089301035,99945,286,99834,100,99984,186,99816,186,100012,286,99776,186,100028,186,99754,86,100034,186,99704,186,100048,100,99610,186,100107,100,99590,100,100125,100,99430,100,100178,100,99125,100,100185,100,98939,100
2019-06-28 10:01:10.000000000,99945,416,99834,316,99984,316,99816,316,100012,200,99776,100,100028,100,99704,100,100034,100,99610,100,100048,100,99590,100,100107,100,99430,100,100125,100,99125,100,100178,100,98939,100,100185,100,,
2019-06-28 10:01:14.368454245,99866,100,99834,316,99945,416,99816,316,99984,316,99776,100,100012,200,99704,100,100028,100,99610,100,100034,100,99590,100,100048,100,99430,100,100107,100,99125,100,100125,100,98939,100,100178,100,,
2019-06-28 10:01:17.408584115,99844,100,99834,316,99866,100,99816,316,99945,416,99776,100,99984,316,99704,100,100012,200,99610,100,100028,100,99590,100,100048,100,99430,100,100107,100,99125,100,100125,100,98939,100,100178,100,,
2019-06-28 10:01:20.000000000,99844,316,99834,316,99866,316,99816,316,99945,200,99776,100,99984,100,99704,100,100012,200,99610,100,100028,100,99590,100,100048,100,99430,100,100107,100,99125,100,100125,100,98939,100,100178,100,,
2019-06-28 10:01:30.000000000,99844,186,99834,186,99866,186,99816,186,99945,286,99776,186,99984,186,99704,186,100012,286,99610,186,100028,100,99590,100,100048,100,99430,100,100107,100,99125,100,100125,100,98939,100,100178,100,,
2019-06-28 10:01:30.642686367,99844,186,99834,186,99866,186,99816,186,99945,286,99776,186,99984,186,99704,186,100010,100,99610,186,100012,286,99590,100,100028,100,99430,100,100048,100,99125,100,100107,100,98939,100,100125,100,,
2019-06-28 10:01:40.000000000,99844,247,99834,247,99866,243,99816,243,99945,343,99776,243,99984,100,99704,100,100010,100,99610,100,100012,200,99590,100,100028,100,99430,100,100048,100,99125,100,100107,100,98939,100,100125,100,,
2019-06-28 10:01:45.694788312,99844,147,99834,247,99866,243,99816,243,99945,343,99776,243,99984,100,99704,100,100010,100,99610,100,100012,200,99590,100,100028,100,99430,100,100048,100,99125,100,100107,100,98939,100,100125,100,,
2019-06-28 10:01:50.000000000,99866,186,99834,186,99945,286,99816,186,99984,186,99776,186,100010,186,99704,186,100012,286,99610,186,100028,100,99590,100,100048,100,99430,100,100107,100,99125,100,100125,100,98939,100,100178,100,,
2019-06-28 10:02:00.000000000,99866,316,99834,316,99945,416,99816,316,99984,100,99776,100,100010,100,99704,100,100012,200,99610,100,100028,100,99590,100,100048,100,99430,100,100107,100,99125,100,100125,100,98939,100,100178,100,,
2019-06-28 10:02:10.000000000,99866,532,99834,532,99945,200,99816,100,99984,100,99776,100,100010,100,99704,100,100012,200,99610,100,100028,100,99590,100,100048,100,99430,100,100107,100,99125,100,100125,100,98939,100,100178,100,,
2019-06-28 10:02:17.752529270,99866,432,99834,532,99945,200,99816,100,99984,100,99776,100,100010,100,99704,100,100012,200,99610,100,100028,100,99590,100,100048,100,99430,100,100107,100,99125,100,100125,100,98939,100,100178,100,,
2019-06-28 10:02:20.000000000,99945,286,99834,186,99984,186,99816,186,100010,186,99776,186,100012,286,99704,186,100028,186,99610,186,100048,100,99590,100,100107,100,99430,100,100125,100,99125,100,100178,100,98939,100,100185,100,,
2019-06-28 10:02:25.006612115,99945,286,99844,100,99984,186,99834,186,100010,186,99816,186,100012,286,99776,186,100028,186,99704,186,100048,100,99610,186,100107,100,99590,100,100125,100,99430,100,100178,100,99125,100,100185,100,98939,100
2019-06-28 10:02:30.000000000,99945,308,99844,208,99984,208,99834,208,100010,208,99816,208,100012,308,99776,208,100028,100,99704,100,100048,100,99610,100,100107,100,99590,100,100125,100,99430,100,100178,100,99125,100,100185,100,98939,100
2019-06-28 10:02:30.383423550,99945,308,99844,208,99984,208,99834,208,100010,208,99816,208,100012,308,99776,208,100028,100,99704,100,100107,100,99610,100,100125,100,99590,100,100178,100,99430,100,100185,100,99125,100,100248,100,98939,100
2019-06-28 10:02:32.417415747,99945,208,99844,208,99984,208,99834,208,100010,208,99816,208,100012,308,99776,208,100028,100,99704,100,100107,100,99610,100,100125,100,99590,100,100178,100,99430,100,100185,100,99125,100,100248,100,98939,100
2019-06-28 10:02:40.000000000,99945,186,99844,186,99984,186,99834,186,100010,186,99816,186,100012,286,99776,186,100028,186,99704,186,100107,100,99610,100,100125,100,99590,100,100178,100,99430,100,100185,100,99125,100,100248,100,98939,100
2019-06-28 10:02:42.632808082,99945,186,99866,100,99984,186,99844,186,100010,186,99834,186,100012,286,99816,186,100028,186,99776,186,100107,100,99704,186,100125,100,99610,100,100178,100,99590,100,100185,100,99430,100,100248,100,99125,100
2019-06-28 10:02:48.822602031,99945,86,99866,100,99984,186,99844,186,100010,186,99834,186,100012,286,99816,186,100028,186,99776,186,100107,100,99704,186,100125,100,99610,100,100178,100,99590,100,100185,100,99430,100,100248,100,99125,100
2019-06-28 10:02:50.000000000,99984,247,99866,247,100010,243,99844,243,100012,343,99834,243,100028,100,99816,100,100107,100,99776,100,100125,100,99704,100,100178,100,99610,100,100185,100,99590,100,100248,100,99430,100,100257,100,99125,100
2019-06-28 10:02:59.132056562,99984,247,99945,100,100010,243,99866,247,100012,343,99844,243,100028,100,99834,243,100107,100,99816,100,100125,100,99776,100,100178,100,99704,100,100185,100,99610,100,100248,100,99590,100,100257,100,99430,100
2019-06-28 10:03:00.000000000,99984,186,99945,186,100010,186,99866,186,100012,286,99844,186,100028,186,99834,186,100107,186,99816,186,100125,100,99776,100,100178,100,99704,100,100185,100,99610,100,100248,100,99590,100,100257,100,99430,100
2019-06-28 10:03:02.432155698,99984,186,99945,186,100010,186,99866,186,100012,286,99844,186,100028,186,99834,186,100107,186,99816,186,100125,100,99776,100,100178,100,99704,100,100185,100,99610,100,100248,100,99590,100,100257,100,99430,100
2019-06-28 10:03:10.000000000,99984,532,99945,532,100010,100,99866,100,100012,200,99844,100,100028,100,99834,100,100107,100,99816,100,100125,100,99776,100,100178,100,99704,100,100185,100,99610,100,100248,100,99590,100,100257,100,99430,100
2019-06-28 10:03:20.000000000,99984,247,99945,247,100010,243,99866,243,100012,343,99844,243,100028,100,99834,100,100107,100,99816,100,100125,100,99776,100,100178,100,99704,100,100185,100,99610,100,100248,100,99590,100,100257,100,99430,100
2019-06-28 10:03:30.000000000,99984,186,99945,186,100010,186,99866,186,100012,286,99844,186,100028,186,99834,186,100107,186,99816,186,100125,100,99776,100,100178,100,99704,100,100185,100,99610,100,100248,100,99590,100,100257,100,99430,100
2019-06-28 10:03:32.705328168,99984,86,99945,186,100010,186,99866,186,100012,286,99844,186,100028,186,99834,186,100107,186,99816,186,100125,100,99776,100,100178,100,99704,100,100185,100,99610,100,100257,100,99590,100,100326,100,99430,100
2019-06-28 10:03:40.000000000,100010,532,99945,532,100012,200,99866,100,100028,100,99844,100,100107,100,99834,100,100125,100,99816,100,100178,100,99776,100,100185,100,99704,100,100257,100,99610,100,100326,100,99590,100,100339,100,99430,100
2019-06-28 10:03:50.000000000,100010,316,99945,316,100012,416,99866,316,100028,100,99844,100,100107,100,99834,100,100125,100,99816,100,100178,100,99776,100,100185,100,99704,100,100257,100,99610,100,100326,100,99590,100,100339,100,99430,100
2019-06-28 10:03:54.918590413,100010,216,99945,316,100012,416,99866,316,100028,100,99844,100,100107,100,99834,100,100125,100,99816,100,100178,100,99776,100,100185,100,99704,100,100257,100,99610,100,100326,100,99590,100,100339,100,99430,100
2019-06-28 10:04:00.000000000,100012,308,99945,208,100028,208,99866,208,100107,208,99844,208,100125,208,99834,208,100178,100,99816,100,100185,100,99776,100,100257,100,99704,100,100326,100,99610,100,100339,100,99590,100,100350,100,99430,100
2019-06-28 10:04:10.000000000,100012,416,99945,316,100028,316,99866,316,100107,100,99844,100,100125,100,99834,100,100178,100,99816,100,100185,100,99776,100,100257,100,99704,100,100326,100,99610,100,100339,100,99590,100,100350,100,99430,100
2019-06-28 10:04:20.000000000,100012,632,99945,532,100028,100,99866,100,100107,100,99844,100,100125,100,99834,100,100178,100,99816,100,100185,100,99776,100,100257,100,99704,100,100326,100,99610,100,100339,100,99590,100,100350,100,99430,100
2019-06-28 10:04:30.000000000,100012,632,99945,532,100028,100,99866,100,100107,100,99844,100,100125,100,99834,100,100178,100,99816,100,100185,100,99776,100,100257,100,99704,100,100326,100,99610,100,100339,100,99590,100,100350,100,99430,100
2019-06-28 10:04:40.000000000,100012,416,99945,316,100028,316,99866,316,100107,100,99844,100,100125,100,99834,100,100178,100,99816,100,100185,100,99776,100,100257,100,99704,100,100326,100,99610,100,100339,100,99590,100,100350,100,99430,100
2019-06-28 10:04:50.000000000,100012,347,99945,247,100028,243,99866,243,100107,243,99844,243,100125,100,99834,100,100178,100,99816,100,100185,100,99776,100,100257,100,99704,100,100326,100,99610,100,100339,100,99590,100,100350,100,99430,100
2019-06-28 10:05:00.000000000,100012,416,99945,316,100028,316,99866,316,100107,100,99844,100,100125,100,99834,100,100178,100,99816,100,100185,100,99776,100,100257,100,99704,100,100326,100,99610,100,100339,100,99590,100,100350,100,99430,100
2019-06-28 10:05:03.190223812,100012,416,99945,316,100028,316,99866,316,100107,100,99844,100,100125,100,99834,100,100178,100,99776,100,100185,100,99704,100,100257,100,99610,100,100326,100,99590,100,100339,100,99430,100,100350,100,98939,100
2019-06-28 10:05:10.000000000,100012,416,99945,316,100028,316,99866,316,100107,100,99844,100,100125,100,99834,100,100178,100,99776,100,100185,100,99704,100,100257,100,99610,100,100326,100,99590,100,100339,100,99430,100,100350,100,98939,100
2019-06-28 10:05:20.000000000,100012,632,99945,532,100028,100,99866,100,100107,100,99844,100,100125,100,99834,100,100178,100,99776,100,100185,100,99704,100,100257,100,99610,100,100326,100,99590,100,100339,100,99430,100,100350,100,98939,100
2019-06-28 10:05:26.754078225,100012,632,99984,100,100028,100,99945,532,100107,100,99866,100,100125,100,99844,100,100178,100,99834,100,100185,100,99776,100,100257,100,99704,100,100326,100,99610,100,100339,100,99590,100,100350,100,99430,100
2019-06-28 10:05:30.000000000,100012,347,99984,247,100028,243,99945,243,100107,243,99866,243,100125,100,99844,100,100178,100,99834,100,100185,100,99776,100,100257,100,99704,100,100326,100,99610,100,100339,100,99590,100,100350,100,99430,100
2019-06-28 10:05:40.000000000,100012,286,99984,186,100028,186,99945,186,100107,186,99866,186,100125,186,99844,186,100178,186,99834,186,100185,100,99776,100,100257,100,99704,100,100326,100,99610,100,100339,100,99590,100,100350,100,99430,100
2019-06-28 10:05:50.000000000,100012,286,99984,186,100028,186,99945,186,100107,186,99866,186,100125,186,99844,186,100178,186,99834,186,100185,100,99776,100,100257,100,99704,100,100326,100,99610,100,100339,100,99590,100,100350,100,99430,100
2019-06-28 10:05:57.155523162,100012,286,99984,186,100028,186,99945,186,100107,186,99866,186,100125,186,99844,186,100178,186,99834,186,100185,100,99776,100,100257,100,99704,100,100326,100,99610,100,100350,100,99590,100,100388,100,99430,100
2019-06-28 10:06:00.000000000,100012,286,99984,186,100028,186,99945,186,100107,186,99866,186,100125,186,99844,186,100178,186,99834,186,100185,100,99776,100,100257,100,99704,100,100326,100,99610,100,100350,100,99590,100,100388,100,99430,100
2019-06-28 10:06:04.891553519,100012,186,99984,186,100028,186,99945,186,100107,186,99866,186,100125,186,99844,186,100178,86,99834,186,100185,100,99776,100,100257,100,99704,100,100326,100,99610,100,100350,100,99590,100,100388,100,99430,100
2019-06-28 10:06:08.502310897,100012,86,99984,186,100028,186,99945,186,100107,186,99866,186,100125,186,99844,186,100178,86,99834,186,100185,100,99776,100,100257,100,99704,100,100326,100,99610,100,100350,100,99590,100,100388,100,99430,100
2019-06-28 10:06:10.000000000,100028,208,99984,208,100107,208,99945,208,100125,208,99866,208,100185,208,99844,208,100257,100,99834,100,100326,100,99776,100,100350,100,99704,100,100388,100,99610,100,100671,100,99590,100,100738,100,99430,100
2019-06-28 10:06:12.837296806,100028,208,100012,100,100107,208,99984,208,100125,208,99945,208,100185,208,99866,208,100257,100,99844,208,100326,100,99834,100,100350,100,99776,100,100388,100,99704,100,100671,100,99610,100,100738,100,99590,100
2019-06-28 10:06:18.042223267,100028,208,100012,100,100107,208,99984,208,100125,208,99945,208,100185,208,99866,208,100257,100,99844,208,100326,100,99834,100,100350,100,99776,100,100388,100,99704,100,100467,100,99610,100,100671,100,99590,100
2019-06-28 10:06:20.000000000,100028,208,100012,208,100107,208,99984,208,100125,208,99945,208,100185,208,99866,208,100257,100,99844,100,100326,100,99834,100,100350,100,99776,100,100388,100,99704,100,100467,100,99610,100,100671,100,99590,100
2019-06-28 10:06:21.153890750,100028,208,100012,308,100107,208,99984,208,100125,208,99945,208,100185,208,99866,208,100257,100,99844,100,100326,100,99834,100,100350,100,99776,100,100388,100,99704,100,100467,100,99610,100,100671,100,99590,100
2019-06-28 10:06:30.000000000,100028,316,100012,416,100107,316,99984,316,100125,100,99945,100,100185,100,99866,100,100257,100,99844,100,100326,100,99834,100,100350,100,99776,100,100388,100,99704,100,100467,100,99610,100,100671,100,99590,100
2019-06-28 10:06:30.712451573,100028,316,100012,316,100107,316,99984,316,100125,100,99945,100,100185,100,99866,100,100257,100,99844,100,100326,100,99834,100,100350,100,99776,100,100388,100,99704,100,100467,100,99610,100,100671,100,99590,100
2019-06-28 10:06:30.793226808,100028,316,100012,316,100107,316,99984,316,100125,100,99945,100,100185,100,99866,100,100257,100,99844,100,100326,100,99834,100,100350,100,99776,100,100388,100,99704,100,100467,100,99610,100,100540,100,99590,100
2019-06-28 10:06:40.000000000,100028,247,100012,247,100107,243,99984,243,100125,243,99945,243,100185,100,99866,100,100257,100,99844,100,100326,100,99834,100,100350,100,99776,100,100388,100,99704,100,100467,100,99610,100,100540,100,99590,100
2019-06-28 10:06:50.000000000,100028,316,100012,316,100107,316,99984,316,100125,100,99945,100,100185,100,99866,100,100257,100,99844,100,100326,100,99834,100,100350,100,99776,100,100388,100,99704,100,100467,100,99610,100,100540,100,99590,100
2019-06-28 10:07:00.000000000,100028,208,100012,208,100107,208,99984,208,100125,208,99945,208,100185,208,99866,208,100257,100,99844,100,100326,100,99834,100,100350,100,99776,100,100388,100,99704,100,100467,100,99610,100,100540,100,99590,100
2019-06-28 10:07:10.000000000,100028,186,100012,186,100107,186,99984,186,100125,186,99945,186,100185,186,99866,186,100257,186,99844,186,100326,100,99834,100,100350,100,99776,100,100388,100,99704,100,100467,100,99610,100,100540,100,99590,100
2019-06-28 10:07:20.000000000,100028,532,100012,532,100107,100,99984,100,100125,100,99945,100,100185,100,99866,100,100257,100,99844,100,100326,100,99834,100,100350,100,99776,100,100388,100,99704,100,100467,100,99610,100,100540,100,99590,100
2019-06-28 10:07:24.708977000,100028,532,100012,532,100107,100,99984,100,100125,100,99945,100,100185,100,99866,100,100257,100,99844,100,100326,100,99834,100,100350,100,99776,100,100388,100,99704,100,100467,100,99610,100,100540,100,99590,100
2019-06-28 10:07:30.000000000,100028,532,100012,532,100107,100,99984,100,100125,100,99945,100,100185,100,99866,100,100257,100,99844,100,100326,100,99834,100,100350,100,99776,100,100388,100,99704,100,100467,100,99610,100,100540,100,99590,100
2019-06-28 10:07:31.679540483,100028,432,100012,532,100107,100,99984,100,100125,100,99945,100,100185,100,99866,100,100257,100,99844,100,100326,100,99834,100,100350,100,99776,100,100388,100,99704,100,100467,100,99610,100,100540,100,99430,100
2019-06-28 10:07:40.000000000,100107,208,100012,208,100125,208,99984,208,100185,208,99945,208,100257,208,99866,208,100326,100,99844,100,100350,100,99834,100,100388,100,99776,100,100467,100,99704,100,100540,100,99610,100,100671,100,99430,100
2019-06-28 10:07:40.602464705,100107,208,100012,208,100125,208,99984,208,100185,208,99945,208,100257,208,99866,208,100326,100,99844,100,100350,100,99834,100,100388,100,99776,100,100467,100,99704,100,100540,100,99610,100,100671,100,99430,100
2019-06-28 10:07:42.272271906,100107,208,100012,208,100125,208,99984,208,100185,208,99945,208,100257,208,99866,208,100326,100,99844,100,100350,100,99834,100,100388,100,99776,100,100467,100,99704,100,100540,100,99610,100,100671,100,99430,100
2019-06-28 10:07:50.000000000,100107,208,100012,208,100125,208,99984,208,100185,208,99945,208,100257,208,99866,208,100326,100,99844,100,100350,100,99834,100,100388,100,99776,100,100467,100,99704,100,100540,100,99610,100,100671,100,99430,100
2019-06-28 10:07:57.564757791,100107,208,100012,208,100125,208,99984,108,100185,208,99945,208,100257,208,99866,208,100326,100,99844,100,100350,100,99834,100,100388,100,99776,100,100467,100,99704,100,100540,100,99610,100,100671,100,99430,100
2019-06-28 10:08:00.000000000,100107,532,100012,532,100125,100,99945,100,100185,100,99866,100,100257,100,99844,100,100326,100,99834,100,100350,100,99776,100,100388,100,99704,100,100467,100,99610,100,100540,100,99430,100,100671,100,98939,100
2019-06-28 10:08:10.000000000,100107,532,100012,532,100125,100,99945,100,100185,100,99866,100,100257,100,99844,100,100326,100,99834,100,100350,100,99776,100,100388,100,99704,100,100467,100,99610,100,100540,100,99430,100,100671,100,98939,100
2019-06-28 10:08:20.000000000,100107,316,100012,316,100125,316,99945,316,100185,100,99866,100,100257,100,99844,100,100326,100,99834,100,100350,100,99776,100,100388,100,99704,100,100467,100,99610,100,100540,100,99430,100,100671,100,98939,100
2019-06-28 10:08:23.022088502,100107,316,100012,316,100125,316,99945,316,100185,100,99866,100,100326,100,99844,100,100350,100,99834,100,100388,100,99776,100,100467,100,99704,100,100540,100,99610,100,100671,100,99430,100,100738,100,98939,100
2019-06-28 10:08:30.000000000,100107,186,100012,186,100125,186,99945,186,100185,186,99866,186,100326,186,99844,186,100350,186,99834,186,100388,100,99776,100,100467,100,99704,100,100540,100,99610,100,100671,100,99430,100,100738,100,98939,100
2019-06-28 10:08:40.000000000,100107,208,100012,208,100125,208,99945,208,100185,208,99866,208,100326,208,99844,208,100350,100,99834,100,100388,100,99776,100,100467,100,99704,100,100540,100,99610,100,100671,100,99430,100,100738,100,98939,100
2019-06-28 10:08:50.000000000,100107,186,100012,186,100125,186,99945,186,100185,186,99866,186,100326,186,99844,186,100350,186,99834,186,100388,100,99776,100,100467,100,99704,100,100540,100,99610,100,100671,100,99430,100,100738,100,98939,100
2019-06-28 10:08:54.858961807,100107,86,100012,186,100125,186,99945,186,100185,186,99866,186,100326,186,99844,186,100350,186,99834,186,100388,100,99776,100,100467,100,99704,100,100540,100,99610,100,100671,100,99430,100,100738,100,98939,100
