,ask_price_1,ask_size_1,bid_price_1,bid_size_1,ask_price_2,ask_size_2,bid_price_2,bid_size_2,ask_price_3,ask_size_3,bid_price_3,bid_size_3,ask_price_4,ask_size_4,bid_price_4,bid_size_4,ask_price_5,ask_size_5,bid_price_5,bid_size_5,ask_price_6,ask_size_6,bid_price_6,bid_size_6,ask_price_7,ask_size_7,bid_price_7,bid_size_7,ask_price_8,ask_size_8,bid_price_8,bid_size_8,ask_price_9,ask_size_9,bid_price_9,bid_size_9,ask_price_10,ask_size_10,bid_price_10,bid_size_10
2019-06-28 09:30:00.000000000,99952,100,99886,100,,,,,,,,,,,,,,,,,,,,,,,,,,,,,,,,,,,,
2019-06-28 09:30:00.000000001,99952,100,99886,100,100104,100,99857,100,,,,,,,,,,,,,,,,,,,,,,,,,,,,,,,,
2019-06-28 09:30:00.000000002,100104,100,99886,100,,,99857,100,,,,,,,,,,,,,,,,,,,,,,,,,,,,,,,,
2019-06-28 09:30:00.000000004,99967,100,99886,100,100104,100,99857,100,,,,,,,,,,,,,,,,,,,,,,,,,,,,,,,,
2019-06-28 09:30:00.000000005,99967,100,99886,100,100104,100,99857,100,100158,100,,,,,,,,,,,,,,,,,,,,,,,,,,,,,,
2019-06-28 09:30:00.000000006,100104,100,99952,100,100158,100,99886,100,,,99857,100,,,,,,,,,,,,,,,,,,,,,,,,,,,,
2019-06-28 09:30:00.000000009,99987,100,99969,100,100104,100,99952,200,100158,100,99886,100,,,99857,100,,,,,,,,,,,,,,,,,,,,,,,,
2019-06-28 09:30:00.000000010,99987,100,99969,100,100104,100,99952,300,100158,100,99886,100,,,99857,100,,,,,,,,,,,,,,,,,,,,,,,,
2019-06-28 09:30:00.000000012,99987,100,99969,100,100104,100,99952,300,100158,100,99886,100,,,99857,100,,,,,,,,,,,,,,,,,,,,,,,,
2019-06-28 09:30:00.000000014,99987,100,99969,100,99993,100,99952,300,100104,100,99886,100,100158,100,99857,100,,,,,,,,,,,,,,,,,,,,,,,,
2019-06-28 09:30:00.000000015,99987,100,99970,200,99993,100,99969,100,100104,100,99952,300,100158,100,99886,100,,,99857,100,,,,,,,,,,,,,,,,,,,,
2019-06-28 09:30:00.000000017,99987,100,99970,200,99993,100,99969,100,100067,100,99952,300,100104,100,99925,100,100158,100,99886,100,,,99857,100,,,,,,,,,,,,,,,,
2019-06-28 09:30:00.000000018,99987,100,99977,100,99993,100,99970,200,100067,100,99969,100,100104,100,99952,300,100158,100,99925,100,,,99886,100,,,99857,100,,,,,,,,,,,,
2019-06-28 09:30:00.000000019,99987,100,99977,100,99993,100,99970,200,100067,100,99969,100,100104,100,99952,300,100158,100,99925,100,,,99886,100,,,99859,100,,,99857,100,,,,,,,,
2019-06-28 09:30:00.000000020,99987,100,99977,100,99993,100,99970,200,100067,100,99969,100,100104,100,99952,300,100158,100,99925,100,,,99886,100,,,99877,100,,,99859,100,,,99857,100,,,,
2019-06-28 09:30:00.000000022,99987,100,99977,100,99993,100,99970,200,100067,100,99969,100,100104,100,99952,300,100158,100,99925,100,,,99910,100,,,99886,100,,,99877,100,,,99859,100,,,99857,100
2019-06-28 09:30:00.000000024,99987,100,99977,100,99993,100,99970,200,100067,100,99969,100,100104,100,99952,300,100136,100,99925,100,100158,100,99910,100,,,99886,100,,,99877,100,,,99859,100,,,99858,100
2019-06-28 09:30:00.000000029,99993,100,99977,100,100067,100,99970,200,100104,100,99969,100,100136,100,99952,300,100158,100,99925,100,,,99910,100,,,99886,100,,,99877,100,,,99859,100,,,99858,100
2019-06-28 09:30:00.000000030,99993,100,99986,100,100067,100,99977,100,100104,100,99970,200,100136,100,99969,100,100158,100,99952,300,,,99925,100,,,99910,100,,,99886,100,,,99877,100,,,99859,100
2019-06-28 09:30:00.000000031,99993,100,99986,100,100049,100,99977,100,100067,100,99970,200,100104,100,99969,100,100136,100,99952,300,100158,100,99925,100,,,99910,100,,,99886,100,,,99877,100,,,99859,100
2019-06-28 09:30:00.000000034,99993,100,99986,100,100049,100,99977,100,100067,100,99970,200,100104,100,99969,100,100136,100,99952,300,100158,100,99926,100,,,99925,100,,,99910,100,,,99886,100,,,99877,100
2019-06-28 09:30:00.000000037,99993,100,99986,100,100049,100,99977,100,100067,100,99970,200,100093,100,99969,100,100104,100,99952,300,100136,100,99926,100,100158,100,99925,100,,,99910,100,,,99886,100,,,99877,100
2019-06-28 09:30:00.000000041,99993,100,99987,100,100049,100,99986,100,100067,100,99977,100,100093,100,99970,200,100104,100,99969,100,100123,100,99952,300,100136,100,99926,100,100158,100,99925,100,,,99910,100,,,99886,100
2019-06-28 09:30:00.000000051,99993,100,99987,100,100038,100,99986,100,100049,100,99977,100,100067,100,99970,200,100093,100,99969,100,100104,100,99952,300,100123,100,99926,100,100136,100,99925,100,100158,100,99910,100,,,99886,100
2019-06-28 09:30:00.000000052,99989,100,99987,100,99993,100,99986,100,100038,100,99977,100,100049,100,99970,200,100067,100,99969,100,100093,100,99952,300,100104,100,99926,100,100123,100,99925,100,100136,100,99910,100,100158,100,99886,100
2019-06-28 09:30:00.000000054,99989,100,99986,100,99993,100,99977,100,100038,100,99970,200,100049,100,99969,100,100067,100,99952,300,100093,100,99926,100,100104,100,99925,100,100123,100,99910,100,100136,100,99886,100,100158,100,99877,100
2019-06-28 09:30:00.000000055,99989,100,99986,100,99993,100,99977,100,100038,100,99970,200,100049,100,99969,100,100067,100,99952,300,100093,100,99926,100,100104,100,99925,100,100123,100,99910,100,100136,100,99886,100,100158,100,99877,100
2019-06-28 09:30:00.000000057,99989,100,99986,100,99993,100,99977,100,100038,100,99970,200,100049,100,99969,100,100067,100,99966,100,100093,100,99952,300,100104,100,99926,100,100123,100,99925,100,100136,100,99910,100,100158,100,99886,100
2019-06-28 09:30:00.000000058,99989,100,99986,100,99993,100,99977,100,100038,100,99970,200,100049,100,99969,100,100067,100,99966,100,100093,100,99952,300,100104,100,99926,100,100123,100,99925,100,100136,100,99910,100,100158,100,99886,100
2019-06-28 09:30:00.000000059,99989,100,99986,100,99993,100,99977,100,100038,100,99970,200,100049,100,99969,100,100067,100,99966,100,100093,100,99953,100,100104,100,99952,300,100123,100,99926,100,100136,100,99925,100,100158,100,99910,100
2019-06-28 09:30:00.000000062,99989,100,99986,100,99993,100,99977,100,100038,100,99970,200,100049,100,99969,100,100067,100,99966,100,100093,100,99953,100,100104,100,99952,300,100114,100,99926,100,100123,100,99925,100,100136,100,99910,100
2019-06-28 09:30:00.000000063,99989,100,99986,100,99993,100,99977,100,100038,100,99970,200,100049,100,99969,100,100067,100,99966,100,100093,100,99953,100,100104,100,99952,300,100114,100,99929,100,100123,100,99926,100,100136,100,99925,100
2019-06-28 09:30:00.000000064,99989,100,99986,100,99993,100,99977,100,100038,100,99970,200,100049,100,99969,100,100067,100,99966,100,100093,100,99953,100,100104,100,99952,300,100114,100,99929,100,100123,100,99926,100,100131,100,99925,100
2019-06-28 09:30:00.000000065,99989,100,99986,100,99993,100,99977,100,100038,100,99970,200,100049,100,99969,100,100067,100,99966,100,100093,100,99953,100,100104,100,99952,300,100114,100,99929,100,100123,100,99926,100,100131,100,99925,100
2019-06-28 09:30:00.000000066,99989,100,99987,100,99993,100,99986,100,100038,100,99977,100,100049,100,99970,200,100067,100,99969,100,100093,100,99966,100,100104,100,99953,100,100114,100,99952,300,100123,100,99929,100,100131,100,99926,100
2019-06-28 09:30:00.000000067,99989,100,99987,100,99993,100,99986,100,100038,100,99977,100,100049,100,99970,200,100067,100,99969,100,100093,100,99966,100,100104,100,99953,100,100114,100,99952,300,100123,100,99929,100,100131,100,99926,100
2019-06-28 09:30:00.000000071,99989,100,99987,100,99993,100,99986,100,100038,100,99977,100,100048,100,99970,200,100049,100,99969,100,100067,100,99966,100,100093,100,99953,100,100104,100,99952,300,100114,100,99929,100,100123,100,99926,100
2019-06-28 09:30:00.000000072,99989,100,99987,100,99993,100,99986,100,100023,100,99977,100,100038,100,99970,200,100048,100,99969,100,100049,100,99966,100,100067,100,99953,100,100093,100,99952,300,100104,100,99929,100,100114,100,99926,100
2019-06-28 09:30:00.000000074,99989,100,99986,100,99993,100,99977,100,100023,100,99970,200,100038,100,99969,100,100048,100,99966,100,100049,100,99953,100,100067,100,99952,300,100093,100,99929,100,100104,100,99926,100,100114,100,99925,100
2019-06-28 09:30:00.000000078,99989,100,99986,100,99993,100,99977,100,100023,100,99970,200,100038,100,99969,100,100048,100,99966,100,100049,100,99953,100,100067,100,99952,300,100093,100,99935,100,100104,100,99929,100,100114,100,99926,100
2019-06-28 09:30:00.000000079,99989,100,99986,100,99993,100,99977,100,100023,100,99970,200,100038,100,99969,100,100048,100,99966,100,100049,100,99953,100,100067,100,99952,300,100093,100,99935,100,100104,100,99929,100,100114,100,99926,100
2019-06-28 09:30:00.000000081,99989,100,99986,100,99993,100,99977,100,100023,100,99970,200,100038,100,99969,100,100048,100,99966,100,100049,100,99953,100,100067,100,99952,300,100093,100,99935,100,100104,100,99929,100,100114,100,99926,100
2019-06-28 09:30:00.000000084,99989,100,99986,100,99993,100,99977,100,100023,100,99970,200,100038,100,99969,100,100048,100,99966,100,100049,100,99957,100,100067,100,99953,100,100093,100,99952,300,100104,100,99935,100,100114,100,99929,100
2019-06-28 09:30:00.000000088,99989,100,99986,100,99993,100,99977,100,100023,100,99970,200,100038,100,99969,100,100048,100,99966,100,100049,100,99957,100,100067,100,99953,100,100093,100,99952,300,100104,100,99935,100,100114,100,99929,100
2019-06-28 09:30:00.000000089,99989,100,99986,100,99993,100,99977,100,100023,100,99970,200,100038,100,99969,100,100048,100,99966,100,100049,100,99957,100,100067,100,99953,100,100093,100,99952,300,100104,100,99935,100,100114,100,99929,100
2019-06-28 09:30:00.000000090,99989,100,99986,100,99993,100,99977,100,100023,100,99970,200,100038,100,99969,100,100048,100,99966,100,100049,100,99957,100,100067,100,99953,100,100093,100,99952,300,100104,100,99935,100,100114,100,99929,100
2019-06-28 09:30:00.000000094,99989,100,99987,100,99993,100,99986,100,100023,100,99977,100,100038,100,99970,200,100048,100,99969,100,100049,100,99966,100,100067,100,99957,100,100093,100,99953,100,100104,100,99952,300,100114,100,99935,100
2019-06-28 09:30:00.000000097,99989,100,99987,100,99993,100,99986,100,100023,100,99977,100,100038,100,99970,200,100048,100,99969,100,100049,100,99966,100,100067,100,99957,100,100093,100,99953,100,100104,100,99952,300,100114,100,99935,100
2019-06-28 09:30:00.000000098,99989,100,99987,100,99993,100,99986,100,100023,100,99977,100,100038,100,99970,200,100048,100,99969,100,100049,100,99966,100,100067,100,99957,100,100093,100,99953,100,100104,100,99952,300,100114,100,99935,100
2019-06-28 09:30:00.000000099,99989,100,99987,200,99993,100,99986,100,100023,100,99977,100,100038,100,99970,200,100048,100,99969,100,100049,100,99966,100,100067,100,99957,100,100093,100,99953,100,100104,100,99952,300,100114,100,99935,100
2019-06-28 09:30:06.655022475,99989,100,99987,200,99993,100,99986,100,100023,100,99977,100,100038,100,99970,200,100048,100,99969,100,100049,100,99966,100,100067,100,99957,100,100093,100,99953,100,100104,100,99952,300,100114,100,99935,100
2019-06-28 09:30:09.475150118,99989,100,99987,200,99993,100,99986,100,100023,100,99977,100,100038,100,99970,200,100048,100,99969,100,100049,100,99966,100,100067,100,99957,100,100093,100,99953,100,100104,100,99952,300,100114,100,99935,100
2019-06-28 09:30:10.000000000,99989,246,99987,346,99993,241,99986,241,100023,241,99977,241,100038,100,99970,200,100048,100,99969,100,100049,100,99966,100,100067,100,99957,100,100093,100,99953,100,100104,100,99952,300,100114,100,99935,100
2019-06-28 09:30:12.132288102,99989,246,99987,346,99993,241,99986,241,100023,241,99977,241,100038,100,99970,200,100048,100,99969,100,100049,100,99966,100,100067,100,99957,100,100093,100,99953,100,100104,100,99952,300,100114,100,99935,100
2019-06-28 09:30:20.000000000,99989,314,99987,414,99993,314,99986,314,100023,100,99977,100,100038,100,99970,200,100048,100,99969,100,100049,100,99966,100,100067,100,99957,100,100093,100,99953,100,100104,100,99952,300,100114,100,99935,100
2019-06-28 09:30:30.000000000,99989,528,99987,628,99993,100,99986,100,100023,100,99977,100,100038,100,99970,200,100048,100,99969,100,100049,100,99966,100,100067,100,99957,100,100093,100,99953,100,100104,100,99952,300,100114,100,99935,100
2019-06-28 09:30:40.000000000,99989,314,99987,414,99993,314,99986,314,100023,100,99977,100,100038,100,99970,200,100048,100,99969,100,100049,100,99966,100,100067,100,99957,100,100093,100,99953,100,100104,100,99952,300,100114,100,99935,100
2019-06-28 09:30:48.117972798,99989,314,99987,414,99993,314,99986,314,100023,100,99977,100,100038,100,99970,200,100048,100,99969,100,100049,100,99966,100,100067,100,99957,100,100093,100,99953,100,100104,100,99952,300,100114,100,99935,100
2019-06-28 09:30:50.000000000,99989,186,99987,286,99993,186,99986,186,100023,186,99977,186,100038,186,99970,286,100048,186,99969,186,100049,100,99966,100,100067,100,99957,100,100093,100,99953,100,100104,100,99952,300,100114,100,99935,100
2019-06-28 09:30:53.813130317,99989,186,99987,286,99993,186,99986,186,100023,186,99977,186,100038,186,99970,286,100048,186,99969,186,100049,100,99966,100,100067,100,99957,100,100093,100,99953,100,100104,100,99952,300,100114,100,99935,100
2019-06-28 09:31:00.000000000,99989,528,99987,628,99993,100,99986,100,100023,100,99977,100,100038,100,99970,200,100048,100,99969,100,100049,100,99966,100,100067,100,99957,100,100093,100,99953,100,100104,100,99952,300,100114,100,99935,100
2019-06-28 09:31:10.000000000,99989,246,99987,346,99993,241,99986,241,100023,241,99977,241,100038,100,99970,200,100048,100,99969,100,100049,100,99966,100,100067,100,99957,100,100093,100,99953,100,100104,100,99952,300,100114,100,99935,100
2019-06-28 09:31:15.090292345,99989,246,99987,346,99993,241,99986,241,100023,241,99977,241,100038,100,99970,200,100048,100,99969,100,100049,100,99966,100,100067,100,99957,100,100104,100,99953,100,100114,100,99952,300,100120,100,99935,100
2019-06-28 09:31:20.000000000,99989,314,99987,414,99993,314,99986,314,100023,100,99977,100,100038,100,99970,200,100048,100,99969,100,100049,100,99966,100,100067,100,99957,100,100104,100,99953,100,100114,100,99952,300,100120,100,99935,100
2019-06-28 09:31:30.000000000,99989,528,99987,628,99993,100,99986,100,100023,100,99977,100,100038,100,99970,200,100048,100,99969,100,100049,100,99966,100,100067,100,99957,100,100104,100,99953,100,100114,100,99952,300,100120,100,99935,100
2019-06-28 09:31:40.000000000,99989,246,99987,346,99993,241,99986,241,100023,241,99977,241,100038,100,99970,200,100048,100,99969,100,100049,100,99966,100,100067,100,99957,100,100104,100,99953,100,100114,100,99952,300,100120,100,99935,100
2019-06-28 09:31:50.000000000,99989,186,99987,286,99993,186,99986,186,100023,186,99977,186,100038,186,99970,286,100048,186,99969,186,100049,100,99966,100,100067,100,99957,100,100104,100,99953,100,100114,100,99952,300,100120,100,99935,100
2019-06-28 09:32:00.000000000,99989,207,99987,307,99993,207,99986,207,100023,207,99977,207,100038,207,99970,307,100048,100,99969,100,100049,100,99966,100,100067,100,99957,100,100104,100,99953,100,100114,100,99952,300,100120,100,99935,100
2019-06-28 09:32:04.676882477,99989,207,99987,207,99993,207,99986,207,100023,207,99977,207,100038,207,99970,307,100048,100,99969,100,100049,100,99966,100,100067,100,99957,100,100104,100,99953,100,100114,100,99952,300,100120,100,99935,100
2019-06-28 09:32:06.673518183,99989,207,99987,107,99993,207,99986,207,100023,207,99977,207,100038,207,99970,307,100048,100,99969,100,100049,100,99966,100,100067,100,99957,100,100104,100,99953,100,100114,100,99952,300,100120,100,99935,100
2019-06-28 09:32:10.000000000,99989,314,99986,314,99993,314,99977,314,100023,100,99970,200,100038,100,99969,100,100048,100,99966,100,100049,100,99957,100,100067,100,99953,100,100104,100,99952,300,100114,100,99935,100,100120,100,99929,100
2019-06-28 09:32:20.000000000,99989,246,99986,246,99993,241,99977,241,100023,241,99970,341,100038,100,99969,100,100048,100,99966,100,100049,100,99957,100,100067,100,99953,100,100104,100,99952,300,100114,100,99935,100,100120,100,99929,100
2019-06-28 09:32:30.000000000,99989,528,99986,528,99993,100,99977,100,100023,100,99970,200,100038,100,99969,100,100048,100,99966,100,100049,100,99957,100,100067,100,99953,100,100104,100,99952,300,100114,100,99935,100,100120,100,99929,100
2019-06-28 09:32:33.774105385,99989,528,99986,428,99993,100,99977,100,100023,100,99970,200,100038,100,99969,100,100048,100,99966,100,100049,100,99957,100,100067,100,99953,100,100104,100,99952,300,100114,100,99935,100,100120,100,99929,100
2019-06-28 09:32:38.976499219,99989,528,99986,428,99993,100,99977,100,100023,100,99970,200,100038,100,99969,100,100048,100,99957,100,100049,100,99953,100,100067,100,99952,300,100104,100,99935,100,100114,100,99929,100,100120,100,99926,100
2019-06-28 09:32:40.000000000,99989,528,99977,528,99993,100,99970,200,100023,100,99969,100,100038,100,99957,100,100048,100,99953,100,100049,100,99952,300,100067,100,99935,100,100104,100,99929,100,100114,100,99926,100,100120,100,99925,100
2019-06-28 09:32:40.953770852,99989,528,99977,428,99993,100,99970,200,100023,100,99969,100,100038,100,99957,100,100048,100,99953,100,100049,100,99952,300,100067,100,99935,100,100104,100,99929,100,100114,100,99926,100,100120,100,99925,100
2019-06-28 09:32:50.000000000,99989,528,99970,628,99993,100,99969,100,100023,100,99957,100,100038,100,99953,100,100048,100,99952,300,100049,100,99935,100,100067,100,99929,100,100104,100,99926,100,100114,100,99925,100,100120,100,99910,100
2019-06-28 09:33:00.000000000,99989,207,99970,307,99993,207,99969,207,100023,207,99957,207,100038,207,99953,207,100048,100,99952,300,100049,100,99935,100,100067,100,99929,100,100104,100,99926,100,100114,100,99925,100,100120,100,99910,100
2019-06-28 09:33:04.759946889,99986,100,99970,307,99989,207,99969,207,99993,207,99957,207,100023,207,99953,207,100038,207,99952,300,100048,100,99935,100,100049,100,99929,100,100067,100,99926,100,100104,100,99925,100,100114,100,99910,100
2019-06-28 09:33:10.000000000,99986,207,99970,307,99989,207,99969,207,99993,207,99957,207,100023,207,99953,207,100038,100,99952,300,100048,100,99935,100,100049,100,99929,100,100067,100,99926,100,100104,100,99925,100,100114,100,99910,100
2019-06-28 09:33:20.000000000,99986,186,99970,286,99989,186,99969,186,99993,186,99957,186,100023,186,99953,186,100038,186,99952,386,100048,100,99935,100,100049,100,99929,100,100067,100,99926,100,100104,100,99925,100,100114,100,99910,100
2019-06-28 09:33:21.367685848,99986,286,99970,286,99989,186,99969,186,99993,186,99957,186,100023,186,99953,186,100038,186,99952,386,100048,100,99935,100,100049,100,99929,100,100067,100,99926,100,100104,100,99925,100,100114,100,99910,100
2019-06-28 09:33:23.759242249,99986,286,99970,186,99989,186,99969,186,99993,186,99957,186,100023,186,99953,186,100038,186,99952,386,100048,100,99935,100,100049,100,99929,100,100067,100,99926,100,100104,100,99925,100,100114,100,99910,100
2019-06-28 09:33:30.000000000,99986,286,99970,186,99989,186,99969,186,99993,186,99957,186,100023,186,99953,186,100038,186,99952,386,100048,100,99935,100,100049,100,99929,100,100067,100,99926,100,100104,100,99925,100,100114,100,99910,100
2019-06-28 09:33:39.559350167,99986,286,99970,186,99989,186,99969,186,99993,186,99957,186,100023,186,99953,186,100038,186,99952,386,100048,100,99935,100,100049,100,99929,100,100067,100,99926,100,100104,100,99925,100,100114,100,99910,100
2019-06-28 09:33:40.000000000,99986,286,99970,186,99989,186,99969,186,99993,186,99957,186,100023,186,99953,186,100038,186,99952,386,100048,100,99935,100,100049,100,99929,100,100067,100,99926,100,100104,100,99925,100,100114,100,99910,100
2019-06-28 09:33:50.000000000,99986,307,99970,207,99989,207,99969,207,99993,207,99957,207,100023,207,99953,207,100038,100,99952,300,100048,100,99935,100,100049,100,99929,100,100067,100,99926,100,100104,100,99925,100,100114,100,99910,100
2019-06-28 09:34:00.000000000,99986,414,99970,314,99989,314,99969,314,99993,100,99957,100,100023,100,99953,100,100038,100,99952,300,100048,100,99935,100,100049,100,99929,100,100067,100,99926,100,100104,100,99925,100,100114,100,99910,100
2019-06-28 09:34:10.000000000,99986,346,99970,246,99989,241,99969,241,99993,241,99957,241,100023,100,99953,100,100038,100,99952,300,100048,100,99935,100,100049,100,99929,100,100067,100,99926,100,100104,100,99925,100,100114,100,99910,100
2019-06-28 09:34:20.000000000,99986,346,99970,246,99989,241,99969,241,99993,241,99957,241,100023,100,99953,100,100038,100,99952,300,100048,100,99935,100,100049,100,99929,100,100067,100,99926,100,100104,100,99925,100,100114,100,99910,100
2019-06-28 09:34:30.000000000,99986,628,99970,528,99989,100,99969,100,99993,100,99957,100,100023,100,99953,100,100038,100,99952,300,100048,100,99935,100,100049,100,99929,100,100067,100,99926,100,100104,100,99925,100,100114,100,99910,100
2019-06-28 09:34:34.915816348,99986,528,99978,100,99989,100,99970,528,99993,100,99969,100,100023,100,99957,100,100038,100,99953,100,100048,100,99952,300,100049,100,99935,100,100067,100,99929,100,100104,100,99926,100,100114,100,99925,100
2019-06-28 09:34:40.000000000,99986,314,99978,314,99989,314,99970,314,99993,100,99969,100,100023,100,99957,100,100038,100,99953,100,100048,100,99952,300,100049,100,99935,100,100067,100,99929,100,100104,100,99926,100,100114,100,99925,100
2019-06-28 09:34:45.987305825,99986,314,99978,314,99989,214,99970,314,99993,100,99969,100,100023,100,99957,100,100038,100,99953,100,100048,100,99952,300,100049,100,99935,100,100067,100,99929,100,100104,100,99926,100,100114,100,99925,100
2019-06-28 09:34:50.000000000,99986,314,99978,314,99993,314,99970,314,100023,100,99969,100,100038,100,99957,100,100048,100,99953,100,100049,100,99952,300,100067,100,99935,100,100104,100,99929,100,100114,100,99926,100,100120,100,99925,100
2019-06-28 09:34:55.973429976,99986,314,99978,214,99993,314,99970,314,100023,100,99969,100,100038,100,99957,100,100048,100,99953,100,100049,100,99952,300,100067,100,99935,100,100104,100,99929,100,100114,100,99926,100,100120,100,99925,100
2019-06-28 09:35:00.000000000,99986,246,99970,246,99993,241,99969,241,100023,241,99957,241,100038,100,99953,100,100048,100,99952,300,100049,100,99935,100,100067,100,99929,100,100104,100,99926,100,100114,100,99925,100,100120,100,99910,100
2019-06-28 09:35:03.978305046,99986,246,99970,246,99993,241,99969,241,100023,241,99957,241,100038,100,99953,100,100048,100,99952,300,100049,100,99935,100,100067,100,99929,100,100104,100,99926,100,100114,100,99925,100,100120,100,99910,100
2019-06-28 09:35:10.000000000,99986,186,99970,186,99993,186,99969,186,100023,186,99957,186,100038,186,99953,186,100048,186,99952,386,100049,100,99935,100,100067,100,99929,100,100104,100,99926,100,100114,100,99925,100,100120,100,99910,100
2019-06-28 09:35:20.000000000,99986,186,99970,186,99993,186,99969,186,100023,186,99957,186,100038,186,99953,186,100048,186,99952,386,100049,100,99935,100,100067,100,99929,100,100104,100,99926,100,100114,100,99925,100,100120,100,99910,100
2019-06-28 09:35:30.000000000,99986,207,99970,207,99993,207,99969,207,100023,207,99957,207,100038,207,99953,207,100048,100,99952,300,100049,100,99935,100,100067,100,99929,100,100104,100,99926,100,100114,100,99925,100,100120,100,99910,100
2019-06-28 09:35:36.524904604,99978,100,99970,207,99986,207,99969,207,99993,207,99957,207,100023,207,99953,207,100038,207,99952,300,100048,100,99935,100,100049,100,99929,100,100067,100,99926,100,100104,100,99925,100,100114,100,99910,100
2019-06-28 09:35:40.000000000,99978,528,99970,528,99986,100,99969,100,99993,100,99957,100,100023,100,99953,100,100038,100,99952,300,100048,100,99935,100,100049,100,99929,100,100067,100,99926,100,100104,100,99925,100,100114,100,99910,100
2019-06-28 09:35:46.154486831,99978,528,99970,528,99986,100,99969,100,99993,100,99957,100,100023,100,99953,100,100038,100,99952,300,100048,100,99935,100,100049,100,99929,100,100067,100,99926,100,100104,100,99925,100,100114,100,99910,100
2019-06-28 09:35:50.000000000,99978,186,99970,186,99986,186,99969,186,99993,186,99957,186,100023,186,99953,186,100038,186,99952,386,100048,100,99935,100,100049,100,99929,100,100067,100,99926,100,100104,100,99925,100,100114,100,99910,100
2019-06-28 09:36:00.000000000,99978,207,99970,207,99986,207,99969,207,99993,207,99957,207,100023,207,99953,207,100038,100,99952,300,100048,100,99935,100,100049,100,99929,100,100067,100,99926,100,100104,100,99925,100,100114,100,99910,100
2019-06-28 09:36:10.000000000,99978,246,99970,246,99986,241,99969,241,99993,241,99957,241,100023,100,99953,100,100038,100,99952,300,100048,100,99935,100,100049,100,99929,100,100067,100,99926,100,100104,100,99925,100,100114,100,99910,100
2019-06-28 09:36:20.000000000,99978,246,99970,246,99986,241,99969,241,99993,241,99957,241,100023,100,99953,100,100038,100,99952,300,100048,100,99935,100,100049,100,99929,100,100067,100,99926,100,100104,100,99925,100,100114,100,99910,100
2019-06-28 09:36:22.965782708,99978,146,99970,246,99986,241,99969,241,99993,241,99957,241,100023,100,99953,100,100038,100,99952,300,100048,100,99935,100,100049,100,99929,100,100067,100,99926,100,100104,100,99925,100,100114,100,99910,100
2019-06-28 09:36:26.871200953,99978,146,99970,246,99986,241,99969,241,99993,241,99957,241,100023,100,99953,100,100038,100,99952,200,100048,100,99935,100,100049,100,99929,100,100067,100,99926,100,100104,100,99925,100,100114,100,99910,100
2019-06-28 09:36:29.009841980,99978,146,99970,246,99986,241,99969,241,99993,241,99957,241,100023,100,99956,100,100038,100,99953,100,100048,100,99952,200,100067,100,99935,100,100104,100,99929,100,100114,100,99926,100,100120,100,99925,100
2019-06-28 09:36:30.000000000,99986,314,99970,314,99993,314,99969,314,100023,100,99957,100,100038,100,99956,100,100048,100,99953,100,100067,100,99952,200,100104,100,99935,100,100114,100,99929,100,100120,100,99926,100,100123,100,99925,100
2019-06-28 09:36:40.000000000,99986,207,99970,207,99993,207,99969,207,100023,207,99957,207,100038,207,99956,207,100048,100,99953,100,100067,100,99952,200,100104,100,99935,100,100114,100,99929,100,100120,100,99926,100,100123,100,99925,100
2019-06-28 09:36:50.000000000,99986,207,99970,207,99993,207,99969,207,100023,207,99957,207,100038,207,99956,207,100048,100,99953,100,100067,100,99952,200,100104,100,99935,100,100114,100,99929,100,100120,100,99926,100,100123,100,99925,100
2019-06-28 09:37:00.000000000,99986,314,99970,314,99993,314,99969,314,100023,100,99957,100,100038,100,99956,100,100048,100,99953,100,100067,100,99952,200,100104,100,99935,100,100114,100,99929,100,100120,100,99926,100,100123,100,99925,100
2019-06-28 09:37:10.000000000,99986,246,99970,246,99993,241,99969,241,100023,241,99957,241,100038,100,99956,100,100048,100,99953,100,100067,100,99952,200,100104,100,99935,100,100114,100,99929,100,100120,100,99926,100,100123,100,99925,100
2019-06-28 09:37:13.637226154,99986,246,99970,146,99993,241,99969,241,100023,241,99957,241,100038,100,99956,100,100048,100,99953,100,100067,100,99952,200,100104,100,99935,100,100114,100,99929,100,100123,100,99926,100,100131,100,99925,100
2019-06-28 09:37:20.000000000,99986,528,99969,528,99993,100,99957,100,100023,100,99956,100,100038,100,99953,100,100048,100,99952,200,100067,100,99935,100,100104,100,99929,100,100114,100,99926,100,100123,100,99925,100,100131,100,99910,100
2019-06-28 09:37:30.000000000,99986,207,99969,207,99993,207,99957,207,100023,207,99956,207,100038,207,99953,207,100048,100,99952,200,100067,100,99935,100,100104,100,99929,100,100114,100,99926,100,100123,100,99925,100,100131,100,99910,100
2019-06-28 09:37:40.000000000,99986,207,99969,207,99993,207,99957,207,100023,207,99956,207,100038,207,99953,207,100048,100,99952,200,100067,100,99935,100,100104,100,99929,100,100114,100,99926,100,100123,100,99925,100,100131,100,99910,100
2019-06-28 09:37:44.383556022,99986,207,99969,107,99993,207,99957,207,100023,207,99956,207,100038,207,99953,207,100048,100,99952,200,100067,100,99935,100,100104,100,99929,100,100114,100,99926,100,100123,100,99925,100,100131,100,99910,100
2019-06-28 09:37:50.000000000,99986,246,99957,246,99993,241,99956,241,100023,241,99953,241,100038,100,99952,200,100048,100,99935,100,100067,100,99929,100,100104,100,99926,100,100114,100,99925,100,100123,100,99910,100,100131,100,99896,100
2019-06-28 09:37:52.822446621,99986,246,99957,146,99993,241,99956,241,100023,241,99953,241,100038,100,99952,200,100048,100,99935,100,100067,100,99926,100,100104,100,99925,100,100114,100,99910,100,100123,100,99896,100,100131,100,99876,100
2019-06-28 09:38:00.000000000,99986,246,99956,246,99993,241,99953,241,100023,241,99952,341,100038,100,99935,100,100048,100,99926,100,100067,100,99925,100,100104,100,99910,100,100114,100,99896,100,100123,100,99876,100,100131,100,99862,100
2019-06-28 09:38:03.699436541,99986,246,99956,146,99993,241,99953,241,100023,241,99952,341,100038,100,99935,100,100048,100,99926,100,100104,100,99925,100,100114,100,99910,100,100123,100,99896,100,100131,100,99876,100,100136,100,99862,100
2019-06-28 09:38:10.000000000,99986,528,99953,528,99993,100,99952,200,100023,100,99935,100,100038,100,99926,100,100048,100,99925,100,100104,100,99910,100,100114,100,99896,100,100123,100,99876,100,100131,100,99862,100,100136,100,99859,100
2019-06-28 09:38:14.272946050,99986,528,99953,528,99993,100,99952,100,100023,100,99935,100,100038,100,99926,100,100048,100,99925,100,100104,100,99910,100,100114,100,99896,100,100123,100,99876,100,100131,100,99862,100,100136,100,99859,100
2019-06-28 09:38:20.000000000,99986,246,99953,246,99993,241,99952,241,100023,241,99935,241,100038,100,99926,100,100048,100,99925,100,100104,100,99910,100,100114,100,99896,100,100123,100,99876,100,100131,100,99862,100,100136,100,99859,100
2019-06-28 09:38:30.000000000,99986,207,99953,207,99993,207,99952,207,100023,207,99935,207,100038,207,99926,207,100048,100,99925,100,100104,100,99910,100,100114,100,99896,100,100123,100,99876,100,100131,100,99862,100,100136,100,99859,100
2019-06-28 09:38:40.000000000,99986,186,99953,186,99993,186,99952,186,100023,186,99935,186,100038,186,99926,186,100048,186,99925,186,100104,100,99910,100,100114,100,99896,100,100123,100,99876,100,100131,100,99862,100,100136,100,99859,100
2019-06-28 09:38:47.246495710,99986,186,99953,86,99993,186,99952,186,100023,186,99935,186,100038,186,99926,186,100048,186,99925,186,100104,100,99910,100,100114,100,99896,100,100123,100,99876,100,100131,100,99862,100,100136,100,99859,100
2019-06-28 09:38:47.957728150,99956,100,99953,86,99986,186,99952,186,99993,186,99935,186,100023,186,99926,186,100038,186,99925,186,100048,186,99910,100,100104,100,99896,100,100114,100,99876,100,100123,100,99862,100,100131,100,99859,100
2019-06-28 09:38:50.000000000,99956,207,99952,207,99986,207,99935,207,99993,207,99926,207,100023,207,99925,207,100038,100,99910,100,100048,100,99896,100,100104,100,99876,100,100114,100,99862,100,100123,100,99859,100,100131,100,99858,100
2019-06-28 09:39:00.000000000,99956,207,99952,207,99986,207,99935,207,99993,207,99926,207,100023,207,99925,207,100038,100,99910,100,100048,100,99896,100,100104,100,99876,100,100114,100,99862,100,100123,100,99859,100,100131,100,99858,100
2019-06-28 09:39:00.773884755,99956,207,99952,207,99986,107,99935,207,99993,207,99926,207,100023,207,99925,207,100038,100,99910,100,100048,100,99896,100,100104,100,99876,100,100114,100,99862,100,100123,100,99859,100,100131,100,99858,100
2019-06-28 09:39:10.000000000,99956,186,99952,186,99993,186,99935,186,100023,186,99926,186,100038,186,99925,186,100048,186,99910,186,100104,100,99896,100,100114,100,99876,100,100123,100,99862,100,100131,100,99859,100,100136,100,99858,100
2019-06-28 09:39:20.000000000,99956,207,99952,207,99993,207,99935,207,100023,207,99926,207,100038,207,99925,207,100048,100,99910,100,100104,100,99896,100,100114,100,99876,100,100123,100,99862,100,100131,100,99859,100,100136,100,99858,100
2019-06-28 09:39:23.373103459,99956,207,99952,207,99993,207,99935,207,100023,207,99926,207,100038,207,99925,207,100048,100,99910,100,100104,100,99896,100,100114,100,99876,100,100123,100,99862,100,100131,100,99859,100,100136,100,99858,100
2019-06-28 09:39:24.921484066,99956,207,99952,107,99993,207,99935,207,100023,207,99926,207,100038,207,99925,207,100048,100,99910,100,100104,100,99896,100,100114,100,99876,100,100123,100,99862,100,100131,100,99859,100,100136,100,99858,100
2019-06-28 09:39:30.000000000,99956,246,99935,246,99993,241,99926,241,100023,241,99925,241,100038,100,99910,100,100048,100,99896,100,100104,100,99876,100,100114,100,99862,100,100123,100,99859,100,100131,100,99858,100,100136,100,99857,200
2019-06-28 09:39:33.031574594,99956,246,99935,146,99993,241,99926,241,100023,241,99925,241,100038,100,99910,100,100048,100,99896,100,100104,100,99876,100,100114,100,99862,100,100123,100,99859,100,100131,100,99858,100,100136,100,99857,200
2019-06-28 09:39:35.592127690,99956,246,99935,146,99993,241,99926,241,100023,241,99925,241,100038,100,99910,100,100104,100,99896,100,100114,100,99876,100,100123,100,99862,100,100131,100,99859,100,100136,100,99858,100,100167,100,99857,200
2019-06-28 09:39:40.000000000,99956,207,99926,207,99993,207,99925,207,100023,207,99910,207,100038,207,99896,207,100104,100,99876,100,100114,100,99862,100,100123,100,99859,100,100131,100,99858,100,100136,100,99857,200,100167,100,99855,200
2019-06-28 09:39:43.622488244,99956,207,99926,107,99993,207,99925,207,100023,107,99910,207,100038,207,99896,207,100104,100,99876,100,100114,100,99862,100,100123,100,99859,100,100131,100,99858,100,100136,100,99857,200,100167,100,99855,200
2019-06-28 09:39:50.000000000,99956,314,99925,314,99993,314,99910,314,100038,100,99896,100,100104,100,99876,100,100114,100,99862,100,100123,100,99859,100,100131,100,99858,100,100136,100,99857,200,100167,100,99855,200,100169,100,99844,100
2019-06-28 09:39:50.460493620,99956,314,99925,214,99993,314,99910,314,100038,100,99896,100,100104,100,99876,100,100114,100,99862,100,100123,100,99859,100,100131,100,99858,100,100136,100,99857,200,100167,100,99855,200,100169,100,99844,100
2019-06-28 09:39:53.176243764,99956,314,99925,114,99993,314,99910,314,100038,100,99896,100,100104,100,99876,100,100114,100,99862,100,100123,100,99859,100,100131,100,99858,100,100136,100,99857,200,100167,100,99855,200,100169,100,99844,100
2019-06-28 09:40:00.000000000,99956,528,99910,528,99993,100,99896,100,100038,100,99876,100,100104,100,99862,100,100114,100,99859,100,100123,100,99858,100,100131,100,99857,200,100136,100,99855,200,100167,100,99844,100,100169,100,99841,100
2019-06-28 09:40:10.000000000,99956,246,99910,246,99993,241,99896,241,100038,241,99876,241,100104,100,99862,100,100114,100,99859,100,100123,100,99858,100,100131,100,99857,200,100136,100,99855,200,100167,100,99844,100,100169,100,99841,100
2019-06-28 09:40:20.000000000,99956,207,99910,207,99993,207,99896,207,100038,207,99876,207,100104,207,99862,207,100114,100,99859,100,100123,100,99858,100,100131,100,99857,200,100136,100,99855,200,100167,100,99844,100,100169,100,99841,100
2019-06-28 09:40:30.000000000,99956,528,99910,528,99993,100,99896,100,100038,100,99876,100,100104,100,99862,100,100114,100,99859,100,100123,100,99858,100,100131,100,99857,200,100136,100,99855,200,100167,100,99844,100,100169,100,99841,100
2019-06-28 09:40:40.000000000,99956,314,99910,314,99993,314,99896,314,100038,100,99876,100,100104,100,99862,100,100114,100,99859,100,100123,100,99858,100,100131,100,99857,200,100136,100,99855,200,100167,100,99844,100,100169,100,99841,100
2019-06-28 09:40:50.000000000,99956,528,99910,528,99993,100,99896,100,100038,100,99876,100,100104,100,99862,100,100114,100,99859,100,100123,100,99858,100,100131,100,99857,200,100136,100,99855,200,100167,100,99844,100,100169,100,99841,100
2019-06-28 09:40:50.618392273,99956,528,99910,528,99993,100,99896,100,100038,100,99876,100,100104,100,99862,100,100114,100,99859,100,100123,100,99858,100,100131,100,99857,200,100136,100,99855,200,100167,100,99844,100,100169,100,99841,100
2019-06-28 09:40:54.019767029,99956,528,99910,528,99993,100,99896,100,100038,100,99876,100,100104,100,99862,100,100114,100,99859,100,100123,100,99858,100,100131,100,99857,200,100136,100,99855,200,100167,100,99844,100,100169,100,99841,100
2019-06-28 09:41:00.000000000,99956,246,99910,246,99993,241,99896,241,100038,241,99876,241,100104,100,99862,100,100114,100,99859,100,100123,100,99858,100,100131,100,99857,200,100136,100,99855,200,100167,100,99844,100,100169,100,99841,100
2019-06-28 09:41:05.755545499,99956,246,99910,146,99993,241,99896,241,100038,241,99876,241,100104,100,99862,100,100114,100,99859,100,100123,100,99858,100,100131,100,99857,200,100136,100,99855,200,100167,100,99844,100,100169,100,99841,100
2019-06-28 09:41:10.000000000,99956,528,99896,528,99993,100,99876,100,100038,100,99862,100,100104,100,99859,100,100114,100,99858,100,100123,100,99857,200,100131,100,99855,200,100136,100,99844,100,100167,100,99841,100,100169,100,99722,100
2019-06-28 09:41:16.657749316,99956,528,99896,428,99993,100,99876,100,100038,100,99862,100,100104,100,99859,100,100114,100,99858,100,100123,100,99857,200,100131,100,99855,200,100136,100,99844,100,100167,100,99841,100,100169,100,99722,100
2019-06-28 09:41:20.000000000,99956,528,99876,528,99993,100,99862,100,100038,100,99859,100,100104,100,99858,100,100114,100,99857,200,100123,100,99855,200,100131,100,99844,100,100136,100,99841,100,100167,100,99722,100,100169,100,99651,100
2019-06-28 09:41:30.000000000,99956,186,99876,186,99993,186,99862,186,100038,186,99859,186,100104,186,99858,186,100114,186,99857,286,100123,100,99855,200,100131,100,99844,100,100136,100,99841,100,100167,100,99722,100,100169,100,99651,100
2019-06-28 09:41:40.000000000,99956,314,99876,314,99993,314,99862,314,100038,100,99859,100,100104,100,99858,100,100114,100,99857,200,100123,100,99855,200,100131,100,99844,100,100136,100,99841,100,100167,100,99722,100,100169,100,99651,100
2019-06-28 09:41:50.000000000,99956,186,99876,186,99993,186,99862,186,100038,186,99859,186,100104,186,99858,186,100114,186,99857,286,100123,100,99855,200,100131,100,99844,100,100136,100,99841,100,100167,100,99722,100,100169,100,99651,100
2019-06-28 09:41:56.558237901,99956,186,99876,186,99993,186,99862,186,100038,186,99859,186,100104,186,99858,186,100114,186,99857,286,100123,100,99855,200,100136,100,99844,100,100167,100,99841,100,100169,100,99722,100,100212,100,99651,100
2019-06-28 09:42:00.000000000,99956,186,99876,186,99993,186,99862,186,100038,186,99859,186,100104,186,99858,186,100114,186,99857,286,100123,100,99855,200,100136,100,99844,100,100167,100,99841,100,100169,100,99722,100,100212,100,99651,100
2019-06-28 09:42:03.121659979,99956,186,99876,186,99993,186,99862,186,100038,186,99859,186,100104,186,99858,186,100114,186,99857,286,100123,100,99855,200,100136,100,99844,100,100167,100,99841,100,100169,100,99722,100,100212,100,99651,100
2019-06-28 09:42:10.000000000,99956,314,99876,314,99993,314,99862,314,100038,100,99859,100,100104,100,99858,100,100114,100,99857,200,100123,100,99855,200,100136,100,99844,100,100167,100,99841,100,100169,100,99722,100,100212,100,99651,100
2019-06-28 09:42:20.000000000,99956,207,99876,207,99993,207,99862,207,100038,207,99859,207,100104,207,99858,207,100114,100,99857,200,100123,100,99855,200,100136,100,99844,100,100167,100,99841,100,100169,100,99722,100,100212,100,99651,100
2019-06-28 09:42:30.000000000,99956,314,99876,314,99993,314,99862,314,100038,100,99859,100,100104,100,99858,100,100114,100,99857,200,100123,100,99855,200,100136,100,99844,100,100167,100,99841,100,100169,100,99722,100,100212,100,99651,100
2019-06-28 09:42:38.216576488,99956,314,99876,314,99993,314,99862,314,100038,100,99859,100,100104,100,99858,100,100114,100,99857,200,100123,100,99855,200,100136,100,99844,100,100167,100,99841,100,100169,100,99722,100,100212,100,99651,100
2019-06-28 09:42:40.000000000,99956,246,99876,246,99993,241,99862,241,100038,241,99859,241,100104,100,99858,100,100114,100,99857,200,100123,100,99855,200,100136,100,99844,100,100167,100,99841,100,100169,100,99722,100,100212,100,99651,100
2019-06-28 09:42:47.143022592,99956,246,99876,146,99993,241,99862,241,100038,241,99859,241,100104,100,99858,100,100114,100,99857,200,100123,100,99855,200,100136,100,99841,100,100167,100,99722,100,100169,100,99651,100,100212,100,99637,100
2019-06-28 09:42:50.000000000,99956,528,99862,528,99993,100,99859,100,100038,100,99858,100,100104,100,99857,200,100114,100,99855,200,100123,100,99841,100,100136,100,99722,100,100167,100,99651,100,100169,100,99637,100,100212,100,99552,100
2019-06-28 09:42:54.326741733,99956,528,99862,428,99993,100,99859,100,100038,100,99858,100,100104,100,99857,200,100114,100,99855,200,100123,100,99841,100,100136,100,99722,100,100167,100,99651,100,100169,100,99637,100,100212,100,99552,100
2019-06-28 09:43:00.000000000,99956,528,99859,528,99993,100,99858,100,100038,100,99857,200,100104,100,99855,200,100114,100,99841,100,100123,100,99722,100,100136,100,99651,100,100167,100,99637,100,100169,100,99552,100,100212,100,99406,100
2019-06-28 09:43:00.954167328,99956,528,99859,528,99993,100,99858,100,100038,100,99857,200,100104,100,99855,200,100114,100,99841,100,100123,100,99793,100,100136,100,99722,100,100167,100,99651,100,100169,100,99637,100,100212,100,99552,100
2019-06-28 09:43:10.000000000,99956,528,99859,528,99993,100,99858,100,100038,100,99857,200,100104,100,99855,200,100114,100,99841,100,100123,100,99793,100,100136,100,99722,100,100167,100,99651,100,100169,100,99637,100,100212,100,99552,100
2019-06-28 09:43:19.116933017,99956,528,99945,100,99993,100,99859,528,100038,100,99858,100,100104,100,99857,200,100114,100,99855,200,100123,100,99841,100,100136,100,99722,100,100167,100,99651,100,100169,100,99637,100,100212,100,99552,100
2019-06-28 09:43:20.000000000,99956,314,99945,314,99993,314,99859,314,100038,100,99858,100,100104,100,99857,200,100114,100,99855,200,100123,100,99841,100,100136,100,99722,100,100167,100,99651,100,100169,100,99637,100,100212,100,99552,100
2019-06-28 09:43:21.620512102,99956,314,99945,314,99993,314,99859,314,99996,100,99858,100,100038,100,99857,200,100104,100,99855,200,100114,100,99841,100,100123,100,99722,100,100136,100,99651,100,100167,100,99637,100,100169,100,99552,100
2019-06-28 09:43:30.000000000,99956,186,99945,186,99993,186,99859,186,99996,186,99858,186,100038,186,99857,286,100104,186,99855,286,100114,100,99841,100,100123,100,99722,100,100136,100,99651,100,100167,100,99637,100,100169,100,99552,100
2019-06-28 09:43:40.000000000,99956,246,99945,246,99993,241,99859,241,99996,241,99858,241,100038,100,99857,200,100104,100,99855,200,100114,100,99841,100,100123,100,99722,100,100136,100,99651,100,100167,100,99637,100,100169,100,99552,100
2019-06-28 09:43:50.000000000,99956,314,99945,314,99993,314,99859,314,99996,100,99858,100,100038,100,99857,200,100104,100,99855,200,100114,100,99841,100,100123,100,99722,100,100136,100,99651,100,100167,100,99637,100,100169,100,99552,100
2019-06-28 09:44:00.000000000,99956,207,99945,207,99993,207,99859,207,99996,207,99858,207,100038,207,99857,307,100104,100,99855,200,100114,100,99841,100,100123,100,99722,100,100136,100,99651,100,100167,100,99637,100,100169,100,99552,100
2019-06-28 09:44:10.000000000,99956,314,99945,314,99993,314,99859,314,99996,100,99858,100,100038,100,99857,200,100104,100,99855,200,100114,100,99841,100,100123,100,99722,100,100136,100,99651,100,100167,100,99637,100,100169,100,99552,100
2019-06-28 09:44:20.000000000,99956,186,99945,186,99993,186,99859,186,99996,186,99858,186,100038,186,99857,286,100104,186,99855,286,100114,100,99841,100,100123,100,99722,100,100136,100,99651,100,100167,100,99637,100,100169,100,99552,100
2019-06-28 09:44:30.000000000,99956,314,99945,314,99993,314,99859,314,99996,100,99858,100,100038,100,99857,200,100104,100,99855,200,100114,100,99841,100,100123,100,99722,100,100136,100,99651,100,100167,100,99637,100,100169,100,99552,100
2019-06-28 09:44:40.000000000,99956,207,99945,207,99993,207,99859,207,99996,207,99858,207,100038,207,99857,307,100104,100,99855,200,100114,100,99841,100,100123,100,99722,100,100136,100,99651,100,100167,100,99637,100,100169,100,99552,100
2019-06-28 09:44:45.705812253,99956,207,99945,107,99993,207,99859,207,99996,207,99858,207,100038,207,99857,307,100104,100,99855,200,100114,100,99841,100,100123,100,99722,100,100136,100,99651,100,100167,100,99637,100,100169,100,99552,100
2019-06-28 09:44:50.000000000,99956,246,99859,246,99993,241,99858,241,99996,241,99857,341,100038,100,99855,200,100104,100,99841,100,100114,100,99722,100,100123,100,99651,100,100136,100,99637,100,100167,100,99552,100,100169,100,99406,100
2019-06-28 09:44:56.083382864,99956,246,99859,146,99993,241,99858,241,99996,241,99857,341,100038,100,99855,200,100104,100,99841,100,100114,100,99722,100,100123,100,99651,100,100136,100,99637,100,100167,100,99552,100,100169,100,99406,100
2019-06-28 09:45:00.000000000,99956,246,99858,246,99993,241,99857,341,99996,241,99855,341,100038,100,99841,100,100104,100,99722,100,100114,100,99651,100,100123,100,99637,100,100136,100,99552,100,100167,100,99406,100,100169,100,99143,100
2019-06-28 09:45:10.000000000,99956,246,99858,246,99993,241,99857,341,99996,241,99855,341,100038,100,99841,100,100104,100,99722,100,100114,100,99651,100,100123,100,99637,100,100136,100,99552,100,100167,100,99406,100,100169,100,99143,100
2019-06-28 09:45:10.593481297,99956,246,99858,246,99993,241,99857,341,99996,241,99855,341,100038,100,99841,100,100054,100,99722,100,100104,100,99651,100,100114,100,99637,100,100123,100,99552,100,100136,100,99406,100,100167,100,99143,100
2019-06-28 09:45:12.235348159,99956,246,99858,246,99993,241,99857,341,99996,241,99855,341,100038,100,99841,100,100054,100,99837,100,100104,100,99651,100,100114,100,99637,100,100123,100,99552,100,100136,100,99406,100,100167,100,99143,100
2019-06-28 09:45:14.985531668,99945,100,99858,246,99956,246,99857,341,99993,241,99855,341,99996,241,99841,100,100038,100,99837,100,100054,100,99651,100,100104,100,99637,100,100114,100,99552,100,100123,100,99406,100,100136,100,99143,100
2019-06-28 09:45:17.318044788,99945,100,99858,246,99956,246,99857,341,99993,241,99855,341,99996,241,99841,100,100038,100,99837,100,100054,100,99651,100,100104,100,99637,100,100114,100,99552,100,100123,100,99406,100,100136,100,99143,100
2019-06-28 09:45:20.000000000,99945,186,99858,186,99956,186,99857,286,99993,186,99855,286,99996,186,99841,186,100038,186,99837,186,100054,100,99651,100,100104,100,99637,100,100114,100,99552,100,100123,100,99406,100,100136,100,99143,100
2019-06-28 09:45:28.026333117,99945,286,99858,186,99956,186,99857,286,99993,186,99855,286,99996,186,99841,186,100038,186,99837,186,100054,100,99651,100,100104,100,99637,100,100114,100,99552,100,100123,100,99406,100,100136,100,99143,100
2019-06-28 09:45:30.000000000,99945,414,99858,314,99956,314,99857,414,99993,100,99855,200,99996,100,99841,100,100038,100,99837,100,100054,100,99651,100,100104,100,99637,100,100114,100,99552,100,100123,100,99406,100,100136,100,99143,100
2019-06-28 09:45:40.000000000,99945,286,99858,186,99956,186,99857,286,99993,186,99855,286,99996,186,99841,186,100038,186,99837,186,100054,100,99651,100,100104,100,99637,100,100114,100,99552,100,100123,100,99406,100,100136,100,99143,100
2019-06-28 09:45:41.140861721,99945,286,99858,186,99956,186,99857,286,99993,186,99855,286,99996,186,99841,186,100038,86,99837,186,100054,100,99651,100,100104,100,99637,100,100114,100,99552,100,100123,100,99406,100,100136,100,99187,100
2019-06-28 09:45:50.000000000,99945,628,99858,528,99956,100,99857,200,99993,100,99855,200,99996,100,99841,100,100054,100,99837,100,100104,100,99651,100,100114,100,99637,100,100123,100,99552,100,100136,100,99406,100,100167,100,99187,100
2019-06-28 09:46:00.000000000,99945,307,99858,207,99956,207,99857,307,99993,207,99855,307,99996,207,99841,207,100054,100,99837,100,100104,100,99651,100,100114,100,99637,100,100123,100,99552,100,100136,100,99406,100,100167,100,99187,100
2019-06-28 09:46:10.000000000,99945,346,99858,246,99956,241,99857,341,99993,241,99855,341,99996,100,99841,100,100054,100,99837,100,100104,100,99651,100,100114,100,99637,100,100123,100,99552,100,100136,100,99406,100,100167,100,99187,100
2019-06-28 09:46:20.000000000,99945,414,99858,314,99956,314,99857,414,99993,100,99855,200,99996,100,99841,100,100054,100,99837,100,100104,100,99651,100,100114,100,99637,100,100123,100,99552,100,100136,100,99406,100,100167,100,99187,100
2019-06-28 09:46:22.310808578,99945,514,99858,314,99956,314,99857,414,99993,100,99855,200,99996,100,99841,100,100054,100,99837,100,100104,100,99651,100,100114,100,99637,100,100123,100,99552,100,100136,100,99406,100,100167,100,99187,100
2019-06-28 09:46:30.000000000,99945,446,99858,246,99956,241,99857,341,99993,241,99855,341,99996,100,99841,100,100054,100,99837,100,100104,100,99651,100,100114,100,99637,100,100123,100,99552,100,100136,100,99406,100,100167,100,99187,100
2019-06-28 09:46:32.922720543,99945,446,99858,246,99956,241,99857,341,99993,241,99855,341,99996,100,99841,100,100054,100,99837,100,100104,100,99651,100,100114,100,99637,100,100123,100,99565,100,100136,100,99552,100,100167,100,99406,100
2019-06-28 09:46:40.000000000,99945,728,99858,528,99956,100,99857,200,99993,100,99855,200,99996,100,99841,100,100054,100,99837,100,100104,100,99651,100,100114,100,99637,100,100123,100,99565,100,100136,100,99552,100,100167,100,99406,100
2019-06-28 09:46:42.170700674,99945,828,99858,528,99956,100,99857,200,99993,100,99855,200,99996,100,99841,100,100054,100,99837,100,100104,100,99651,100,100114,100,99637,100,100123,100,99565,100,100136,100,99552,100,100167,100,99406,100
2019-06-28 09:46:50.000000000,99945,828,99858,528,99956,100,99857,200,99993,100,99855,200,99996,100,99841,100,100054,100,99837,100,100104,100,99651,100,100114,100,99637,100,100123,100,99565,100,100136,100,99552,100,100167,100,99406,100
2019-06-28 09:46:50.189683482,99945,828,99858,528,99956,100,99857,200,99993,100,99855,200,99996,100,99841,100,100054,100,99837,100,100104,100,99651,100,100105,100,99637,100,100114,100,99565,100,100123,100,99406,100,100136,100,99187,100
2019-06-28 09:46:58.637550670,99945,828,99858,428,99956,100,99857,200,99993,100,99855,200,99996,100,99841,100,100054,100,99837,100,100104,100,99651,100,100105,100,99637,100,100114,100,99565,100,100123,100,99406,100,100136,100,99187,100
2019-06-28 09:47:00.000000000,99945,486,99857,286,99956,186,99855,286,99993,186,99841,186,99996,186,99837,186,100054,186,99651,186,100104,100,99637,100,100105,100,99565,100,100114,100,99406,100,100123,100,99187,100,100136,100,99143,100
2019-06-28 09:47:02.301126214,99945,486,99857,286,99956,186,99855,286,99993,186,99841,186,99996,186,99837,186,100054,186,99651,186,100104,100,99637,100,100105,100,99565,100,100114,100,99435,100,100123,100,99406,100,100136,100,99187,100
2019-06-28 09:47:10.000000000,99945,546,99857,346,99956,241,99855,341,99993,241,99841,241,99996,100,99837,100,100054,100,99651,100,100104,100,99637,100,100105,100,99565,100,100114,100,99435,100,100123,100,99406,100,100136,100,99187,100
2019-06-28 09:47:20.000000000,99945,486,99857,286,99956,186,99855,286,99993,186,99841,186,99996,186,99837,186,100054,186,99651,186,100104,100,99637,100,100105,100,99565,100,100114,100,99435,100,100123,100,99406,100,100136,100,99187,100
2019-06-28 09:47:30.000000000,99945,828,99857,628,99956,100,99855,200,99993,100,99841,100,99996,100,99837,100,100054,100,99651,100,100104,100,99637,100,100105,100,99565,100,100114,100,99435,100,100123,100,99406,100,100136,100,99187,100
2019-06-28 09:47:40.000000000,99945,828,99857,628,99956,100,99855,200,99993,100,99841,100,99996,100,99837,100,100054,100,99651,100,100104,100,99637,100,100105,100,99565,100,100114,100,99435,100,100123,100,99406,100,100136,100,99187,100
2019-06-28 09:47:50.000000000,99945,507,99857,307,99956,207,99855,307,99993,207,99841,207,99996,207,99837,207,100054,100,99651,100,100104,100,99637,100,100105,100,99565,100,100114,100,99435,100,100123,100,99406,100,100136,100,99187,100
2019-06-28 09:47:51.001813109,99945,407,99857,307,99956,207,99855,307,99993,207,99841,207,99996,207,99837,207,100054,100,99651,100,100104,100,99637,100,100105,100,99565,100,100114,100,99435,100,100123,100,99406,100,100136,100,99187,100
2019-06-28 09:48:00.000000000,99945,514,99857,414,99956,314,99855,414,99993,100,99841,100,99996,100,99837,100,100054,100,99651,100,100104,100,99637,100,100105,100,99565,100,100114,100,99435,100,100123,100,99406,100,100136,100,99187,100
2019-06-28 09:48:00.897393352,99945,514,99859,100,99956,314,99857,414,99993,100,99855,414,99996,100,99841,100,100054,100,99837,100,100104,100,99651,100,100105,100,99637,100,100114,100,99565,100,100123,100,99435,100,100136,100,99406,100
2019-06-28 09:48:10.000000000,99945,446,99859,246,99956,241,99857,341,99993,241,99855,341,99996,100,99841,100,100054,100,99837,100,100104,100,99651,100,100105,100,99637,100,100114,100,99565,100,100123,100,99435,100,100136,100,99406,100
2019-06-28 09:48:20.000000000,99945,446,99859,246,99956,241,99857,341,99993,241,99855,341,99996,100,99841,100,100054,100,99837,100,100104,100,99651,100,100105,100,99637,100,100114,100,99565,100,100123,100,99435,100,100136,100,99406,100
2019-06-28 09:48:21.790919206,99945,446,99859,346,99956,241,99857,341,99993,241,99855,341,99996,100,99841,100,100054,100,99837,100,100104,100,99651,100,100105,100,99637,100,100114,100,99565,100,100123,100,99435,100,100136,100,99406,100
2019-06-28 09:48:30.000000000,99945,514,99859,414,99956,314,99857,414,99993,100,99855,200,99996,100,99841,100,100054,100,99837,100,100104,100,99651,100,100105,100,99637,100,100114,100,99565,100,100123,100,99435,100,100136,100,99406,100
2019-06-28 09:48:35.291318374,99945,414,99859,414,99956,314,99857,414,99993,100,99855,200,99996,100,99841,100,100104,100,99837,100,100105,100,99651,100,100114,100,99637,100,100123,100,99565,100,100136,100,99435,100,100167,100,99406,100
2019-06-28 09:48:37.201707334,99945,314,99859,414,99956,314,99857,414,99993,100,99855,200,99996,100,99841,100,100104,100,99837,100,100105,100,99637,100,100114,100,99565,100,100123,100,99435,100,100136,100,99406,100,100167,100,99187,100
2019-06-28 09:48:40.000000000,99945,528,99859,628,99956,100,99857,200,99993,100,99855,200,99996,100,99841,100,100104,100,99837,100,100105,100,99637,100,100114,100,99565,100,100123,100,99435,100,100136,100,99406,100,100167,100,99187,100
2019-06-28 09:48:41.973261941,99945,428,99859,628,99956,100,99857,200,99993,100,99855,200,99996,100,99841,100,100104,100,99837,100,100105,100,99637,100,100114,100,99565,100,100123,100,99435,100,100136,100,99406,100,100167,100,99187,100
2019-06-28 09:48:50.000000000,99956,314,99859,414,99993,314,99857,414,99996,100,99855,200,100104,100,99841,100,100105,100,99837,100,100114,100,99637,100,100123,100,99565,100,100136,100,99435,100,100167,100,99406,100,100169,100,99187,100
2019-06-28 09:49:00.000000000,99956,528,99859,628,99993,100,99857,200,99996,100,99855,200,100104,100,99841,100,100105,100,99837,100,100114,100,99637,100,100123,100,99565,100,100136,100,99435,100,100167,100,99406,100,100169,100,99187,100
2019-06-28 09:49:10.000000000,99956,186,99859,286,99993,186,99857,286,99996,186,99855,286,100104,186,99841,186,100105,186,99837,186,100114,100,99637,100,100123,100,99565,100,100136,100,99435,100,100167,100,99406,100,100169,100,99187,100
2019-06-28 09:49:13.019336489,99956,186,99859,286,99993,186,99857,286,99996,186,99855,286,100104,186,99841,186,100105,186,99837,186,100114,100,99637,100,100123,100,99565,100,100136,100,99435,100,100167,100,99406,100,100169,100,99187,100
2019-06-28 09:49:15.799895739,99956,86,99859,286,99993,186,99857,286,99996,186,99855,186,100104,186,99841,186,100105,186,99837,186,100114,100,99637,100,100123,100,99565,100,100136,100,99435,100,100167,100,99406,100,100169,100,99187,100
2019-06-28 09:49:20.000000000,99993,246,99859,346,99996,241,99857,341,100104,241,99855,241,100105,100,99841,100,100114,100,99837,100,100123,100,99637,100,100136,100,99565,100,100167,100,99435,100,100169,100,99406,100,100212,100,99187,100
2019-06-28 09:49:20.065388804,99993,246,99859,346,99996,241,99857,341,100104,241,99855,241,100105,100,99841,100,100114,100,99637,100,100123,100,99565,100,100136,100,99435,100,100167,100,99406,100,100169,100,99187,100,100212,100,99143,100
2019-06-28 09:49:27.821716103,99993,246,99859,346,99996,241,99857,341,100104,241,99855,241,100105,100,99841,100,100114,100,99637,100,100123,100,99565,100,100136,100,99435,100,100167,100,99406,100,100169,100,99187,100,100212,100,99143,100
2019-06-28 09:49:30.000000000,99993,207,99859,307,99996,207,99857,307,100104,207,99855,207,100105,207,99841,207,100114,100,99637,100,100123,100,99565,100,100136,100,99435,100,100167,100,99406,100,100169,100,99187,100,100212,100,99143,100
2019-06-28 09:49:40.000000000,99993,246,99859,346,99996,241,99857,341,100104,241,99855,241,100105,100,99841,100,100114,100,99637,100,100123,100,99565,100,100136,100,99435,100,100167,100,99406,100,100169,100,99187,100,100212,100,99143,100
2019-06-28 09:49:50.000000000,99993,186,99859,286,99996,186,99857,286,100104,186,99855,186,100105,186,99841,186,100114,186,99637,186,100123,100,99565,100,100136,100,99435,100,100167,100,99406,100,100169,100,99187,100,100212,100,99143,100
2019-06-28 09:49:53.325547284,99993,186,99859,286,99996,186,99857,286,100104,186,99855,186,100105,186,99841,186,100114,186,99637,186,100123,100,99565,100,100136,100,99435,100,100167,100,99406,100,100169,100,99187,100,100212,100,99143,100
2019-06-28 09:49:58.854324104,99993,186,99945,100,99996,186,99859,286,100104,186,99857,286,100105,186,99855,186,100114,186,99841,186,100123,100,99637,186,100136,100,99565,100,100167,100,99435,100,100169,100,99406,100,100212,100,99187,100
2019-06-28 09:50:00.000000000,99993,246,99945,246,99996,241,99859,341,100104,241,99857,341,100105,100,99855,100,100114,100,99841,100,100123,100,99637,100,100136,100,99565,100,100167,100,99435,100,100169,100,99406,100,100212,100,99187,100
2019-06-28 09:50:06.147601987,99993,246,99945,246,99996,241,99859,241,100104,241,99857,341,100105,100,99855,100,100114,100,99841,100,100123,100,99637,100,100136,100,99565,100,100167,100,99435,100,100169,100,99406,100,100212,100,99187,100
2019-06-28 09:50:10.000000000,99993,186,99945,186,99996,186,99859,186,100104,186,99857,286,100105,186,99855,186,100114,186,99841,186,100123,100,99637,100,100136,100,99565,100,100167,100,99435,100,100169,100,99406,100,100212,100,99187,100
2019-06-28 09:50:20.000000000,99993,528,99945,528,99996,100,99859,100,100104,100,99857,200,100105,100,99855,100,100114,100,99841,100,100123,100,99637,100,100136,100,99565,100,100167,100,99435,100,100169,100,99406,100,100212,100,99187,100
2019-06-28 09:50:20.280980345,99993,528,99945,528,99996,100,99859,100,100104,100,99857,200,100105,100,99855,100,100114,100,99841,100,100123,100,99637,100,100136,100,99565,100,100167,100,99435,100,100169,100,99406,100,100212,100,99187,100
2019-06-28 09:50:25.048481011,99993,428,99945,528,99996,100,99859,100,100104,100,99857,200,100105,100,99855,100,100114,100,99841,100,100123,100,99637,100,100136,100,99565,100,100167,100,99435,100,100169,100,99406,100,100212,100,99187,100
2019-06-28 09:50:30.000000000,99996,246,99945,246,100104,241,99859,241,100105,241,99857,341,100114,100,99855,100,100123,100,99841,100,100136,100,99637,100,100167,100,99565,100,100169,100,99435,100,100212,100,99406,100,101195,100,99187,100
2019-06-28 09:50:30.322643366,99996,146,99945,246,100104,241,99859,241,100105,241,99857,341,100114,100,99855,100,100123,100,99841,100,100136,100,99637,100,100167,100,99565,100,100169,100,99435,100,100212,100,99406,100,101195,100,99187,100
2019-06-28 09:50:40.000000000,100104,314,99945,314,100105,314,99859,314,100114,100,99857,200,100123,100,99855,100,100136,100,99841,100,100167,100,99637,100,100169,100,99565,100,100212,100,99435,100,101195,100,99406,100,101429,100,99187,100
2019-06-28 09:50:45.152270118,100104,314,99945,314,100105,314,99859,314,100114,100,99857,200,100123,100,99855,100,100136,100,99841,100,100167,100,99637,100,100169,100,99565,100,100212,100,99435,100,101195,100,99406,100,101429,100,99187,100
2019-06-28 09:50:50.000000000,100104,246,99945,246,100105,241,99859,241,100114,241,99857,341,100123,100,99855,100,100136,100,99841,100,100167,100,99637,100,100169,100,99565,100,100212,100,99435,100,101195,100,99406,100,101429,100,99187,100
2019-06-28 09:50:54.389535577,100104,146,99945,246,100105,241,99859,241,100114,241,99857,341,100123,100,99855,100,100136,100,99841,100,100167,100,99637,100,100169,100,99565,100,100212,100,99435,100,101195,100,99406,100,101429,100,99187,100
2019-06-28 09:51:00.000000000,100105,314,99945,314,100114,314,99859,314,100123,100,99857,200,100136,100,99855,100,100167,100,99841,100,100169,100,99637,100,100212,100,99565,100,101195,100,99435,100,101429,100,99406,100,101442,100,99187,100
2019-06-28 09:51:01.810239207,100105,314,99996,100,100114,314,99945,314,100123,100,99859,314,100136,100,99857,200,100167,100,99855,100,100169,100,99841,100,100212,100,99637,100,101195,100,99565,100,101429,100,99435,100,101442,100,99406,100
2019-06-28 09:51:10.000000000,100105,528,99996,528,100114,100,99945,100,100123,100,99859,100,100136,100,99857,200,100167,100,99855,100,100169,100,99841,100,100212,100,99637,100,101195,100,99565,100,101429,100,99435,100,101442,100,99406,100
2019-06-28 09:51:20.000000000,100105,246,99996,246,100114,241,99945,241,100123,241,99859,241,100136,100,99857,200,100167,100,99855,100,100169,100,99841,100,100212,100,99637,100,101195,100,99565,100,101429,100,99435,100,101442,100,99406,100
2019-06-28 09:51:30.000000000,100105,186,99996,186,100114,186,99945,186,100123,186,99859,186,100136,186,99857,286,100167,186,99855,186,100169,100,99841,100,100212,100,99637,100,101195,100,99565,100,101429,100,99435,100,101442,100,99406,100
2019-06-28 09:51:40.000000000,100105,528,99996,528,100114,100,99945,100,100123,100,99859,100,100136,100,99857,200,100167,100,99855,100,100169,100,99841,100,100212,100,99637,100,101195,100,99565,100,101429,100,99435,100,101442,100,99406,100
2019-06-28 09:51:45.139523219,100105,328,99996,528,100114,100,99945,100,100123,100,99859,100,100136,100,99857,200,100167,100,99855,100,100169,100,99841,100,100212,100,99637,100,101195,100,99565,100,101429,100,99435,100,101442,100,99406,100
2019-06-28 09:51:50.000000000,100114,207,99996,207,100123,207,99945,207,100136,207,99859,207,100167,207,99857,307,100169,100,99855,100,100212,100,99841,100,101195,100,99637,100,101429,100,99565,100,101442,100,99435,100,101707,100,99406,100
2019-06-28 09:52:00.000000000,100114,528,99996,528,100123,100,99945,100,100136,100,99859,100,100167,100,99857,200,100169,100,99855,100,100212,100,99841,100,101195,100,99637,100,101429,100,99565,100,101442,100,99435,100,101707,100,99406,100
2019-06-28 09:52:03.029802996,100114,428,99996,528,100123,100,99945,100,100136,100,99859,100,100167,100,99857,200,100169,100,99855,100,100212,100,99841,100,101195,100,99637,100,101429,100,99565,100,101442,100,99435,100,101707,100,99406,100
2019-06-28 09:52:10.000000000,100123,314,99996,314,100136,314,99945,314,100167,100,99859,100,100169,100,99857,200,100212,100,99855,100,101195,100,99841,100,101429,100,99637,100,101442,100,99565,100,101707,100,99435,100,,,99406,100
2019-06-28 09:52:13.271127168,100123,314,99996,314,100136,314,99945,314,100167,100,99859,100,100169,100,99857,200,100212,100,99855,100,101195,100,99841,100,101397,100,99637,100,101429,100,99565,100,101442,100,99435,100,101707,100,99406,100
2019-06-28 09:52:13.940360797,100123,214,99996,314,100136,314,99945,314,100167,100,99859,100,100169,100,99857,200,100212,100,99855,100,101195,100,99841,100,101397,100,99637,100,101429,100,99565,100,101442,100,99406,100,101707,100,99187,100
2019-06-28 09:52:20.000000000,100136,528,99996,528,100167,100,99945,100,100169,100,99859,100,100212,100,99857,200,101195,100,99855,100,101397,100,99841,100,101429,100,99637,100,101442,100,99565,100,101707,100,99406,100,,,99187,100
2019-06-28 09:52:22.514725445,100136,428,99996,528,100167,100,99945,100,100169,100,99859,100,100212,100,99857,200,101195,100,99855,100,101397,100,99841,100,101429,100,99637,100,101442,100,99565,100,101707,100,99406,100,,,99187,100
2019-06-28 09:52:27.032597970,100136,428,99996,528,100167,100,99945,100,100169,100,99859,100,100212,100,99857,200,101195,100,99855,100,101397,100,99841,100,101429,100,99637,100,101442,100,99565,100,101451,100,99406,100,101707,100,99187,100
2019-06-28 09:52:30.000000000,100167,207,99996,207,100169,207,99945,207,100212,207,99859,207,101195,207,99857,307,101397,100,99855,100,101429,100,99841,100,101442,100,99637,100,101451,100,99565,100,101707,100,99406,100,,,99187,100
2019-06-28 09:52:33.966276939,100167,107,99996,207,100169,207,99945,207,100212,207,99859,207,101195,207,99857,307,101429,100,99855,100,101442,100,99841,100,101451,100,99637,100,101707,100,99565,100,,,99406,100,,,99187,100
2019-06-28 09:52:40.000000000,100169,186,99996,186,100212,186,99945,186,101195,186,99859,186,101429,186,99857,286,101442,186,99855,186,101451,100,99841,100,101707,100,99637,100,,,99565,100,,,99406,100,,,99187,100
2019-06-28 09:52:50.000000000,100169,314,99996,314,100212,314,99945,314,101195,100,99859,100,101429,100,99857,200,101442,100,99855,100,101451,100,99841,100,101707,100,99637,100,,,99565,100,,,99406,100,,,99187,100
2019-06-28 09:52:57.463369183,100169,314,99996,314,100212,314,99945,314,101056,100,99859,100,101195,100,99857,200,101429,100,99855,100,101442,100,99841,100,101451,100,99637,100,101707,100,99565,100,,,99406,100,,,99187,100
2019-06-28 09:53:00.000000000,100169,207,99996,207,100212,207,99945,207,101056,207,99859,207,101195,207,99857,307,101429,100,99855,100,101442,100,99841,100,101451,100,99637,100,101707,100,99565,100,,,99406,100,,,99187,100
2019-06-28 09:53:07.966451816,100169,207,99996,207,100212,207,99945,207,100801,100,99859,207,101056,207,99857,307,101195,207,99855,100,101429,100,99841,100,101442,100,99637,100,101451,100,99565,100,101707,100,99406,100,,,99187,100
2019-06-28 09:53:10.000000000,100169,246,99996,246,100212,241,99945,241,100801,241,99859,241,101056,100,99857,200,101195,100,99855,100,101429,100,99841,100,101442,100,99637,100,101451,100,99565,100,101707,100,99406,100,,,99187,100
2019-06-28 09:53:20.000000000,100169,207,99996,207,100212,207,99945,207,100801,207,99859,207,101056,207,99857,307,101195,100,99855,100,101429,100,99841,100,101442,100,99637,100,101451,100,99565,100,101707,100,99406,100,,,99187,100
2019-06-28 09:53:24.124878596,100169,207,100136,100,100212,207,99996,207,100801,207,99945,207,101056,207,99859,207,101195,100,99857,307,101429,100,99855,100,101442,100,99841,100,101451,100,99637,100,101707,100,99565,100,,,99406,100
2019-06-28 09:53:30.000000000,100169,207,100136,207,100212,207,99996,207,100801,207,99945,207,101056,207,99859,207,101195,100,99857,200,101429,100,99855,100,101442,100,99841,100,101451,100,99637,100,101707,100,99565,100,,,99406,100
2019-06-28 09:53:32.396285526,100169,107,100136,207,100212,207,99996,207,100801,207,99945,207,101056,207,99859,207,101195,100,99857,200,101429,100,99855,100,101442,100,99841,100,101451,100,99637,100,101707,100,99565,100,,,99406,100
2019-06-28 09:53:40.000000000,100212,246,100136,246,100801,241,99996,241,101056,241,99945,241,101195,100,99859,100,101429,100,99857,200,101442,100,99855,100,101451,100,99841,100,101707,100,99637,100,,,99565,100,,,99406,100
2019-06-28 09:53:50.000000000,100212,186,100136,186,100801,186,99996,186,101056,186,99945,186,101195,186,99859,186,101429,186,99857,286,101442,100,99855,100,101451,100,99841,100,101707,100,99637,100,,,99565,100,,,99406,100
2019-06-28 09:53:55.008045359,100212,186,100136,186,100801,186,99996,186,101056,186,99945,186,101093,100,99859,186,101195,186,99857,286,101429,186,99855,100,101442,100,99841,100,101451,100,99637,100,101707,100,99565,100,,,99406,100
2019-06-28 09:54:00.000000000,100212,186,100136,186,100801,186,99996,186,101056,186,99945,186,101093,186,99859,186,101195,186,99857,286,101429,100,99855,100,101442,100,99841,100,101451,100,99637,100,101707,100,99565,100,,,99406,100
2019-06-28 09:54:00.215689584,100212,186,100136,186,100801,186,99996,186,101056,186,99945,186,101093,186,99859,186,101144,100,99857,286,101195,186,99855,100,101429,100,99841,100,101442,100,99637,100,101451,100,99565,100,101707,100,99406,100
2019-06-28 09:54:10.000000000,100212,246,100136,246,100801,241,99996,241,101056,241,99945,241,101093,100,99859,100,101144,100,99857,200,101195,100,99855,100,101429,100,99841,100,101442,100,99637,100,101451,100,99565,100,101707,100,99406,100
2019-06-28 09:54:15.959520867,100212,146,100136,246,100801,241,99996,241,101056,241,99945,241,101093,100,99859,100,101144,100,99857,200,101195,100,99855,100,101429,100,99841,100,101442,100,99637,100,101451,100,99565,100,101707,100,99406,100
2019-06-28 09:54:20.000000000,100801,528,100136,528,101056,100,99996,100,101093,100,99945,100,101144,100,99859,100,101195,100,99857,200,101429,100,99855,100,101442,100,99841,100,101451,100,99637,100,101707,100,99565,100,,,99406,100
2019-06-28 09:54:30.000000000,100801,314,100136,314,101056,314,99996,314,101093,100,99945,100,101144,100,99859,100,101195,100,99857,200,101429,100,99855,100,101442,100,99841,100,101451,100,99637,100,101707,100,99565,100,,,99406,100
2019-06-28 09:54:38.218210483,100801,214,100136,314,101056,314,99996,314,101093,100,99945,100,101144,100,99859,100,101195,100,99857,200,101429,100,99855,100,101442,100,99841,100,101451,100,99637,100,101707,100,99565,100,,,99406,100
2019-06-28 09:54:40.000000000,101056,186,100136,186,101093,186,99996,186,101144,186,99945,186,101195,186,99859,186,101429,186,99857,286,101442,100,99855,100,101451,100,99841,100,101707,100,99637,100,,,99565,100,,,99406,100
2019-06-28 09:54:50.000000000,101056,528,100136,528,101093,100,99996,100,101144,100,99945,100,101195,100,99859,100,101429,100,99857,200,101442,100,99855,100,101451,100,99841,100,101707,100,99637,100,,,99565,100,,,99406,100
2019-06-28 09:55:00.000000000,101056,246,100136,246,101093,241,99996,241,101144,241,99945,241,101195,100,99859,100,101429,100,99857,200,101442,100,99855,100,101451,100,99841,100,101707,100,99637,100,,,99565,100,,,99406,100
2019-06-28 09:55:10.000000000,101056,528,100136,528,101093,100,99996,100,101144,100,99945,100,101195,100,99859,100,101429,100,99857,200,101442,100,99855,100,101451,100,99841,100,101707,100,99637,100,,,99565,100,,,99406,100
2019-06-28 09:55:20.000000000,101056,246,100136,246,101093,241,99996,241,101144,241,99945,241,101195,100,99859,100,101429,100,99857,200,101442,100,99855,100,101451,100,99841,100,101707,100,99637,100,,,99565,100,,,99406,100
2019-06-28 09:55:28.487261950,101056,246,101046,100,101093,241,100136,246,101144,241,99996,241,101195,100,99945,241,101429,100,99859,100,101442,100,99857,200,101451,100,99855,100,101707,100,99841,100,,,99637,100,,,99565,100
2019-06-28 09:55:30.000000000,101056,207,101046,207,101093,207,100136,207,101144,207,99996,207,101195,207,99945,207,101429,100,99859,100,101442,100,99857,200,101451,100,99855,100,101707,100,99841,100,,,99637,100,,,99565,100
2019-06-28 09:55:40.000000000,101056,186,101046,186,101093,186,100136,186,101144,186,99996,186,101195,186,99945,186,101429,186,99859,186,101442,100,99857,200,101451,100,99855,100,101707,100,99841,100,,,99637,100,,,99565,100
2019-06-28 09:55:50.000000000,101056,207,101046,207,101093,207,100136,207,101144,207,99996,207,101195,207,99945,207,101429,100,99859,100,101442,100,99857,200,101451,100,99855,100,101707,100,99841,100,,,99637,100,,,99565,100
2019-06-28 09:55:55.543276809,101056,207,101046,207,101093,107,100815,100,101144,207,100136,207,101195,207,99996,207,101429,100,99945,207,101442,100,99859,100,101451,100,99857,200,101707,100,99855,100,,,99841,100,,,99637,100
2019-06-28 09:56:00.000000000,101056,314,101046,314,101144,314,100815,314,101195,100,100136,100,101429,100,99996,100,101442,100,99945,100,101451,100,99859,100,101707,100,99857,200,,,99855,100,,,99841,100,,,99637,100
2019-06-28 09:56:10.000000000,101056,207,101046,207,101144,207,100815,207,101195,207,100136,207,101429,207,99996,207,101442,100,99945,100,101451,100,99859,100,101707,100,99857,200,,,99855,100,,,99841,100,,,99637,100
2019-06-28 09:56:20.000000000,101056,314,101046,314,101144,314,100815,314,101195,100,100136,100,101429,100,99996,100,101442,100,99945,100,101451,100,99859,100,101707,100,99857,200,,,99855,100,,,99841,100,,,99637,100
2019-06-28 09:56:20.573194436,101056,314,101046,314,101144,314,100815,314,101195,100,100662,100,101429,100,100136,100,101442,100,99996,100,101451,100,99945,100,101707,100,99859,100,,,99857,200,,,99855,100,,,99841,100
2019-06-28 09:56:21.181634099,101056,314,101046,214,101144,314,100815,314,101195,100,100662,100,101429,100,100136,100,101442,100,99996,100,101451,100,99945,100,101707,100,99859,100,,,99857,200,,,99855,100,,,99841,100
2019-06-28 09:56:25.536219662,101056,314,101046,114,101144,314,100815,314,101195,100,100136,100,101429,100,99996,100,101442,100,99945,100,101451,100,99859,100,101707,100,99857,200,,,99855,100,,,99841,100,,,99637,100
2019-06-28 09:56:28.479424403,101056,314,101046,114,101144,314,100815,314,101195,100,100560,100,101442,100,100136,100,101451,100,99996,100,101707,100,99945,100,,,99859,100,,,99857,200,,,99855,100,,,99841,100
2019-06-28 09:56:29.281164227,101056,314,101046,114,101144,314,100815,314,101195,100,100560,100,101442,100,100279,100,101451,100,100136,100,101707,100,99996,100,,,99945,100,,,99859,100,,,99857,200,,,99855,100
2019-06-28 09:56:30.000000000,101056,207,100815,207,101144,207,100560,207,101195,207,100279,207,101442,207,100136,207,101451,100,99996,100,101707,100,99945,100,,,99859,100,,,99857,200,,,99855,100,,,99841,100
2019-06-28 09:56:31.849222067,100823,100,100815,207,101056,207,100560,207,101144,207,100279,207,101195,207,100136,207,101442,207,99996,100,101451,100,99945,100,101707,100,99859,100,,,99857,200,,,99855,100,,,99841,100
2019-06-28 09:56:37.984658122,100823,100,100815,107,101056,207,100560,207,101144,207,100279,207,101195,207,100136,207,101442,207,99996,100,101451,100,99945,100,101707,100,99859,100,,,99857,100,,,99855,100,,,99841,100
2019-06-28 09:56:40.000000000,100823,186,100560,186,101056,186,100279,186,101144,186,100136,186,101195,186,99996,186,101442,186,99945,186,101451,100,99859,100,101707,100,99857,100,,,99855,100,,,99841,100,,,99637,100
2019-06-28 09:56:41.968412839,100822,100,100560,186,100823,186,100279,186,101056,186,100136,186,101144,186,99996,186,101195,186,99945,186,101442,186,99859,100,101451,100,99857,100,101707,100,99855,100,,,99841,100,,,99637,100
2019-06-28 09:56:50.000000000,100822,246,100560,246,100823,241,100279,241,101056,241,100136,241,101144,100,99996,100,101195,100,99945,100,101442,100,99859,100,101451,100,99857,100,101707,100,99855,100,,,99841,100,,,99637,100
2019-06-28 09:57:00.000000000,100822,528,100560,528,100823,100,100279,100,101056,100,100136,100,101144,100,99996,100,101195,100,99945,100,101442,100,99859,100,101451,100,99857,100,101707,100,99855,100,,,99841,100,,,99637,100
2019-06-28 09:57:06.583216403,100769,100,100560,528,100822,528,100279,100,100823,100,100136,100,101056,100,99996,100,101144,100,99945,100,101195,100,99859,100,101442,100,99857,100,101451,100,99855,100,101707,100,99841,100,,,99637,100
2019-06-28 09:57:10.000000000,100769,246,100560,246,100822,241,100279,241,100823,241,100136,241,101056,100,99996,100,101144,100,99945,100,101195,100,99859,100,101442,100,99857,100,101451,100,99855,100,101707,100,99841,100,,,99637,100
2019-06-28 09:57:20.000000000,100769,314,100560,314,100822,314,100279,314,100823,100,100136,100,101056,100,99996,100,101144,100,99945,100,101195,100,99859,100,101442,100,99857,100,101451,100,99855,100,101707,100,99841,100,,,99637,100
2019-06-28 09:57:26.676997168,100769,314,100560,314,100822,314,100279,314,100823,100,100136,100,100934,100,99996,100,101056,100,99945,100,101144,100,99859,100,101442,100,99857,100,101451,100,99855,100,101707,100,99841,100,,,99637,100
2019-06-28 09:57:30.000000000,100769,246,100560,246,100822,241,100279,241,100823,241,100136,241,100934,100,99996,100,101056,100,99945,100,101144,100,99859,100,101442,100,99857,100,101451,100,99855,100,101707,100,99841,100,,,99637,100
2019-06-28 09:57:39.565140392,100736,100,100560,246,100769,246,100279,241,100822,241,100136,241,100823,241,99996,100,100934,100,99945,100,101056,100,99859,100,101144,100,99857,100,101442,100,99855,100,101451,100,99841,100,101707,100,99637,100
2019-06-28 09:57:40.000000000,100736,207,100560,207,100769,207,100279,207,100822,207,100136,207,100823,207,99996,207,100934,100,99945,100,101056,100,99859,100,101144,100,99857,100,101442,100,99855,100,101451,100,99841,100,101707,100,99637,100
2019-06-28 09:57:40.508203415,100736,207,100560,207,100769,207,100279,207,100822,207,100136,207,100823,207,99996,207,100897,100,99945,100,100934,100,99859,100,101056,100,99857,100,101144,100,99855,100,101442,100,99841,100,101451,100,99565,100
2019-06-28 09:57:50.000000000,100736,314,100560,314,100769,314,100279,314,100822,100,100136,100,100823,100,99996,100,100897,100,99945,100,100934,100,99859,100,101056,100,99857,100,101144,100,99855,100,101442,100,99841,100,101451,100,99565,100
2019-06-28 09:58:00.000000000,100736,186,100560,186,100769,186,100279,186,100822,186,100136,186,100823,186,99996,186,100897,186,99945,186,100934,100,99859,100,101056,100,99857,100,101144,100,99855,100,101442,100,99841,100,101451,100,99565,100
2019-06-28 09:58:03.911089166,100736,86,100560,186,100769,186,100279,186,100822,186,100136,186,100823,186,99996,186,100897,186,99945,186,100934,100,99859,100,101056,100,99857,100,101144,100,99855,100,101442,100,99841,100,101451,100,99565,100
2019-06-28 09:58:05.751648285,100736,86,100560,186,100769,186,100279,186,100822,186,100136,86,100823,186,99996,186,100897,186,99945,186,100934,100,99859,100,101056,100,99857,100,101144,100,99855,100,101442,100,99841,100,101451,100,99565,100
2019-06-28 09:58:10.000000000,100769,207,100560,207,100822,207,100279,207,100823,207,99996,207,100897,207,99945,207,100934,100,99859,100,101056,100,99857,100,101144,100,99855,100,101442,100,99841,100,101451,100,99565,100,101707,100,99143,100
2019-06-28 09:58:20.000000000,100769,246,100560,246,100822,241,100279,241,100823,241,99996,241,100897,100,99945,100,100934,100,99859,100,101056,100,99857,100,101144,100,99855,100,101442,100,99841,100,101451,100,99565,100,101707,100,99143,100
2019-06-28 09:58:21.505654877,100769,246,100560,246,100822,241,100279,241,100823,241,99996,241,100897,100,99945,100,100902,100,99859,100,100934,100,99857,100,101056,100,99855,100,101144,100,99841,100,101442,100,99565,100,101451,100,99143,100
2019-06-28 09:58:30.000000000,100769,528,100560,528,100822,100,100279,100,100823,100,99996,100,100897,100,99945,100,100902,100,99859,100,100934,100,99857,100,101056,100,99855,100,101144,100,99841,100,101442,100,99565,100,101451,100,99143,100
2019-06-28 09:58:40.000000000,100769,314,100560,314,100822,314,100279,314,100823,100,99996,100,100897,100,99945,100,100902,100,99859,100,100934,100,99857,100,101056,100,99855,100,101144,100,99841,100,101442,100,99565,100,101451,100,99143,100
2019-06-28 09:58:48.841313989,100769,314,100560,314,100822,314,100279,314,100823,100,99996,100,100897,100,99945,100,100902,100,99859,100,100934,100,99857,100,101062,100,99855,100,101144,100,99841,100,101442,100,99565,100,101451,100,99143,100
2019-06-28 09:58:50.000000000,100769,314,100560,314,100822,314,100279,314,100823,100,99996,100,100897,100,99945,100,100902,100,99859,100,100934,100,99857,100,101062,100,99855,100,101144,100,99841,100,101442,100,99565,100,101451,100,99143,100
2019-06-28 09:58:56.223971178,100769,314,100560,314,100822,314,100279,314,100823,100,99996,100,100897,100,99945,100,100902,100,99859,100,100934,100,99857,100,101062,100,99855,100,101144,100,99841,100,101235,100,99565,100,101442,100,99143,100
2019-06-28 09:59:00.000000000,100769,246,100560,246,100822,241,100279,241,100823,241,99996,241,100897,100,99945,100,100902,100,99859,100,100934,100,99857,100,101062,100,99855,100,101144,100,99841,100,101235,100,99565,100,101442,100,99143,100
2019-06-28 09:59:10.000000000,100769,528,100560,528,100822,100,100279,100,100823,100,99996,100,100897,100,99945,100,100902,100,99859,100,100934,100,99857,100,101062,100,99855,100,101144,100,99841,100,101235,100,99565,100,101442,100,99143,100
2019-06-28 09:59:20.000000000,100769,314,100560,314,100822,314,100279,314,100823,100,99996,100,100897,100,99945,100,100902,100,99859,100,100934,100,99857,100,101062,100,99855,100,101144,100,99841,100,101235,100,99565,100,101442,100,99143,100
2019-06-28 09:59:30.000000000,100769,186,100560,186,100822,186,100279,186,100823,186,99996,186,100897,186,99945,186,100902,186,99859,186,100934,100,99857,100,101062,100,99855,100,101144,100,99841,100,101235,100,99565,100,101442,100,99143,100
2019-06-28 09:59:40.000000000,100769,246,100560,246,100822,241,100279,241,100823,241,99996,241,100897,100,99945,100,100902,100,99859,100,100934,100,99857,100,101062,100,99855,100,101144,100,99841,100,101235,100,99565,100,101442,100,99143,100
2019-06-28 09:59:43.030188524,100769,146,100560,246,100822,241,100279,241,100823,241,99996,241,100897,100,99945,100,100902,100,99859,100,100934,100,99857,100,101062,100,99855,100,101144,100,99841,100,101235,100,99565,100,101442,100,99143,100
2019-06-28 09:59:49.353284966,100769,146,100560,246,100822,241,100279,241,100823,241,99996,241,100897,100,99945,100,100902,100,99859,100,100934,100,99857,100,101062,100,99855,100,101144,100,99841,100,101153,100,99565,100,101235,100,99143,100
2019-06-28 09:59:50.000000000,100822,186,100560,186,100823,186,100279,186,100897,186,99996,186,100902,186,99945,186,100934,186,99859,186,101062,100,99857,100,101144,100,99855,100,101153,100,99841,100,101235,100,99565,100,101442,100,99143,100
2019-06-28 09:59:59.301404115,100822,86,100560,186,100823,186,100279,186,100897,186,99996,186,100902,186,99945,186,100934,186,99859,186,101062,100,99857,100,101144,100,99855,100,101153,100,99841,100,101235,100,99565,100,101442,100,99143,100
2019-06-28 10:00:00.000000000,100823,207,100560,207,100897,207,100279,207,100902,207,99996,207,100934,207,99945,207,101062,100,99859,100,101144,100,99857,100,101153,100,99855,100,101235,100,99841,100,101442,100,99565,100,101451,100,99143,100
2019-06-28 10:00:10.000000000,100823,186,100560,186,100897,186,100279,186,100902,186,99996,186,100934,186,99945,186,101062,186,99859,186,101144,100,99857,100,101153,100,99855,100,101235,100,99841,100,101442,100,99565,100,101451,100,99143,100
2019-06-28 10:00:20.000000000,100823,528,100560,528,100897,100,100279,100,100902,100,99996,100,100934,100,99945,100,101062,100,99859,100,101144,100,99857,100,101153,100,99855,100,101235,100,99841,100,101442,100,99565,100,101451,100,99143,100
2019-06-28 10:00:25.653379066,100823,428,100560,528,100897,100,100279,100,100902,100,99996,100,100934,100,99945,100,101062,100,99859,100,101144,100,99857,100,101153,100,99855,100,101235,100,99841,100,101442,100,99565,100,101451,100,99143,100
2019-06-28 10:00:30.000000000,100897,246,100560,246,100902,241,100279,241,100934,241,99996,241,101062,100,99945,100,101144,100,99859,100,101153,100,99857,100,101235,100,99855,100,101442,100,99841,100,101451,100,99565,100,101707,100,99143,100
2019-06-28 10:00:30.855712628,100897,246,100776,100,100902,241,100560,246,100934,241,100279,241,101062,100,99996,241,101144,100,99945,100,101153,100,99859,100,101235,100,99857,100,101442,100,99855,100,101451,100,99841,100,,,99565,100
2019-06-28 10:00:40.000000000,100897,186,100776,186,100902,186,100560,186,100934,186,100279,186,101062,186,99996,186,101144,186,99945,186,101153,100,99859,100,101235,100,99857,100,101442,100,99855,100,101451,100,99841,100,,,99565,100
2019-06-28 10:00:46.731092452,100821,100,100776,186,100897,186,100560,186,100902,186,100279,186,100934,186,99996,186,101062,186,99945,186,101144,186,99857,100,101153,100,99855,100,101235,100,99841,100,101442,100,99565,100,101451,100,99143,100
2019-06-28 10:00:50.000000000,100821,314,100776,314,100897,314,100560,314,100902,100,100279,100,100934,100,99996,100,101062,100,99945,100,101144,100,99857,100,101153,100,99855,100,101235,100,99841,100,101442,100,99565,100,101451,100,99143,100
2019-06-28 10:00:50.641253924,100821,314,100776,314,100897,314,100560,314,100902,100,100439,100,100934,100,100279,100,101062,100,99996,100,101144,100,99945,100,101153,100,99857,100,101235,100,99855,100,101442,100,99841,100,101451,100,99565,100
2019-06-28 10:01:00.000000000,100821,207,100776,207,100897,207,100560,207,100902,207,100439,207,100934,207,100279,207,101062,100,99996,100,101144,100,99945,100,101153,100,99857,100,101235,100,99855,100,101442,100,99841,100,101451,100,99565,100
2019-06-28 10:01:00.160689355,100821,107,100776,207,100897,207,100560,207,100902,207,100439,207,100934,207,100279,207,101062,100,99996,100,101144,100,99945,100,101153,100,99857,100,101235,100,99855,100,101442,100,99841,100,101451,100,99565,100
2019-06-28 10:01:10.000000000,100897,246,100776,246,100902,241,100560,241,100934,241,100439,241,101062,100,100279,100,101144,100,99996,100,101153,100,99945,100,101235,100,99857,100,101442,100,99855,100,101451,100,99841,100,,,99565,100
2019-06-28 10:01:20.000000000,100897,207,100776,207,100902,207,100560,207,100934,207,100439,207,101062,207,100279,207,101144,100,99996,100,101153,100,99945,100,101235,100,99857,100,101442,100,99855,100,101451,100,99841,100,,,99565,100
2019-06-28 10:01:30.000000000,100897,314,100776,314,100902,314,100560,314,100934,100,100439,100,101062,100,100279,100,101144,100,99996,100,101153,100,99945,100,101235,100,99857,100,101442,100,99855,100,101451,100,99841,100,,,99565,100
2019-06-28 10:01:35.978505235,100897,214,100776,314,100902,314,100560,314,100934,100,100439,100,101062,100,100279,100,101144,100,99996,100,101153,100,99945,100,101235,100,99857,100,101442,100,99855,100,101451,100,99841,100,,,99565,100
2019-06-28 10:01:40.000000000,100902,246,100776,246,100934,241,100560,241,101062,241,100439,241,101144,100,100279,100,101153,100,99996,100,101235,100,99945,100,101442,100,99857,100,101451,100,99855,100,,,99841,100,,,99565,100
2019-06-28 10:01:41.170314814,100902,246,100776,246,100934,241,100560,241,101062,241,100439,241,101144,100,100279,100,101153,100,99996,100,101235,100,99945,100,101373,100,99857,100,101442,100,99855,100,101451,100,99841,100,,,99565,100
2019-06-28 10:01:44.805284869,100902,246,100821,100,100934,241,100776,246,101062,241,100560,241,101144,100,100439,241,101153,100,100279,100,101235,100,99996,100,101373,100,99945,100,101442,100,99857,100,101451,100,99855,100,,,99841,100
2019-06-28 10:01:50.000000000,100902,246,100821,246,100934,241,100776,241,101062,241,100560,241,101144,100,100439,100,101153,100,100279,100,101235,100,99996,100,101373,100,99945,100,101442,100,99857,100,101451,100,99855,100,,,99841,100
2019-06-28 10:02:00.000000000,100902,207,100821,207,100934,207,100776,207,101062,207,100560,207,101144,207,100439,207,101153,100,100279,100,101235,100,99996,100,101373,100,99945,100,101442,100,99857,100,101451,100,99855,100,,,99841,100
2019-06-28 10:02:01.290117812,100902,207,100821,207,100934,207,100776,207,101062,207,100560,207,101144,207,100439,207,101153,100,100279,100,101235,100,99996,100,101285,100,99945,100,101373,100,99857,100,101442,100,99855,100,101451,100,99841,100
2019-06-28 10:02:04.726244270,100902,107,100821,207,100934,207,100776,207,101062,207,100560,207,101144,207,100439,207,101153,100,100279,100,101235,100,99996,100,101285,100,99945,100,101373,100,99857,100,101442,100,99855,100,101451,100,99841,100
2019-06-28 10:02:10.000000000,100934,314,100821,314,101062,314,100776,314,101144,100,100560,100,101153,100,100439,100,101235,100,100279,100,101285,100,99996,100,101373,100,99945,100,101442,100,99857,100,101451,100,99855,100,,,99841,100
2019-06-28 10:02:15.389122548,100934,314,100821,314,101062,314,100776,314,101144,100,100560,100,101153,100,100439,100,101178,100,100279,100,101235,100,99996,100,101285,100,99945,100,101373,100,99857,100,101442,100,99855,100,101451,100,99841,100
2019-06-28 10:02:16.860436946,100934,314,100821,314,101062,314,100776,314,101144,100,100560,100,101153,100,100439,100,101235,100,100279,100,101285,100,99996,100,101373,100,99945,100,101394,100,99857,100,101442,100,99855,100,101451,100,99841,100
2019-06-28 10:02:20.000000000,100934,186,100821,186,101062,186,100776,186,101144,186,100560,186,101153,186,100439,186,101235,186,100279,186,101285,100,99996,100,101373,100,99945,100,101394,100,99857,100,101442,100,99855,100,101451,100,99841,100
2019-06-28 10:02:27.252281354,100934,186,100821,186,101062,186,100776,186,101144,186,100560,186,101153,186,100439,186,101235,186,100279,186,101255,100,99996,100,101285,100,99945,100,101373,100,99857,100,101394,100,99855,100,101442,100,99841,100
2019-06-28 10:02:29.193578958,100934,86,100821,186,101062,186,100776,186,101144,186,100560,186,101153,186,100439,186,101235,186,100279,186,101255,100,99996,100,101285,100,99945,100,101373,100,99857,100,101394,100,99855,100,101442,100,99841,100
2019-06-28 10:02:30.000000000,101062,207,100821,207,101144,207,100776,207,101153,207,100560,207,101235,207,100439,207,101255,100,100279,100,101285,100,99996,100,101373,100,99945,100,101394,100,99857,100,101442,100,99855,100,101451,100,99841,100
2019-06-28 10:02:40.000000000,101062,528,100821,528,101144,100,100776,100,101153,100,100560,100,101235,100,100439,100,101255,100,100279,100,101285,100,99996,100,101373,100,99945,100,101394,100,99857,100,101442,100,99855,100,101451,100,99841,100
2019-06-28 10:02:50.000000000,101062,314,100821,314,101144,314,100776,314,101153,100,100560,100,101235,100,100439,100,101255,100,100279,100,101285,100,99996,100,101373,100,99945,100,101394,100,99857,100,101442,100,99855,100,101451,100,99841,100
2019-06-28 10:02:53.847928210,101062,314,100821,314,101144,314,100776,314,101153,100,100560,100,101235,100,100439,100,101255,100,100279,100,101285,100,99996,100,101373,100,99945,100,101394,100,99857,100,101442,100,99855,100,101451,100,99841,100
2019-06-28 10:02:59.327289759,101062,214,100821,314,101144,314,100776,314,101153,100,100560,100,101235,100,100439,100,101255,100,100279,100,101285,100,99996,100,101373,100,99945,100,101394,100,99857,100,101442,100,99855,100,101532,100,99841,100
2019-06-28 10:03:00.000000000,101144,246,100821,246,101153,241,100776,241,101235,241,100560,241,101255,100,100439,100,101285,100,100279,100,101373,100,99996,100,101394,100,99945,100,101442,100,99857,100,101532,100,99855,100,,,99841,100
2019-06-28 10:03:05.648653022,101144,246,100934,100,101153,241,100821,246,101235,241,100776,241,101255,100,100560,241,101285,100,100439,100,101373,100,100279,100,101394,100,99996,100,101442,100,99945,100,101532,100,99857,100,,,99855,100
2019-06-28 10:03:10.000000000,101144,246,100934,246,101153,241,100821,241,101235,241,100776,241,101255,100,100560,100,101285,100,100439,100,101373,100,100279,100,101394,100,99996,100,101442,100,99945,100,101532,100,99857,100,,,99855,100
2019-06-28 10:03:13.515332173,101144,146,100934,246,101153,241,100821,241,101235,241,100776,241,101255,100,100560,100,101285,100,100439,100,101373,100,100279,100,101394,100,99996,100,101442,100,99945,100,101532,100,99857,100,,,99855,100
2019-06-28 10:03:20.000000000,101153,314,100934,314,101235,314,100821,314,101255,100,100776,100,101285,100,100560,100,101373,100,100439,100,101394,100,100279,100,101442,100,99996,100,101532,100,99945,100,,,99857,100,,,99855,100
2019-06-28 10:03:30.000000000,101153,314,100934,314,101235,314,100821,314,101255,100,100776,100,101285,100,100560,100,101373,100,100439,100,101394,100,100279,100,101442,100,99996,100,101532,100,99945,100,,,99857,100,,,99855,100
2019-06-28 10:03:30.841033157,101153,314,100934,314,101235,314,100821,314,101255,100,100776,100,101285,100,100560,100,101373,100,100439,100,101394,100,100279,100,101442,100,99996,100,101532,100,99945,100,101749,100,99857,100,,,99855,100
2019-06-28 10:03:32.806821663,101153,314,101062,100,101235,314,100934,314,101255,100,100821,314,101285,100,100776,100,101373,100,100560,100,101394,100,100439,100,101442,100,100279,100,101532,100,99996,100,101749,100,99945,100,,,99857,100
2019-06-28 10:03:40.000000000,101153,207,101062,207,101235,207,100934,207,101255,207,100821,207,101285,207,100776,207,101373,100,100560,100,101394,100,100439,100,101442,100,100279,100,101532,100,99996,100,101749,100,99945,100,,,99857,100
2019-06-28 10:03:50.000000000,101153,186,101062,186,101235,186,100934,186,101255,186,100821,186,101285,186,100776,186,101373,186,100560,186,101394,100,100439,100,101442,100,100279,100,101532,100,99996,100,101749,100,99945,100,,,99857,100
2019-06-28 10:03:54.482364689,101153,86,101062,186,101235,186,100934,186,101255,186,100821,186,101285,186,100776,186,101373,186,100560,186,101394,100,100439,100,101442,100,100279,100,101532,100,99996,100,101749,100,99945,100,,,99857,100
2019-06-28 10:04:00.000000000,101235,207,101062,207,101255,207,100934,207,101285,207,100821,207,101373,207,100776,207,101394,100,100560,100,101442,100,100439,100,101532,100,100279,100,101749,100,99996,100,,,99945,100,,,99857,100
2019-06-28 10:04:06.253808882,101235,107,101062,207,101255,107,100934,207,101285,207,100821,207,101373,207,100776,207,101394,100,100560,100,101442,100,100439,100,101532,100,100279,100,101749,100,99996,100,,,99945,100,,,99857,100
2019-06-28 10:04:10.000000000,101285,246,101062,246,101373,241,100934,241,101394,241,100821,241,101442,100,100776,100,101532,100,100560,100,101749,100,100439,100,,,100279,100,,,99996,100,,,99945,100,,,99857,100
2019-06-28 10:04:20.000000000,101285,246,101062,246,101373,241,100934,241,101394,241,100821,241,101442,100,100776,100,101532,100,100560,100,101749,100,100439,100,,,100279,100,,,99996,100,,,99945,100,,,99857,100
2019-06-28 10:04:30.000000000,101285,186,101062,186,101373,186,100934,186,101394,186,100821,186,101442,186,100776,186,101532,186,100560,186,101749,100,100439,100,,,100279,100,,,99996,100,,,99945,100,,,99857,100
2019-06-28 10:04:40.000000000,101285,207,101062,207,101373,207,100934,207,101394,207,100821,207,101442,207,100776,207,101532,100,100560,100,101749,100,100439,100,,,100279,100,,,99996,100,,,99945,100,,,99857,100
2019-06-28 10:04:43.141330986,101237,100,101062,207,101285,207,100934,207,101373,207,100821,207,101394,207,100776,207,101442,207,100560,100,101532,100,100439,100,101749,100,100279,100,,,99996,100,,,99945,100,,,99857,100
2019-06-28 10:04:50.000000000,101237,246,101062,246,101285,241,100934,241,101373,241,100821,241,101394,100,100776,100,101442,100,100560,100,101532,100,100439,100,101749,100,100279,100,,,99996,100,,,99945,100,,,99857,100
2019-06-28 10:04:56.337862313,101237,246,101062,246,101285,241,100934,241,101347,100,100821,241,101373,241,100776,100,101394,100,100560,100,101442,100,100439,100,101532,100,100279,100,101749,100,99996,100,,,99945,100,,,99857,100
2019-06-28 10:05:00.000000000,101237,207,101062,207,101285,207,100934,207,101347,207,100821,207,101373,207,100776,207,101394,100,100560,100,101442,100,100439,100,101532,100,100279,100,101749,100,99996,100,,,99945,100,,,99857,100
2019-06-28 10:05:10.000000000,101237,314,101062,314,101285,314,100934,314,101347,100,100821,100,101373,100,100776,100,101394,100,100560,100,101442,100,100439,100,101532,100,100279,100,101749,100,99996,100,,,99945,100,,,99857,100
2019-06-28 10:05:17.385846977,101237,314,101153,100,101285,314,101062,314,101347,100,100934,314,101373,100,100821,100,101394,100,100776,100,101442,100,100560,100,101532,100,100439,100,101749,100,100279,100,,,99996,100,,,99945,100
2019-06-28 10:05:20.000000000,101237,314,101153,314,101285,314,101062,314,101347,100,100934,100,101373,100,100821,100,101394,100,100776,100,101442,100,100560,100,101532,100,100439,100,101749,100,100279,100,,,99996,100,,,99945,100
2019-06-28 10:05:30.000000000,101237,528,101153,528,101285,100,101062,100,101347,100,100934,100,101373,100,100821,100,101394,100,100776,100,101442,100,100560,100,101532,100,100439,100,101749,100,100279,100,,,99996,100,,,99945,100
2019-06-28 10:05:40.000000000,101237,207,101153,207,101285,207,101062,207,101347,207,100934,207,101373,207,100821,207,101394,100,100776,100,101442,100,100560,100,101532,100,100439,100,101749,100,100279,100,,,99996,100,,,99945,100
2019-06-28 10:05:50.000000000,101237,207,101153,207,101285,207,101062,207,101347,207,100934,207,101373,207,100821,207,101394,100,100776,100,101442,100,100560,100,101532,100,100439,100,101749,100,100279,100,,,99996,100,,,99945,100
2019-06-28 10:06:00.000000000,101237,314,101153,314,101285,314,101062,314,101347,100,100934,100,101373,100,100821,100,101394,100,100776,100,101442,100,100560,100,101532,100,100439,100,101749,100,100279,100,,,99996,100,,,99945,100
2019-06-28 10:06:10.000000000,101237,246,101153,246,101285,241,101062,241,101347,241,100934,241,101373,100,100821,100,101394,100,100776,100,101442,100,100560,100,101532,100,100439,100,101749,100,100279,100,,,99996,100,,,99945,100
2019-06-28 10:06:18.472068660,101237,46,101153,246,101285,241,101062,241,101347,241,100934,241,101373,100,100821,100,101394,100,100776,100,101442,100,100560,100,101532,100,100439,100,101749,100,100279,100,,,99996,100,,,99945,100
2019-06-28 10:06:19.247958285,101237,46,101153,246,101285,241,101062,241,101347,241,100934,241,101373,100,100821,100,101394,100,100776,100,101442,100,100560,100,101443,100,100439,100,101532,100,100279,100,101749,100,99996,100,,,99945,100
2019-06-28 10:06:20.000000000,101285,186,101153,186,101347,186,101062,186,101373,186,100934,186,101394,186,100821,186,101442,186,100776,186,101443,100,100560,100,101532,100,100439,100,101749,100,100279,100,,,99996,100,,,99945,100
2019-06-28 10:06:22.479027191,101285,186,101153,186,101347,186,101062,186,101373,186,100934,186,101386,100,100821,186,101394,186,100776,186,101442,186,100560,100,101443,100,100439,100,101532,100,100279,100,101749,100,99996,100,,,99945,100
2019-06-28 10:06:30.000000000,101285,207,101153,207,101347,207,101062,207,101373,207,100934,207,101386,207,100821,207,101394,100,100776,100,101442,100,100560,100,101443,100,100439,100,101532,100,100279,100,101749,100,99996,100,,,99945,100
2019-06-28 10:06:30.371499068,101285,207,101153,207,101338,100,101062,207,101347,207,100934,207,101373,207,100821,207,101386,207,100776,100,101394,100,100560,100,101442,100,100439,100,101443,100,100279,100,101532,100,99996,100,101749,100,99945,100
2019-06-28 10:06:36.599699681,101285,207,101153,207,101338,100,101062,207,101347,207,100934,207,101373,207,100821,207,101386,207,100776,100,101394,100,100560,100,101442,100,100439,100,101443,100,100279,100,101532,100,99996,100,101702,100,99945,100
2019-06-28 10:06:40.000000000,101285,246,101153,246,101338,241,101062,241,101347,241,100934,241,101373,100,100821,100,101386,100,100776,100,101394,100,100560,100,101442,100,100439,100,101443,100,100279,100,101532,100,99996,100,101702,100,99945,100
2019-06-28 10:06:50.000000000,101285,207,101153,207,101338,207,101062,207,101347,207,100934,207,101373,207,100821,207,101386,100,100776,100,101394,100,100560,100,101442,100,100439,100,101443,100,100279,100,101532,100,99996,100,101702,100,99945,100
2019-06-28 10:07:00.000000000,101285,314,101153,314,101338,314,101062,314,101347,100,100934,100,101373,100,100821,100,101386,100,100776,100,101394,100,100560,100,101442,100,100439,100,101443,100,100279,100,101532,100,99996,100,101702,100,99945,100
2019-06-28 10:07:10.000000000,101285,246,101153,246,101338,241,101062,241,101347,241,100934,241,101373,100,100821,100,101386,100,100776,100,101394,100,100560,100,101442,100,100439,100,101443,100,100279,100,101532,100,99996,100,101702,100,99945,100
2019-06-28 10:07:20.000000000,101285,207,101153,207,101338,207,101062,207,101347,207,100934,207,101373,207,100821,207,101386,100,100776,100,101394,100,100560,100,101442,100,100439,100,101443,100,100279,100,101532,100,99996,100,101702,100,99945,100
2019-06-28 10:07:30.000000000,101285,246,101153,246,101338,241,101062,241,101347,241,100934,241,101373,100,100821,100,101386,100,100776,100,101394,100,100560,100,101442,100,100439,100,101443,100,100279,100,101532,100,99996,100,101702,100,99945,100
2019-06-28 10:07:40.000000000,101285,207,101153,207,101338,207,101062,207,101347,207,100934,207,101373,207,100821,207,101386,100,100776,100,101394,100,100560,100,101442,100,100439,100,101443,100,100279,100,101532,100,99996,100,101702,100,99945,100
2019-06-28 10:07:50.000000000,101285,314,101153,314,101338,314,101062,314,101347,100,100934,100,101373,100,100821,100,101386,100,100776,100,101394,100,100560,100,101442,100,100439,100,101443,100,100279,100,101532,100,99996,100,101702,100,99945,100
2019-06-28 10:08:00.000000000,101285,528,101153,528,101338,100,101062,100,101347,100,100934,100,101373,100,100821,100,101386,100,100776,100,101394,100,100560,100,101442,100,100439,100,101443,100,100279,100,101532,100,99996,100,101702,100,99945,100
