,ask_price_1,ask_size_1,bid_price_1,bid_size_1,ask_price_2,ask_size_2,bid_price_2,bid_size_2,ask_price_3,ask_size_3,bid_price_3,bid_size_3,ask_price_4,ask_size_4,bid_price_4,bid_size_4,ask_price_5,ask_size_5,bid_price_5,bid_size_5,ask_price_6,ask_size_6,bid_price_6,bid_size_6,ask_price_7,ask_size_7,bid_price_7,bid_size_7,ask_price_8,ask_size_8,bid_price_8,bid_size_8,ask_price_9,ask_size_9,bid_price_9,bid_size_9,ask_price_10,ask_size_10,bid_price_10,bid_size_10
2019-06-28 09:30:00.000000000,99909,100,,,,,,,,,,,,,,,,,,,,,,,,,,,,,,,,,,,,,,
2019-06-28 09:30:00.000000001,100039,100,99892,100,100086,100,99820,100,,,,,,,,,,,,,,,,,,,,,,,,,,,,,,,,
2019-06-28 09:30:00.000000005,100039,100,99946,100,100086,100,99892,100,,,99820,100,,,,,,,,,,,,,,,,,,,,,,,,,,,,
2019-06-28 09:30:00.000000007,99952,100,99946,100,100039,100,99892,100,100086,100,99820,100,,,,,,,,,,,,,,,,,,,,,,,,,,,,
2019-06-28 09:30:00.000000008,99952,100,99946,100,100039,100,99892,100,100064,100,99820,100,100086,100,,,,,,,,,,,,,,,,,,,,,,,,,,
2019-06-28 09:30:00.000000011,99952,100,99946,100,100039,100,99919,100,100053,100,99892,100,100064,100,99851,100,100086,100,99820,100,,,,,,,,,,,,,,,,,,,,
2019-06-28 09:30:00.000000013,99952,100,99946,100,100039,100,99919,100,100053,100,99892,100,100064,100,99868,100,100086,100,99851,100,,,99820,100,,,,,,,,,,,,,,,,
2019-06-28 09:30:00.000000014,99952,100,99946,100,100039,100,99932,100,100053,100,99919,100,100064,100,99892,100,100086,100,99868,100,100107,100,99851,100,,,99820,100,,,,,,,,,,,,
2019-06-28 09:30:00.000000017,99952,100,99949,100,100039,100,99946,100,100053,100,99932,200,100064,100,99921,100,100078,100,99919,100,100086,100,99900,100,100107,100,99892,100,,,99868,100,,,99851,100,,,99820,100
2019-06-28 09:30:00.000000018,99952,100,99949,100,100039,100,99946,100,100053,100,99932,200,100064,100,99921,100,100078,100,99919,100,100082,100,99900,100,100086,100,99892,100,100107,100,99868,100,,,99851,100,,,99820,100
2019-06-28 09:30:00.000000019,99952,100,99949,100,100039,100,99946,100,100053,100,99932,200,100064,100,99921,100,100078,100,99919,100,100082,100,99900,100,100086,100,99892,100,100107,100,99886,100,100109,100,99868,100,,,99851,100
2019-06-28 09:30:00.000000020,100039,100,99949,100,100053,100,99946,100,100064,100,99932,200,100078,100,99921,100,100082,100,99919,100,100086,100,99900,100,100107,100,99892,100,100109,100,99886,100,,,99868,100,,,99851,100
2019-06-28 09:30:00.000000021,100032,100,99949,100,100039,100,99946,100,100053,100,99932,200,100064,100,99921,100,100078,100,99919,100,100082,100,99900,100,100086,100,99892,100,100107,100,99886,100,100109,100,99868,100,,,99851,100
2019-06-28 09:30:00.000000027,100032,100,99949,100,100039,100,99946,100,100053,100,99932,200,100064,100,99921,100,100078,100,99919,100,100082,100,99900,100,100086,100,99892,100,100107,100,99886,100,100109,100,99868,100,,,99864,100
2019-06-28 09:30:00.000000031,100032,100,99949,100,100039,100,99946,100,100053,100,99932,200,100064,100,99921,100,100078,100,99919,100,100082,100,99900,100,100086,100,99892,100,100107,100,99886,100,100109,100,99873,100,,,99868,100
2019-06-28 09:30:00.000000033,100032,100,99949,100,100039,100,99946,100,100053,100,99932,200,100064,100,99921,100,100078,100,99919,100,100082,100,99900,100,100086,100,99892,100,100107,100,99886,100,100109,100,99873,100,,,99868,100
2019-06-28 09:30:00.000000035,100032,100,99949,100,100039,100,99946,100,100053,100,99932,200,100064,100,99921,100,100078,100,99919,100,100082,100,99900,100,100086,100,99892,100,100107,100,99886,100,100109,100,99873,100,,,99868,100
2019-06-28 09:30:00.000000036,100032,100,99949,100,100039,100,99946,100,100053,100,99932,200,100064,100,99921,100,100078,100,99919,100,100082,100,99900,100,100086,100,99892,100,100107,100,99886,100,100109,100,99873,100,,,99868,100
2019-06-28 09:30:00.000000038,100017,100,99949,100,100032,100,99946,100,100039,100,99932,200,100053,100,99921,100,100064,100,99919,100,100078,100,99900,100,100082,100,99892,100,100086,100,99886,100,100107,100,99873,100,100109,100,99868,100
2019-06-28 09:30:00.000000041,100017,100,99949,100,100032,100,99946,100,100039,100,99932,200,100053,100,99921,100,100064,100,99919,100,100078,100,99900,100,100082,100,99892,100,100086,100,99891,100,100107,100,99886,100,100109,100,99873,100
2019-06-28 09:30:00.000000042,99952,100,99949,100,100017,100,99946,100,100032,100,99932,200,100039,100,99921,100,100053,100,99919,100,100064,100,99900,100,100078,100,99892,100,100082,100,99891,100,100086,100,99886,100,100107,100,99873,100
2019-06-28 09:30:00.000000043,99952,100,99949,100,100017,100,99946,100,100032,100,99932,200,100039,100,99921,100,100053,100,99919,100,100064,100,99900,100,100078,100,99892,100,100082,100,99891,100,100086,100,99886,100,100107,100,99873,100
2019-06-28 09:30:00.000000044,99952,100,99949,100,100017,100,99946,100,100030,100,99932,200,100032,100,99921,100,100039,100,99919,100,100053,100,99900,100,100064,100,99892,100,100078,100,99891,100,100082,100,99886,100,100086,100,99873,100
2019-06-28 09:30:00.000000045,99952,100,99949,100,100017,100,99946,100,100030,100,99932,200,100032,100,99921,100,100039,100,99919,100,100053,100,99900,100,100064,100,99892,100,100078,100,99891,100,100082,100,99886,100,100086,100,99873,100
2019-06-28 09:30:00.000000046,99952,100,99949,100,100017,100,99946,100,100030,100,99932,200,100032,100,99921,100,100039,100,99919,100,100053,100,99900,100,100064,100,99892,100,100078,100,99891,100,100082,100,99886,100,100086,100,99873,100
2019-06-28 09:30:00.000000048,99952,100,99949,100,100017,200,99946,100,100030,100,99932,200,100032,100,99921,100,100039,100,99919,100,100053,100,99900,100,100064,100,99892,100,100078,100,99891,100,100082,100,99886,100,100086,100,99873,100
2019-06-28 09:30:00.000000049,99952,100,99949,100,100017,200,99946,100,100030,100,99932,200,100032,100,99921,100,100039,100,99919,100,100053,100,99909,100,100064,100,99900,100,100078,100,99892,100,100082,100,99891,100,100086,100,99886,100
2019-06-28 09:30:00.000000051,99952,100,99949,100,100012,100,99946,100,100017,200,99932,200,100030,100,99921,100,100032,100,99919,100,100039,100,99909,100,100053,100,99900,100,100064,100,99892,100,100078,100,99891,100,100082,100,99886,100
2019-06-28 09:30:00.000000054,99952,100,99949,100,100012,100,99946,100,100017,200,99932,200,100030,100,99921,100,100032,100,99919,100,100039,100,99909,100,100053,100,99900,100,100064,100,99892,100,100078,100,99891,100,100082,100,99886,100
2019-06-28 09:30:00.000000056,100012,100,99949,100,100017,200,99946,100,100030,100,99932,200,100032,100,99921,100,100039,100,99919,100,100053,100,99909,100,100064,100,99900,100,100078,100,99892,100,100082,100,99891,100,100086,100,99886,100
2019-06-28 09:30:00.000000057,100012,100,99952,200,100017,200,99949,100,100030,100,99946,100,100032,100,99932,200,100039,100,99921,100,100053,100,99919,100,100064,100,99909,100,100078,100,99900,100,100082,100,99892,100,100086,100,99891,100
2019-06-28 09:30:00.000000059,100012,100,99952,200,100017,200,99949,100,100030,100,99946,100,100032,100,99932,200,100039,100,99921,100,100053,100,99919,100,100064,100,99909,100,100078,100,99900,100,100082,100,99892,100,100086,100,99891,100
2019-06-28 09:30:00.000000060,100012,100,99952,300,100017,200,99949,100,100030,100,99946,100,100032,100,99932,200,100039,100,99921,100,100053,100,99919,100,100064,100,99909,100,100078,100,99900,100,100082,100,99892,100,100086,100,99891,100
2019-06-28 09:30:00.000000061,100012,100,99952,300,100017,200,99949,100,100030,100,99946,100,100032,100,99941,100,100039,100,99932,200,100053,100,99921,100,100064,100,99919,100,100078,100,99909,100,100082,100,99900,100,100086,100,99892,100
2019-06-28 09:30:00.000000063,100012,100,99952,300,100017,200,99949,100,100030,100,99946,100,100032,100,99941,100,100039,100,99932,200,100050,100,99921,100,100053,100,99919,100,100064,100,99909,100,100078,100,99900,100,100082,100,99892,100
2019-06-28 09:30:00.000000065,100012,100,99952,300,100017,200,99949,100,100030,100,99946,100,100032,100,99941,100,100038,100,99932,200,100039,100,99921,100,100050,100,99919,100,100053,100,99909,100,100064,100,99900,100,100078,100,99892,100
2019-06-28 09:30:00.000000066,100012,100,99952,400,100017,200,99949,100,100030,100,99946,100,100032,100,99941,100,100038,100,99932,200,100039,100,99921,100,100050,100,99919,100,100053,100,99909,100,100064,100,99900,100,100078,100,99892,100
2019-06-28 09:30:00.000000067,100012,100,99985,100,100017,200,99952,400,100030,100,99949,100,100032,100,99946,100,100038,100,99941,100,100039,100,99932,200,100050,100,99921,100,100053,100,99919,100,100064,100,99909,100,100078,100,99900,100
2019-06-28 09:30:00.000000068,100012,100,99985,100,100017,200,99952,500,100030,100,99949,100,100032,100,99946,100,100038,100,99941,100,100039,100,99932,200,100050,100,99921,100,100053,100,99919,100,100064,100,99909,100,100078,100,99900,100
2019-06-28 09:30:00.000000071,100012,100,99985,100,100017,200,99952,700,100030,100,99949,100,100032,100,99946,100,100038,100,99941,100,100039,100,99932,200,100050,100,99921,100,100053,100,99919,100,100064,100,99909,100,100078,100,99900,100
2019-06-28 09:30:00.000000076,100012,100,99952,700,100017,200,99949,100,100030,100,99946,100,100032,100,99941,100,100038,100,99932,200,100039,100,99921,100,100050,100,99919,100,100053,100,99909,100,100064,100,99900,100,100078,100,99892,100
2019-06-28 09:30:00.000000077,100012,100,99952,700,100017,200,99949,100,100030,100,99946,100,100032,100,99941,100,100038,100,99932,200,100039,100,99921,100,100050,100,99919,100,100053,100,99909,100,100064,100,99900,100,100075,100,99892,100
2019-06-28 09:30:00.000000078,100012,100,99953,100,100017,200,99952,700,100030,100,99949,100,100032,100,99946,100,100038,100,99941,100,100039,100,99932,200,100050,100,99921,100,100053,100,99919,100,100064,100,99909,100,100075,100,99900,100
2019-06-28 09:30:00.000000084,100012,100,99984,100,100017,200,99953,100,100030,100,99952,700,100032,100,99949,100,100038,100,99946,100,100039,100,99941,100,100050,100,99932,200,100053,100,99921,100,100064,100,99919,100,100075,100,99909,100
2019-06-28 09:30:00.000000087,100012,100,99984,100,100017,200,99953,100,100030,100,99952,700,100032,100,99949,100,100037,100,99946,100,100038,100,99941,100,100039,100,99932,200,100050,100,99921,100,100053,100,99919,100,100064,100,99909,100
2019-06-28 09:30:00.000000090,100012,100,99984,100,100017,200,99953,100,100030,100,99952,700,100032,100,99949,100,100037,100,99946,100,100038,100,99941,100,100039,100,99932,200,100050,100,99921,100,100053,100,99919,100,100064,100,99909,100
2019-06-28 09:30:00.000000091,100012,100,99984,100,100017,200,99953,100,100030,100,99952,700,100032,100,99949,100,100037,100,99946,100,100038,100,99941,100,100039,100,99932,200,100050,100,99924,100,100053,100,99921,100,100064,100,99919,100
2019-06-28 09:30:00.000000094,100012,100,99984,100,100017,200,99953,100,100030,100,99952,700,100032,100,99949,100,100037,100,99946,100,100038,100,99941,100,100039,200,99932,200,100050,100,99924,100,100053,100,99921,100,100064,100,99919,100
2019-06-28 09:30:00.000000098,100012,100,99984,100,100017,200,99953,200,100030,100,99952,700,100032,100,99949,100,100037,100,99946,100,100038,100,99941,100,100039,200,99932,200,100050,100,99924,100,100053,100,99921,100,100064,100,99919,100
2019-06-28 09:30:03.500207217,100012,100,99984,100,100017,200,99953,200,100030,100,99952,700,100032,100,99949,100,100037,100,99946,100,100038,100,99941,100,100039,200,99932,200,100050,100,99929,100,100053,100,99924,100,100064,100,99921,100
2019-06-28 09:30:10.000000000,100012,448,99984,448,100017,200,99953,200,100030,100,99952,700,100032,100,99949,100,100037,100,99946,100,100038,100,99941,100,100039,200,99932,200,100050,100,99929,100,100053,100,99924,100,100064,100,99921,100
2019-06-28 09:30:10.358901423,100012,348,99984,448,100017,200,99953,200,100030,100,99952,700,100032,100,99949,100,100037,100,99946,100,100038,100,99941,100,100039,200,99932,200,100050,100,99929,100,100053,100,99924,100,100064,100,99921,100
2019-06-28 09:30:20.000000000,100017,270,99984,170,100030,170,99953,270,100032,170,99952,770,100037,170,99949,170,100038,170,99946,170,100039,200,99941,100,100050,100,99932,200,100053,100,99929,100,100064,100,99924,100,100075,100,99921,100
2019-06-28 09:30:30.000000000,100017,270,99984,170,100030,170,99953,270,100032,170,99952,770,100037,170,99949,170,100038,170,99946,170,100039,200,99941,100,100050,100,99932,200,100053,100,99929,100,100064,100,99924,100,100075,100,99921,100
2019-06-28 09:30:40.000000000,100017,287,99984,187,100030,187,99953,287,100032,187,99952,787,100037,187,99949,187,100038,100,99946,100,100039,200,99941,100,100050,100,99932,200,100053,100,99929,100,100064,100,99924,100,100075,100,99921,100
2019-06-28 09:30:46.492882485,100017,287,99984,187,100030,187,99953,287,100032,187,99952,787,100037,187,99949,187,100038,100,99946,100,100039,200,99941,100,100050,100,99932,200,100053,100,99929,100,100064,100,99924,100,100075,100,99921,100
2019-06-28 09:30:50.000000000,100017,287,99984,187,100030,187,99953,287,100032,187,99952,787,100037,187,99949,187,100038,100,99946,100,100039,200,99941,100,100050,100,99932,200,100053,100,99929,100,100064,100,99924,100,100075,100,99921,100
2019-06-28 09:31:00.000000000,100017,287,99984,187,100030,187,99953,287,100032,187,99952,787,100037,187,99949,187,100038,100,99946,100,100039,200,99941,100,100050,100,99932,200,100053,100,99929,100,100064,100,99924,100,100075,100,99921,100
2019-06-28 09:31:02.241399050,100017,287,99984,187,100030,187,99953,287,100032,187,99952,787,100037,187,99949,187,100038,100,99946,100,100039,200,99941,100,100050,100,99932,200,100053,100,99929,100,100064,100,99924,100,100075,100,99921,100
2019-06-28 09:31:08.671072813,100017,287,99984,187,100030,187,99953,287,100032,187,99952,787,100037,187,99949,187,100038,100,99946,100,100039,200,99941,100,100050,100,99932,200,100053,100,99929,100,100064,100,99924,100,100075,100,99921,100
2019-06-28 09:31:10.000000000,100017,318,99984,218,100030,215,99953,315,100032,215,99952,815,100037,100,99949,100,100038,100,99946,100,100039,200,99941,100,100050,100,99932,200,100053,100,99929,100,100064,100,99924,100,100075,100,99921,100
2019-06-28 09:31:20.000000000,100017,318,99984,218,100030,215,99953,315,100032,215,99952,815,100037,100,99949,100,100038,100,99946,100,100039,200,99941,100,100050,100,99932,200,100053,100,99929,100,100064,100,99924,100,100075,100,99921,100
2019-06-28 09:31:30.000000000,100017,318,99984,218,100030,215,99953,315,100032,215,99952,815,100037,100,99949,100,100038,100,99946,100,100039,200,99941,100,100050,100,99932,200,100053,100,99929,100,100064,100,99924,100,100075,100,99921,100
2019-06-28 09:31:40.000000000,100017,374,99984,274,100030,274,99953,374,100032,100,99952,700,100037,100,99949,100,100038,100,99946,100,100039,200,99941,100,100050,100,99932,200,100053,100,99929,100,100064,100,99924,100,100075,100,99921,100
2019-06-28 09:31:40.308446343,100017,374,99984,174,100030,274,99953,374,100032,100,99952,700,100037,100,99949,100,100038,100,99946,100,100039,200,99941,100,100050,100,99932,100,100053,100,99929,100,100064,100,99924,100,100075,100,99921,100
2019-06-28 09:31:50.000000000,100017,548,99953,548,100030,100,99952,700,100032,100,99949,100,100037,100,99946,100,100038,100,99941,100,100039,200,99932,100,100050,100,99929,100,100053,100,99924,100,100064,100,99921,100,100075,100,99919,100
2019-06-28 09:31:54.081185604,100017,548,99953,548,100030,100,99952,700,100032,100,99949,100,100037,100,99946,100,100038,100,99941,100,100039,200,99932,100,100050,100,99929,100,100053,100,99924,100,100064,100,99921,100,100075,100,99909,100
2019-06-28 09:32:00.000000000,100017,270,99953,270,100030,170,99952,770,100032,170,99949,170,100037,170,99946,170,100038,170,99941,170,100039,200,99932,100,100050,100,99929,100,100053,100,99924,100,100064,100,99921,100,100075,100,99909,100
2019-06-28 09:32:10.000000000,100017,374,99953,374,100030,274,99952,874,100032,100,99949,100,100037,100,99946,100,100038,100,99941,100,100039,200,99932,100,100050,100,99929,100,100053,100,99924,100,100064,100,99921,100,100075,100,99909,100
2019-06-28 09:32:18.637262835,100017,374,99953,374,100030,274,99952,874,100032,100,99949,100,100037,100,99946,100,100038,100,99941,100,100039,200,99932,100,100050,100,99929,100,100053,100,99924,100,100064,100,99921,100,100075,100,99909,100
2019-06-28 09:32:20.000000000,100017,287,99953,287,100030,187,99952,787,100032,187,99949,187,100037,187,99946,187,100038,100,99941,100,100039,200,99932,100,100050,100,99929,100,100053,100,99924,100,100064,100,99921,100,100075,100,99909,100
2019-06-28 09:32:30.000000000,100017,374,99953,374,100030,274,99952,874,100032,100,99949,100,100037,100,99946,100,100038,100,99941,100,100039,200,99932,100,100050,100,99929,100,100053,100,99924,100,100064,100,99921,100,100075,100,99909,100
2019-06-28 09:32:40.000000000,100017,270,99953,270,100030,170,99952,770,100032,170,99949,170,100037,170,99946,170,100038,170,99941,170,100039,200,99932,100,100050,100,99929,100,100053,100,99924,100,100064,100,99921,100,100075,100,99909,100
2019-06-28 09:32:50.000000000,100017,374,99953,374,100030,274,99952,874,100032,100,99949,100,100037,100,99946,100,100038,100,99941,100,100039,200,99932,100,100050,100,99929,100,100053,100,99924,100,100064,100,99921,100,100075,100,99909,100
2019-06-28 09:32:56.568009504,100017,374,99953,274,100030,274,99952,874,100032,100,99949,100,100037,100,99946,100,100038,100,99941,100,100039,200,99932,100,100050,100,99929,100,100053,100,99924,100,100064,100,99921,100,100075,100,99909,100
2019-06-28 09:33:00.000000000,100017,287,99953,187,100030,187,99952,787,100032,187,99949,187,100037,187,99946,187,100038,100,99941,100,100039,200,99932,100,100050,100,99929,100,100053,100,99924,100,100064,100,99921,100,100075,100,99909,100
2019-06-28 09:33:01.312914986,100017,287,99953,87,100030,187,99952,687,100032,187,99949,187,100037,187,99946,187,100038,100,99941,100,100039,200,99932,100,100050,100,99929,100,100053,100,99924,100,100064,100,99921,100,100075,100,99909,100
2019-06-28 09:33:09.441160922,100017,287,99953,87,100030,187,99952,687,100032,187,99949,187,100037,187,99946,187,100038,100,99941,100,100039,200,99932,100,100050,100,99929,100,100053,100,99924,100,100064,100,99921,100,100075,100,99909,100
2019-06-28 09:33:10.000000000,100017,318,99952,718,100030,215,99949,215,100032,215,99946,215,100037,100,99941,100,100038,100,99932,100,100039,200,99929,100,100050,100,99924,100,100053,100,99921,100,100064,100,99909,100,100075,100,99900,100
2019-06-28 09:33:20.000000000,100017,374,99952,774,100030,274,99949,274,100032,100,99946,100,100037,100,99941,100,100038,100,99932,100,100039,200,99929,100,100050,100,99924,100,100053,100,99921,100,100064,100,99909,100,100075,100,99900,100
2019-06-28 09:33:30.000000000,100017,287,99952,687,100030,187,99949,187,100032,187,99946,187,100037,187,99941,187,100038,100,99932,100,100039,200,99929,100,100050,100,99924,100,100053,100,99921,100,100064,100,99909,100,100075,100,99900,100
2019-06-28 09:33:40.000000000,100017,287,99952,687,100030,187,99949,187,100032,187,99946,187,100037,187,99941,187,100038,100,99932,100,100039,200,99929,100,100050,100,99924,100,100053,100,99921,100,100064,100,99909,100,100075,100,99900,100
2019-06-28 09:33:50.000000000,100017,287,99952,687,100030,187,99949,187,100032,187,99946,187,100037,187,99941,187,100038,100,99932,100,100039,200,99929,100,100050,100,99924,100,100053,100,99921,100,100064,100,99909,100,100075,100,99900,100
2019-06-28 09:34:00.000000000,100017,270,99952,670,100030,170,99949,170,100032,170,99946,170,100037,170,99941,170,100038,170,99932,170,100039,200,99929,100,100050,100,99924,100,100053,100,99921,100,100064,100,99909,100,100075,100,99900,100
2019-06-28 09:34:10.000000000,100017,548,99952,948,100030,100,99949,100,100032,100,99946,100,100037,100,99941,100,100038,100,99932,100,100039,200,99929,100,100050,100,99924,100,100053,100,99921,100,100064,100,99909,100,100075,100,99900,100
2019-06-28 09:34:20.000000000,100017,374,99952,774,100030,274,99949,274,100032,100,99946,100,100037,100,99941,100,100038,100,99932,100,100039,200,99929,100,100050,100,99924,100,100053,100,99921,100,100064,100,99909,100,100075,100,99900,100
2019-06-28 09:34:27.521688489,99953,100,99952,674,100017,374,99949,274,100030,274,99946,100,100032,100,99941,100,100037,100,99932,100,100038,100,99929,100,100039,200,99924,100,100050,100,99921,100,100053,100,99909,100,100064,100,99900,100
2019-06-28 09:34:30.000000000,99953,187,99952,587,100017,287,99949,187,100030,187,99946,187,100032,187,99941,187,100037,100,99932,100,100038,100,99929,100,100039,200,99924,100,100050,100,99921,100,100053,100,99909,100,100064,100,99900,100
2019-06-28 09:34:40.000000000,99953,218,99952,618,100017,315,99949,215,100030,215,99946,215,100032,100,99941,100,100037,100,99932,100,100038,100,99929,100,100039,200,99924,100,100050,100,99921,100,100053,100,99909,100,100064,100,99900,100
2019-06-28 09:34:50.000000000,99953,448,99952,848,100017,200,99949,100,100030,100,99946,100,100032,100,99941,100,100037,100,99932,100,100038,100,99929,100,100039,200,99924,100,100050,100,99921,100,100053,100,99909,100,100064,100,99900,100
2019-06-28 09:35:00.000000000,99953,448,99952,848,100017,200,99949,100,100030,100,99946,100,100032,100,99941,100,100037,100,99932,100,100038,100,99929,100,100039,200,99924,100,100050,100,99921,100,100053,100,99909,100,100064,100,99900,100
2019-06-28 09:35:06.386359867,99953,448,99952,748,100017,200,99949,100,100030,100,99946,100,100032,100,99941,100,100037,100,99932,100,100038,100,99929,100,100039,200,99924,100,100050,100,99921,100,100053,100,99909,100,100064,100,99900,100
2019-06-28 09:35:08.414439786,99953,448,99952,748,100017,200,99949,100,100030,100,99946,100,100032,100,99941,100,100037,100,99932,100,100038,100,99929,100,100039,200,99924,100,100050,100,99921,100,100053,100,99909,100,100064,100,99900,100
2019-06-28 09:35:10.000000000,99953,448,99952,748,100017,200,99949,100,100030,100,99946,100,100032,100,99941,100,100037,100,99932,100,100038,100,99929,100,100039,200,99924,100,100050,100,99921,100,100053,100,99909,100,100064,100,99900,100
2019-06-28 09:35:19.566543924,99953,448,99952,648,100017,200,99949,100,100030,100,99946,100,100032,100,99941,100,100037,100,99932,100,100038,100,99929,100,100039,200,99924,100,100050,100,99921,100,100053,100,99909,100,100064,100,99900,100
2019-06-28 09:35:20.000000000,99953,218,99952,418,100017,315,99949,215,100030,215,99946,215,100032,100,99941,100,100037,100,99932,100,100038,100,99929,100,100039,200,99924,100,100050,100,99921,100,100053,100,99909,100,100064,100,99900,100
2019-06-28 09:35:30.000000000,99953,218,99952,418,100017,315,99949,215,100030,215,99946,215,100032,100,99941,100,100037,100,99932,100,100038,100,99929,100,100039,200,99924,100,100050,100,99921,100,100053,100,99909,100,100064,100,99900,100
2019-06-28 09:35:40.000000000,99953,274,99952,474,100017,374,99949,274,100030,100,99946,100,100032,100,99941,100,100037,100,99932,100,100038,100,99929,100,100039,200,99924,100,100050,100,99921,100,100053,100,99909,100,100064,100,99900,100
2019-06-28 09:35:50.000000000,99953,448,99952,648,100017,200,99949,100,100030,100,99946,100,100032,100,99941,100,100037,100,99932,100,100038,100,99929,100,100039,200,99924,100,100050,100,99921,100,100053,100,99909,100,100064,100,99900,100
2019-06-28 09:35:51.287799470,99953,448,99952,548,100017,100,99949,100,100030,100,99946,100,100032,100,99941,100,100037,100,99932,100,100038,100,99929,100,100039,200,99924,100,100050,100,99921,100,100053,100,99909,100,100064,100,99900,100
2019-06-28 09:35:52.004773150,99953,448,99952,448,100017,100,99949,100,100030,100,99946,100,100032,100,99941,100,100037,100,99932,100,100038,100,99924,100,100039,200,99921,100,100050,100,99909,100,100053,100,99900,100,100064,100,99892,100
2019-06-28 09:36:00.000000000,99953,218,99952,218,100017,215,99949,215,100030,215,99946,215,100032,100,99941,100,100037,100,99932,100,100038,100,99924,100,100039,200,99921,100,100050,100,99909,100,100053,100,99900,100,100064,100,99892,100
2019-06-28 09:36:10.000000000,99953,170,99952,170,100017,170,99949,170,100030,170,99946,170,100032,170,99941,170,100037,170,99932,170,100038,100,99924,100,100039,200,99921,100,100050,100,99909,100,100053,100,99900,100,100064,100,99892,100
2019-06-28 09:36:20.000000000,99953,218,99952,218,100017,215,99949,215,100030,215,99946,215,100032,100,99941,100,100037,100,99932,100,100038,100,99924,100,100039,200,99921,100,100050,100,99909,100,100053,100,99900,100,100064,100,99892,100
2019-06-28 09:36:29.656493527,99953,218,99952,118,100017,215,99949,215,100030,215,99946,215,100032,100,99941,100,100037,100,99932,100,100038,100,99924,100,100039,200,99921,100,100050,100,99909,100,100053,100,99900,100,100064,100,99892,100
2019-06-28 09:36:30.000000000,99953,218,99949,218,100017,215,99946,215,100030,215,99941,215,100032,100,99932,100,100037,100,99924,100,100038,100,99921,100,100039,200,99909,100,100050,100,99900,100,100053,100,99892,100,100064,100,99891,100
2019-06-28 09:36:40.000000000,99953,448,99949,448,100017,100,99946,100,100030,100,99941,100,100032,100,99932,100,100037,100,99924,100,100038,100,99921,100,100039,200,99909,100,100050,100,99900,100,100053,100,99892,100,100064,100,99891,100
2019-06-28 09:36:40.682271491,99952,100,99949,448,99953,448,99946,100,100017,100,99941,100,100030,100,99932,100,100032,100,99924,100,100037,100,99921,100,100038,100,99909,100,100039,200,99892,100,100050,100,99891,100,100053,100,99886,100
2019-06-28 09:36:48.655800799,99952,100,99949,348,99953,448,99946,100,100017,100,99941,100,100030,100,99932,100,100032,100,99924,100,100037,100,99921,100,100039,200,99909,100,100050,100,99892,100,100053,100,99891,100,100064,100,99886,100
2019-06-28 09:36:50.000000000,99952,448,99946,448,99953,100,99941,100,100017,100,99932,100,100030,100,99924,100,100032,100,99921,100,100037,100,99909,100,100039,200,99892,100,100050,100,99891,100,100053,100,99886,100,100064,100,99876,100
2019-06-28 09:37:00.000000000,99952,274,99946,274,99953,274,99941,274,100017,100,99932,100,100030,100,99924,100,100032,100,99921,100,100037,100,99909,100,100039,200,99892,100,100050,100,99891,100,100053,100,99886,100,100064,100,99876,100
2019-06-28 09:37:10.000000000,99952,187,99946,187,99953,187,99941,187,100017,187,99932,187,100030,187,99924,187,100032,100,99921,100,100037,100,99909,100,100039,200,99892,100,100050,100,99891,100,100053,100,99886,100,100064,100,99876,100
2019-06-28 09:37:17.470147464,99952,187,99946,87,99953,187,99941,187,100017,187,99932,187,100030,187,99924,187,100032,100,99921,100,100037,100,99909,100,100039,200,99892,100,100050,100,99891,100,100053,100,99886,100,100064,100,99876,100
2019-06-28 09:37:20.000000000,99952,187,99941,187,99953,187,99932,187,100017,187,99924,187,100030,187,99921,187,100032,100,99909,100,100037,100,99892,100,100039,200,99891,100,100050,100,99886,100,100053,100,99876,100,100064,100,99873,200
2019-06-28 09:37:21.087861113,99952,187,99941,187,99953,187,99932,187,100017,187,99924,187,100030,187,99921,187,100032,100,99909,100,100037,100,99892,100,100039,200,99891,100,100050,100,99886,100,100053,100,99876,100,100064,100,99873,200
2019-06-28 09:37:29.673874054,99949,100,99941,187,99952,187,99932,187,99953,187,99924,187,100017,187,99921,187,100030,187,99909,100,100032,100,99892,100,100037,100,99891,100,100039,200,99886,100,100050,100,99876,100,100053,100,99873,200
2019-06-28 09:37:30.000000000,99949,187,99941,187,99952,187,99932,187,99953,187,99924,187,100017,187,99921,187,100030,100,99909,100,100032,100,99892,100,100037,100,99891,100,100039,200,99886,100,100050,100,99876,100,100053,100,99873,200
2019-06-28 09:37:39.855180635,99949,287,99941,187,99952,187,99932,187,99953,187,99924,187,100017,187,99921,187,100030,100,99909,100,100032,100,99892,100,100037,100,99891,100,100039,200,99886,100,100050,100,99876,100,100053,100,99873,200
2019-06-28 09:37:40.000000000,99949,287,99941,187,99952,187,99932,187,99953,187,99924,187,100017,187,99921,187,100030,100,99909,100,100032,100,99892,100,100037,100,99891,100,100039,200,99886,100,100050,100,99876,100,100053,100,99873,200
2019-06-28 09:37:45.159684991,99949,287,99941,187,99952,187,99932,187,99953,187,99924,187,100017,187,99921,187,100030,100,99909,100,100032,100,99892,100,100037,100,99891,100,100039,200,99886,100,100050,100,99876,100,100053,100,99873,200
2019-06-28 09:37:50.000000000,99949,548,99941,448,99952,100,99932,100,99953,100,99924,100,100017,100,99921,100,100030,100,99909,100,100032,100,99892,100,100037,100,99891,100,100039,200,99886,100,100050,100,99876,100,100053,100,99873,200
2019-06-28 09:38:00.000000000,99949,318,99941,218,99952,215,99932,215,99953,215,99924,215,100017,100,99921,100,100030,100,99909,100,100032,100,99892,100,100037,100,99891,100,100039,200,99886,100,100050,100,99876,100,100053,100,99873,200
2019-06-28 09:38:10.000000000,99949,287,99941,187,99952,187,99932,187,99953,187,99924,187,100017,187,99921,187,100030,100,99909,100,100032,100,99892,100,100037,100,99891,100,100039,200,99886,100,100050,100,99876,100,100053,100,99873,200
2019-06-28 09:38:16.462040378,99949,287,99941,187,99952,187,99932,187,99953,187,99924,187,100017,187,99921,187,100030,100,99909,100,100032,100,99892,100,100037,100,99891,100,100039,200,99886,100,100050,100,99876,100,100053,100,99873,200
2019-06-28 09:38:20.000000000,99949,318,99941,218,99952,215,99932,215,99953,215,99924,215,100017,100,99921,100,100030,100,99909,100,100032,100,99892,100,100037,100,99891,100,100039,200,99886,100,100050,100,99876,100,100053,100,99873,200
2019-06-28 09:38:30.000000000,99949,270,99941,170,99952,170,99932,170,99953,170,99924,170,100017,170,99921,170,100030,170,99909,170,100032,100,99892,100,100037,100,99891,100,100039,200,99886,100,100050,100,99876,100,100053,100,99873,200
2019-06-28 09:38:40.000000000,99949,287,99941,187,99952,187,99932,187,99953,187,99924,187,100017,187,99921,187,100030,100,99909,100,100032,100,99892,100,100037,100,99891,100,100039,200,99886,100,100050,100,99876,100,100053,100,99873,200
2019-06-28 09:38:50.000000000,99949,270,99941,170,99952,170,99932,170,99953,170,99924,170,100017,170,99921,170,100030,170,99909,170,100032,100,99892,100,100037,100,99891,100,100039,200,99886,100,100050,100,99876,100,100053,100,99873,200
2019-06-28 09:38:53.109373225,99949,370,99941,170,99952,170,99932,170,99953,170,99924,170,100017,170,99921,170,100030,170,99909,170,100032,100,99892,100,100037,100,99891,100,100039,200,99886,100,100050,100,99876,100,100053,100,99873,200
2019-06-28 09:38:54.601892888,99949,370,99941,70,99952,170,99932,170,99953,170,99924,170,100017,170,99921,170,100030,170,99909,170,100032,100,99892,100,100037,100,99886,100,100039,200,99876,100,100050,100,99873,200,100053,100,99864,100
2019-06-28 09:39:00.000000000,99949,370,99932,170,99952,170,99924,170,99953,170,99921,170,100017,170,99909,170,100030,170,99892,170,100032,100,99886,100,100037,100,99876,100,100039,200,99873,200,100050,100,99864,100,100053,100,99862,100
2019-06-28 09:39:00.609801016,99949,370,99932,170,99952,170,99924,170,99953,170,99921,170,99988,100,99909,170,100017,170,99892,170,100030,170,99886,100,100032,100,99876,100,100037,100,99873,200,100039,200,99864,100,100050,100,99862,100
2019-06-28 09:39:10.000000000,99949,387,99932,187,99952,187,99924,187,99953,187,99921,187,99988,187,99909,187,100017,100,99892,100,100030,100,99886,100,100032,100,99876,100,100037,100,99873,200,100039,200,99864,100,100050,100,99862,100
2019-06-28 09:39:20.000000000,99949,418,99932,218,99952,215,99924,215,99953,215,99921,215,99988,100,99909,100,100017,100,99892,100,100030,100,99886,100,100032,100,99876,100,100037,100,99873,200,100039,200,99864,100,100050,100,99862,100
2019-06-28 09:39:24.549652345,99949,418,99932,218,99952,215,99924,215,99953,215,99921,215,99988,100,99909,100,100017,100,99892,100,100030,100,99886,100,100032,100,99876,100,100037,100,99873,200,100039,200,99864,100,100050,100,99862,100
2019-06-28 09:39:30.000000000,99949,648,99932,448,99952,100,99924,100,99953,100,99921,100,99988,100,99909,100,100017,100,99892,100,100030,100,99886,100,100032,100,99876,100,100037,100,99873,200,100039,200,99864,100,100050,100,99862,100
2019-06-28 09:39:31.768309482,99946,100,99932,448,99949,648,99924,100,99952,100,99921,100,99953,100,99909,100,99988,100,99892,100,100017,100,99886,100,100030,100,99876,100,100032,100,99873,200,100037,100,99864,100,100039,200,99862,100
2019-06-28 09:39:34.575742699,99946,100,99932,448,99949,648,99924,100,99952,100,99921,100,99953,100,99909,100,99988,100,99892,100,100017,100,99886,100,100030,100,99876,100,100032,100,99873,200,100037,100,99864,100,100039,200,99862,100
2019-06-28 09:39:36.158264476,99949,648,99932,448,99952,100,99924,100,99953,100,99921,100,99988,100,99909,100,100017,100,99892,100,100030,100,99886,100,100032,100,99876,100,100037,100,99873,200,100039,200,99864,100,100050,100,99862,100
2019-06-28 09:39:40.000000000,99949,370,99932,170,99952,170,99924,170,99953,170,99921,170,99988,170,99909,170,100017,170,99892,170,100030,100,99886,100,100032,100,99876,100,100037,100,99873,200,100039,200,99864,100,100050,100,99862,100
2019-06-28 09:39:44.149561347,99949,270,99932,170,99952,170,99924,170,99953,170,99921,170,99988,170,99909,170,100017,170,99892,170,100030,100,99886,100,100032,100,99876,100,100037,100,99873,200,100039,200,99864,100,100050,100,99862,100
2019-06-28 09:39:50.000000000,99949,374,99932,274,99952,274,99924,274,99953,100,99921,100,99988,100,99909,100,100017,100,99892,100,100030,100,99886,100,100032,100,99876,100,100037,100,99873,200,100039,200,99864,100,100050,100,99862,100
2019-06-28 09:39:58.903793601,99949,374,99946,100,99952,274,99932,274,99953,100,99924,274,99988,100,99921,100,100017,100,99909,100,100030,100,99892,100,100032,100,99886,100,100037,100,99876,100,100039,200,99873,200,100050,100,99864,100
2019-06-28 09:40:00.000000000,99949,270,99946,170,99952,170,99932,170,99953,170,99924,170,99988,170,99921,170,100017,170,99909,170,100030,100,99892,100,100032,100,99886,100,100037,100,99876,100,100039,200,99873,200,100050,100,99864,100
2019-06-28 09:40:04.120088338,99949,270,99946,270,99952,170,99932,170,99953,170,99924,170,99988,170,99921,170,100017,170,99909,170,100030,100,99892,100,100032,100,99886,100,100037,100,99876,100,100039,200,99873,200,100050,100,99864,100
2019-06-28 09:40:10.000000000,99949,318,99946,318,99952,215,99932,215,99953,215,99924,215,99988,100,99921,100,100017,100,99909,100,100030,100,99892,100,100032,100,99886,100,100037,100,99876,100,100039,200,99873,200,100050,100,99864,100
2019-06-28 09:40:15.247839474,99949,318,99946,318,99952,215,99932,315,99953,215,99924,215,99988,100,99921,100,100017,100,99909,100,100030,100,99892,100,100032,100,99886,100,100037,100,99876,100,100039,200,99873,200,100050,100,99864,100
2019-06-28 09:40:20.000000000,99949,374,99946,374,99952,274,99932,374,99953,100,99924,100,99988,100,99921,100,100017,100,99909,100,100030,100,99892,100,100032,100,99886,100,100037,100,99876,100,100039,200,99873,200,100050,100,99864,100
2019-06-28 09:40:30.000000000,99949,548,99946,548,99952,100,99932,200,99953,100,99924,100,99988,100,99921,100,100017,100,99909,100,100030,100,99892,100,100032,100,99886,100,100037,100,99876,100,100039,200,99873,200,100050,100,99864,100
2019-06-28 09:40:32.813900707,99949,548,99946,548,99952,100,99932,200,99953,100,99924,100,99988,100,99921,100,100017,100,99912,100,100030,100,99909,100,100032,100,99892,100,100037,100,99886,100,100039,200,99876,100,100050,100,99873,200
2019-06-28 09:40:40.000000000,99949,374,99946,374,99952,274,99932,374,99953,100,99924,100,99988,100,99921,100,100017,100,99912,100,100030,100,99909,100,100032,100,99892,100,100037,100,99886,100,100039,200,99876,100,100050,100,99873,200
2019-06-28 09:40:49.791156212,99949,374,99946,374,99952,274,99932,374,99953,100,99924,100,99988,100,99921,100,100017,100,99912,100,100030,100,99909,100,100032,100,99892,100,100037,100,99886,100,100039,200,99876,100,100050,100,99873,200
2019-06-28 09:40:50.000000000,99949,287,99946,287,99952,187,99932,287,99953,187,99924,187,99988,187,99921,187,100017,100,99912,100,100030,100,99909,100,100032,100,99892,100,100037,100,99886,100,100039,200,99876,100,100050,100,99873,200
2019-06-28 09:41:00.000000000,99949,374,99946,374,99952,274,99932,374,99953,100,99924,100,99988,100,99921,100,100017,100,99912,100,100030,100,99909,100,100032,100,99892,100,100037,100,99886,100,100039,200,99876,100,100050,100,99873,200
2019-06-28 09:41:00.748657760,99949,274,99946,374,99952,274,99932,374,99953,100,99924,100,99988,100,99921,100,100017,100,99912,100,100030,100,99909,100,100032,100,99892,100,100037,100,99886,100,100039,200,99876,100,100053,100,99873,200
2019-06-28 09:41:06.669136847,99949,174,99946,374,99952,274,99932,374,99953,100,99924,100,99988,100,99921,100,100017,100,99912,100,100030,100,99909,100,100032,100,99892,100,100037,100,99886,100,100039,200,99876,100,100053,100,99873,200
2019-06-28 09:41:10.000000000,99952,274,99946,374,99953,274,99932,374,99988,100,99924,100,100017,100,99921,100,100030,100,99912,100,100032,100,99909,100,100037,100,99892,100,100039,200,99886,100,100053,100,99876,100,100064,100,99873,200
2019-06-28 09:41:10.632793799,99952,174,99946,374,99953,274,99932,374,99988,100,99924,100,100017,100,99921,100,100030,100,99912,100,100032,100,99909,100,100037,100,99892,100,100039,200,99886,100,100053,100,99876,100,100064,100,99873,200
2019-06-28 09:41:20.000000000,99953,448,99946,548,99988,100,99932,200,100017,100,99924,100,100030,100,99921,100,100032,100,99912,100,100037,100,99909,100,100039,200,99892,100,100053,100,99886,100,100064,100,99876,100,100075,100,99873,200
2019-06-28 09:41:23.857331827,99953,448,99949,100,99988,100,99946,548,100017,100,99932,200,100030,100,99924,100,100032,100,99921,100,100037,100,99912,100,100039,200,99909,100,100053,100,99886,100,100064,100,99876,100,100075,100,99873,200
2019-06-28 09:41:30.000000000,99953,218,99949,218,99988,215,99946,315,100017,215,99932,315,100030,100,99924,100,100032,100,99921,100,100037,100,99912,100,100039,200,99909,100,100053,100,99886,100,100064,100,99876,100,100075,100,99873,200
2019-06-28 09:41:30.131156123,99953,118,99949,218,99988,215,99946,315,100017,215,99932,315,100030,100,99924,100,100032,100,99921,100,100037,100,99912,100,100039,200,99909,100,100053,100,99886,100,100064,100,99876,100,100075,100,99873,200
2019-06-28 09:41:34.998958923,99953,118,99949,218,99988,215,99946,315,100017,215,99932,315,100030,100,99924,200,100032,100,99921,100,100037,100,99912,100,100039,200,99909,100,100053,100,99886,100,100064,100,99876,100,100075,100,99873,200
2019-06-28 09:41:40.000000000,99988,170,99949,170,100017,170,99946,270,100030,170,99932,270,100032,170,99924,270,100037,170,99921,170,100039,200,99912,100,100053,100,99909,100,100064,100,99886,100,100075,100,99876,100,100077,100,99873,200
2019-06-28 09:41:44.928460720,99988,70,99949,170,100017,170,99946,270,100030,170,99932,270,100032,170,99924,270,100037,170,99921,170,100039,200,99912,100,100053,100,99909,100,100064,100,99886,100,100075,100,99876,100,100077,100,99873,200
2019-06-28 09:41:50.000000000,100017,218,99949,218,100030,215,99946,315,100032,215,99932,315,100037,100,99924,200,100039,200,99921,100,100053,100,99912,100,100064,100,99909,100,100075,100,99886,100,100077,100,99876,100,100107,100,99873,200
2019-06-28 09:41:56.520546619,100017,118,99949,218,100030,215,99946,315,100032,215,99932,315,100037,100,99924,200,100039,200,99912,100,100053,100,99909,100,100064,100,99886,100,100075,100,99876,100,100077,100,99873,200,100107,100,99864,100
2019-06-28 09:41:58.962460039,100017,18,99949,218,100030,215,99946,315,100032,215,99932,315,100037,100,99924,200,100039,200,99912,100,100053,100,99909,100,100064,100,99886,100,100075,100,99876,100,100077,100,99873,200,100107,100,99864,100
2019-06-28 09:42:00.000000000,100030,448,99949,448,100032,100,99946,200,100037,100,99932,200,100039,200,99924,200,100053,100,99912,100,100064,100,99909,100,100075,100,99886,100,100077,100,99876,100,100107,100,99873,200,100109,100,99864,100
2019-06-28 09:42:10.000000000,100030,170,99949,170,100032,170,99946,270,100037,170,99932,270,100039,270,99924,270,100053,170,99912,170,100064,100,99909,100,100075,100,99886,100,100077,100,99876,100,100107,100,99873,200,100109,100,99864,100
2019-06-28 09:42:20.000000000,100030,187,99949,187,100032,187,99946,287,100037,187,99932,287,100039,287,99924,287,100053,100,99912,100,100064,100,99909,100,100075,100,99886,100,100077,100,99876,100,100107,100,99873,200,100109,100,99864,100
2019-06-28 09:42:30.000000000,100030,448,99949,448,100032,100,99946,200,100037,100,99932,200,100039,200,99924,200,100053,100,99912,100,100064,100,99909,100,100075,100,99886,100,100077,100,99876,100,100107,100,99873,200,100109,100,99864,100
2019-06-28 09:42:40.000000000,100030,448,99949,448,100032,100,99946,200,100037,100,99932,200,100039,200,99924,200,100053,100,99912,100,100064,100,99909,100,100075,100,99886,100,100077,100,99876,100,100107,100,99873,200,100109,100,99864,100
2019-06-28 09:42:42.955228507,100030,448,99949,448,100032,100,99946,200,100037,100,99932,200,100039,100,99924,200,100053,100,99912,100,100064,100,99909,100,100075,100,99886,100,100077,100,99876,100,100107,100,99873,200,100109,100,99864,100
2019-06-28 09:42:50.000000000,100030,218,99949,218,100032,215,99946,315,100037,215,99932,315,100039,100,99924,200,100053,100,99912,100,100064,100,99909,100,100075,100,99886,100,100077,100,99876,100,100107,100,99873,200,100109,100,99864,100
2019-06-28 09:43:00.000000000,100030,274,99949,274,100032,274,99946,374,100037,100,99932,200,100039,100,99924,200,100053,100,99912,100,100064,100,99909,100,100075,100,99886,100,100077,100,99876,100,100107,100,99873,200,100109,100,99864,100
2019-06-28 09:43:02.216976282,100030,274,100017,100,100032,274,99949,274,100037,100,99946,274,100039,100,99932,200,100053,100,99924,200,100064,100,99912,100,100075,100,99909,100,100077,100,99886,100,100107,100,99876,100,100109,100,99873,200
2019-06-28 09:43:10.000000000,100030,187,100017,187,100032,187,99949,187,100037,187,99946,187,100039,187,99932,287,100053,100,99924,200,100064,100,99912,100,100075,100,99909,100,100077,100,99886,100,100107,100,99876,100,100109,100,99873,200
2019-06-28 09:43:20.000000000,100030,218,100017,218,100032,215,99949,215,100037,215,99946,215,100039,100,99932,200,100053,100,99924,200,100064,100,99912,100,100075,100,99909,100,100077,100,99886,100,100107,100,99876,100,100109,100,99873,200
2019-06-28 09:43:30.000000000,100030,218,100017,218,100032,215,99949,215,100037,215,99946,215,100039,100,99932,200,100053,100,99924,200,100064,100,99912,100,100075,100,99909,100,100077,100,99886,100,100107,100,99876,100,100109,100,99873,200
2019-06-28 09:43:33.275123408,100030,218,100017,118,100032,215,99949,215,100037,215,99946,215,100039,100,99932,200,100053,100,99924,200,100064,100,99912,100,100075,100,99909,100,100077,100,99886,100,100107,100,99876,100,100109,100,99873,200
2019-06-28 09:43:33.320029135,100030,218,100017,118,100032,215,99949,215,100037,215,99946,215,100039,100,99932,100,100053,100,99924,200,100064,100,99912,100,100075,100,99909,100,100077,100,99886,100,100107,100,99876,100,100109,100,99873,200
2019-06-28 09:43:40.000000000,100030,170,99949,170,100032,170,99946,170,100037,170,99932,170,100039,170,99924,270,100053,170,99912,170,100064,100,99909,100,100075,100,99886,100,100077,100,99876,100,100107,100,99873,200,100109,100,99864,100
2019-06-28 09:43:42.228835788,100030,170,99949,170,100032,170,99946,170,100037,170,99932,170,100039,170,99924,270,100053,170,99912,170,100064,100,99909,100,100077,100,99886,100,100107,100,99876,100,100109,100,99873,200,100114,100,99864,100
2019-06-28 09:43:50.000000000,100030,274,99949,274,100032,274,99946,274,100037,100,99932,100,100039,100,99924,200,100053,100,99912,100,100064,100,99909,100,100077,100,99886,100,100107,100,99876,100,100109,100,99873,200,100114,100,99864,100
2019-06-28 09:44:00.000000000,100030,218,99949,218,100032,215,99946,215,100037,215,99932,215,100039,100,99924,200,100053,100,99912,100,100064,100,99909,100,100077,100,99886,100,100107,100,99876,100,100109,100,99873,200,100114,100,99864,100
2019-06-28 09:44:10.000000000,100030,274,99949,274,100032,274,99946,274,100037,100,99932,100,100039,100,99924,200,100053,100,99912,100,100064,100,99909,100,100077,100,99886,100,100107,100,99876,100,100109,100,99873,200,100114,100,99864,100
2019-06-28 09:44:14.799979565,100030,274,99949,274,100032,274,99946,274,100037,100,99932,100,100039,100,99924,200,100053,100,99912,100,100064,100,99909,100,100077,100,99886,100,100107,100,99885,100,100109,100,99876,100,100114,100,99873,100
2019-06-28 09:44:16.497062108,100030,274,99949,274,100032,274,99946,274,100037,100,99932,100,100053,100,99924,200,100064,100,99912,100,100077,100,99909,100,100107,100,99886,100,100109,100,99885,100,100114,100,99876,100,100148,100,99873,100
2019-06-28 09:44:20.000000000,100030,274,99949,274,100032,274,99946,274,100037,100,99932,100,100053,100,99924,200,100064,100,99912,100,100077,100,99909,100,100107,100,99886,100,100109,100,99885,100,100114,100,99876,100,100148,100,99873,100
2019-06-28 09:44:26.973459152,100030,274,100018,100,100032,274,99949,274,100037,100,99946,274,100053,100,99932,100,100064,100,99924,200,100077,100,99912,100,100107,100,99909,100,100109,100,99886,100,100114,100,99885,100,100148,100,99876,100
2019-06-28 09:44:30.000000000,100030,448,100018,448,100032,100,99949,100,100037,100,99946,100,100053,100,99932,100,100064,100,99924,200,100077,100,99912,100,100107,100,99909,100,100109,100,99886,100,100114,100,99885,100,100148,100,99876,100
2019-06-28 09:44:40.000000000,100030,218,100018,218,100032,215,99949,215,100037,215,99946,215,100053,100,99932,100,100064,100,99924,200,100077,100,99912,100,100107,100,99909,100,100109,100,99886,100,100114,100,99885,100,100148,100,99876,100
2019-06-28 09:44:49.879154555,100030,218,100018,118,100032,215,99949,215,100037,215,99946,215,100053,100,99932,100,100064,100,99924,200,100077,100,99912,100,100107,100,99909,100,100109,100,99886,100,100114,100,99885,100,100148,100,99876,100
2019-06-28 09:44:50.000000000,100030,170,99949,170,100032,170,99946,170,100037,170,99932,170,100053,170,99924,270,100064,170,99912,170,100077,100,99909,100,100107,100,99886,100,100109,100,99885,100,100114,100,99876,100,100148,100,99873,100
2019-06-28 09:45:00.000000000,100030,274,99949,274,100032,274,99946,274,100037,100,99932,100,100053,100,99924,200,100064,100,99912,100,100077,100,99909,100,100107,100,99886,100,100109,100,99885,100,100114,100,99876,100,100148,100,99873,100
2019-06-28 09:45:08.093815392,100030,274,99949,274,100032,274,99946,274,100037,100,99932,100,100053,100,99924,200,100064,100,99912,100,100077,100,99909,100,100107,100,99886,100,100109,100,99885,100,100114,100,99876,100,100148,100,99873,100
2019-06-28 09:45:10.000000000,100030,218,99949,218,100032,215,99946,215,100037,215,99932,215,100053,100,99924,200,100064,100,99912,100,100077,100,99909,100,100107,100,99886,100,100109,100,99885,100,100114,100,99876,100,100148,100,99873,100
2019-06-28 09:45:20.000000000,100030,170,99949,170,100032,170,99946,170,100037,170,99932,170,100053,170,99924,270,100064,170,99912,170,100077,100,99909,100,100107,100,99886,100,100109,100,99885,100,100114,100,99876,100,100148,100,99873,100
2019-06-28 09:45:30.000000000,100030,187,99949,187,100032,187,99946,187,100037,187,99932,187,100053,187,99924,287,100064,100,99912,100,100077,100,99909,100,100107,100,99886,100,100109,100,99885,100,100114,100,99876,100,100148,100,99873,100
2019-06-28 09:45:40.000000000,100030,170,99949,170,100032,170,99946,170,100037,170,99932,170,100053,170,99924,270,100064,170,99912,170,100077,100,99909,100,100107,100,99886,100,100109,100,99885,100,100114,100,99876,100,100148,100,99873,100
2019-06-28 09:45:48.064161548,100030,170,99949,170,100032,170,99946,170,100037,170,99932,170,100053,170,99924,270,100064,170,99912,170,100077,100,99886,100,100107,100,99885,100,100109,100,99876,100,100114,100,99873,100,100148,100,99865,100
2019-06-28 09:45:50.000000000,100030,274,99949,274,100032,274,99946,274,100037,100,99932,100,100053,100,99924,200,100064,100,99912,100,100077,100,99886,100,100107,100,99885,100,100109,100,99876,100,100114,100,99873,100,100148,100,99865,100
2019-06-28 09:45:52.507372058,100030,174,99949,274,100032,274,99946,274,100037,100,99932,100,100053,100,99924,100,100064,100,99912,100,100077,100,99886,100,100107,100,99885,100,100109,100,99876,100,100114,100,99873,100,100148,100,99865,100
2019-06-28 09:46:00.000000000,100032,218,99949,218,100037,215,99946,215,100053,215,99932,215,100064,100,99924,100,100077,100,99912,100,100107,100,99886,100,100109,100,99885,100,100114,100,99876,100,100148,100,99873,100,100154,100,99865,100
2019-06-28 09:46:03.011940266,100032,218,100019,100,100037,215,99949,218,100053,215,99946,215,100064,100,99932,215,100077,100,99924,100,100107,100,99912,100,100109,100,99886,100,100114,100,99885,100,100148,100,99876,100,100154,100,99873,100
2019-06-28 09:46:03.144740439,100032,218,100019,200,100037,215,99949,218,100053,215,99946,215,100064,100,99932,215,100077,100,99924,100,100107,100,99912,100,100109,100,99886,100,100114,100,99885,100,100148,100,99876,100,100154,100,99873,100
2019-06-28 09:46:09.173644571,100032,218,100019,200,100037,115,99949,218,100053,215,99946,215,100064,100,99932,215,100077,100,99924,100,100107,100,99912,100,100109,100,99886,100,100114,100,99885,100,100148,100,99876,100,100154,100,99873,100
2019-06-28 09:46:10.000000000,100032,187,100019,287,100053,187,99949,187,100064,187,99946,187,100077,187,99932,187,100107,100,99924,100,100109,100,99912,100,100114,100,99886,100,100148,100,99885,100,100154,100,99876,100,100168,100,99873,100
2019-06-28 09:46:18.674675926,100032,187,100019,387,100053,187,99949,187,100064,187,99946,187,100077,187,99932,187,100107,100,99924,100,100109,100,99912,100,100114,100,99886,100,100148,100,99885,100,100154,100,99876,100,100168,100,99873,100
2019-06-28 09:46:20.000000000,100032,218,100019,418,100053,215,99949,215,100064,215,99946,215,100077,100,99932,100,100107,100,99924,100,100109,100,99912,100,100114,100,99886,100,100148,100,99885,100,100154,100,99876,100,100168,100,99873,100
2019-06-28 09:46:30.000000000,100032,448,100019,648,100053,100,99949,100,100064,100,99946,100,100077,100,99932,100,100107,100,99924,100,100109,100,99912,100,100114,100,99886,100,100148,100,99885,100,100154,100,99876,100,100168,100,99873,100
2019-06-28 09:46:34.538412899,100032,448,100019,648,100053,100,99949,100,100064,100,99946,100,100077,100,99932,100,100107,100,99924,100,100109,100,99912,100,100114,100,99886,100,100148,100,99885,100,100168,100,99876,100,100195,100,99873,100
2019-06-28 09:46:40.000000000,100032,170,100019,370,100053,170,99949,170,100064,170,99946,170,100077,170,99932,170,100107,170,99924,170,100109,100,99912,100,100114,100,99886,100,100148,100,99885,100,100168,100,99876,100,100195,100,99873,100
2019-06-28 09:46:50.000000000,100032,170,100019,370,100053,170,99949,170,100064,170,99946,170,100077,170,99932,170,100107,170,99924,170,100109,100,99912,100,100114,100,99886,100,100148,100,99885,100,100168,100,99876,100,100195,100,99873,100
2019-06-28 09:47:00.000000000,100032,187,100019,387,100053,187,99949,187,100064,187,99946,187,100077,187,99932,187,100107,100,99924,100,100109,100,99912,100,100114,100,99886,100,100148,100,99885,100,100168,100,99876,100,100195,100,99873,100
2019-06-28 09:47:10.000000000,100032,448,100019,648,100053,100,99949,100,100064,100,99946,100,100077,100,99932,100,100107,100,99924,100,100109,100,99912,100,100114,100,99886,100,100148,100,99885,100,100168,100,99876,100,100195,100,99873,100
2019-06-28 09:47:20.000000000,100032,218,100019,418,100053,215,99949,215,100064,215,99946,215,100077,100,99932,100,100107,100,99924,100,100109,100,99912,100,100114,100,99886,100,100148,100,99885,100,100168,100,99876,100,100195,100,99873,100
2019-06-28 09:47:30.000000000,100032,218,100019,418,100053,215,99949,215,100064,215,99946,215,100077,100,99932,100,100107,100,99924,100,100109,100,99912,100,100114,100,99886,100,100148,100,99885,100,100168,100,99876,100,100195,100,99873,100
2019-06-28 09:47:40.000000000,100032,170,100019,370,100053,170,99949,170,100064,170,99946,170,100077,170,99932,170,100107,170,99924,170,100109,100,99912,100,100114,100,99886,100,100148,100,99885,100,100168,100,99876,100,100195,100,99873,100
2019-06-28 09:47:50.000000000,100032,218,100019,418,100053,215,99949,215,100064,215,99946,215,100077,100,99932,100,100107,100,99924,100,100109,100,99912,100,100114,100,99886,100,100148,100,99885,100,100168,100,99876,100,100195,100,99873,100
2019-06-28 09:48:00.000000000,100032,274,100019,474,100053,274,99949,274,100064,100,99946,100,100077,100,99932,100,100107,100,99924,100,100109,100,99912,100,100114,100,99886,100,100148,100,99885,100,100168,100,99876,100,100195,100,99873,100
2019-06-28 09:48:07.904433626,100032,274,100019,474,100053,274,99949,274,100064,100,99946,100,100077,100,99932,100,100107,100,99924,100,100109,100,99912,100,100114,100,99886,100,100148,100,99885,100,100168,100,99876,100,100195,100,99873,100
2019-06-28 09:48:10.000000000,100032,218,100019,418,100053,215,99949,215,100064,215,99946,215,100077,100,99932,100,100107,100,99924,100,100109,100,99912,100,100114,100,99886,100,100148,100,99885,100,100168,100,99876,100,100195,100,99873,100
2019-06-28 09:48:18.664890763,100032,218,100019,418,100053,215,99949,215,100064,215,99946,215,100077,100,99932,100,100107,100,99924,100,100109,100,99912,100,100114,100,99886,100,100148,100,99885,100,100168,100,99876,100,100195,100,99873,100
2019-06-28 09:48:20.000000000,100032,274,100019,474,100053,274,99949,274,100064,100,99946,100,100077,100,99932,100,100107,100,99924,100,100109,100,99912,100,100114,100,99886,100,100148,100,99885,100,100168,100,99876,100,100195,100,99873,100
2019-06-28 09:48:24.322877158,100032,174,100019,474,100053,274,99949,274,100064,100,99946,100,100077,100,99932,100,100107,100,99924,100,100109,100,99912,100,100114,100,99886,100,100148,100,99885,100,100168,100,99876,100,100195,100,99873,100
2019-06-28 09:48:30.000000000,100053,170,100019,370,100064,170,99949,170,100077,170,99946,170,100107,170,99932,170,100109,170,99924,170,100114,100,99912,100,100148,100,99886,100,100168,100,99885,100,100195,100,99876,100,100244,100,99873,100
2019-06-28 09:48:40.000000000,100053,218,100019,418,100064,215,99949,215,100077,215,99946,215,100107,100,99932,100,100109,100,99924,100,100114,100,99912,100,100148,100,99886,100,100168,100,99885,100,100195,100,99876,100,100244,100,99873,100
2019-06-28 09:48:50.000000000,100053,274,100019,474,100064,274,99949,274,100077,100,99946,100,100107,100,99932,100,100109,100,99924,100,100114,100,99912,100,100148,100,99886,100,100168,100,99885,100,100195,100,99876,100,100244,100,99873,100
2019-06-28 09:48:50.160914417,100053,274,100030,100,100064,274,100019,474,100077,100,99949,274,100107,100,99946,100,100109,100,99932,100,100114,100,99924,100,100148,100,99912,100,100168,100,99886,100,100195,100,99885,100,100244,100,99876,100
2019-06-28 09:49:00.000000000,100053,218,100030,218,100064,215,100019,415,100077,215,99949,215,100107,100,99946,100,100109,100,99932,100,100114,100,99924,100,100148,100,99912,100,100168,100,99886,100,100195,100,99885,100,100244,100,99876,100
2019-06-28 09:49:04.979198326,100053,218,100030,218,100064,215,100019,415,100077,215,99949,215,100107,100,99946,100,100109,100,99932,100,100114,100,99924,100,100148,100,99912,100,100168,100,99886,100,100195,100,99885,100,100244,100,99876,100
2019-06-28 09:49:10.000000000,100053,448,100030,448,100064,100,100019,300,100077,100,99949,100,100107,100,99946,100,100109,100,99932,100,100114,100,99924,100,100148,100,99912,100,100168,100,99886,100,100195,100,99885,100,100244,100,99876,100
2019-06-28 09:49:20.000000000,100053,187,100030,187,100064,187,100019,387,100077,187,99949,187,100107,187,99946,187,100109,100,99932,100,100114,100,99924,100,100148,100,99912,100,100168,100,99886,100,100195,100,99885,100,100244,100,99876,100
2019-06-28 09:49:28.261456099,100053,187,100030,187,100064,187,100019,387,100077,187,99949,87,100107,187,99946,187,100109,100,99932,100,100114,100,99924,100,100148,100,99912,100,100168,100,99886,100,100195,100,99885,100,100244,100,99876,100
2019-06-28 09:49:30.000000000,100053,448,100030,448,100064,100,100019,300,100077,100,99946,100,100107,100,99932,100,100109,100,99924,100,100114,100,99912,100,100148,100,99886,100,100168,100,99885,100,100195,100,99876,100,100244,100,99873,100
2019-06-28 09:49:31.499479172,100053,448,100030,448,100064,100,100019,300,100077,100,99946,100,100107,100,99932,100,100109,100,99924,100,100114,100,99912,100,100148,100,99886,100,100168,100,99885,100,100195,100,99876,100,100244,100,99873,100
2019-06-28 09:49:40.000000000,100053,187,100030,187,100064,187,100019,387,100077,187,99946,187,100107,187,99932,187,100109,100,99924,100,100114,100,99912,100,100148,100,99886,100,100168,100,99885,100,100195,100,99876,100,100244,100,99873,100
2019-06-28 09:49:50.000000000,100053,448,100030,448,100064,100,100019,300,100077,100,99946,100,100107,100,99932,100,100109,100,99924,100,100114,100,99912,100,100148,100,99886,100,100168,100,99885,100,100195,100,99876,100,100244,100,99873,100
2019-06-28 09:49:54.215385196,100053,348,100030,448,100064,100,100019,300,100077,100,99946,100,100107,100,99932,100,100109,100,99924,100,100114,100,99912,100,100148,100,99886,100,100168,100,99885,100,100195,100,99876,100,100244,100,99873,100
2019-06-28 09:50:00.000000000,100064,448,100030,448,100077,100,100019,300,100107,100,99946,100,100109,100,99932,100,100114,100,99924,100,100148,100,99912,100,100168,100,99886,100,100195,100,99885,100,100244,100,99876,100,100283,100,99873,100
2019-06-28 09:50:10.000000000,100064,274,100030,274,100077,274,100019,474,100107,100,99946,100,100109,100,99932,100,100114,100,99924,100,100148,100,99912,100,100168,100,99886,100,100195,100,99885,100,100244,100,99876,100,100283,100,99873,100
2019-06-28 09:50:20.000000000,100064,274,100030,274,100077,274,100019,474,100107,100,99946,100,100109,100,99932,100,100114,100,99924,100,100148,100,99912,100,100168,100,99886,100,100195,100,99885,100,100244,100,99876,100,100283,100,99873,100
2019-06-28 09:50:30.000000000,100064,187,100030,187,100077,187,100019,387,100107,187,99946,187,100109,187,99932,187,100114,100,99924,100,100148,100,99912,100,100168,100,99886,100,100195,100,99885,100,100244,100,99876,100,100283,100,99873,100
2019-06-28 09:50:40.000000000,100064,218,100030,218,100077,215,100019,415,100107,215,99946,215,100109,100,99932,100,100114,100,99924,100,100148,100,99912,100,100168,100,99886,100,100195,100,99885,100,100244,100,99876,100,100283,100,99873,100
2019-06-28 09:50:44.511716496,100064,218,100030,118,100077,215,100019,415,100107,215,99946,215,100109,100,99932,100,100114,100,99924,100,100148,100,99912,100,100168,100,99886,100,100195,100,99885,100,100244,100,99876,100,100283,100,99873,100
2019-06-28 09:50:50.000000000,100064,218,100019,418,100077,215,99946,215,100107,215,99932,215,100109,100,99924,100,100114,100,99912,100,100148,100,99886,100,100168,100,99885,100,100195,100,99876,100,100244,100,99873,100,100283,100,99865,100
2019-06-28 09:51:00.000000000,100064,187,100019,387,100077,187,99946,187,100107,187,99932,187,100109,187,99924,187,100114,100,99912,100,100148,100,99886,100,100168,100,99885,100,100195,100,99876,100,100244,100,99873,100,100283,100,99865,100
2019-06-28 09:51:06.441067627,100064,187,100019,387,100077,187,99946,187,100107,187,99932,187,100109,187,99924,187,100114,100,99912,100,100148,100,99886,100,100168,100,99885,100,100195,100,99876,100,100244,100,99873,100,100283,100,99865,100
2019-06-28 09:51:10.000000000,100064,170,100019,370,100077,170,99946,170,100107,170,99932,170,100109,170,99924,170,100114,170,99912,170,100148,100,99886,100,100168,100,99885,100,100195,100,99876,100,100244,100,99873,100,100283,100,99865,100
2019-06-28 09:51:13.918967607,100064,170,100019,270,100077,170,99946,170,100107,170,99932,170,100109,170,99924,170,100114,170,99912,170,100148,100,99886,100,100168,100,99885,100,100195,100,99876,100,100244,100,99873,100,100283,100,99865,100
2019-06-28 09:51:20.000000000,100064,274,100019,374,100077,274,99946,274,100107,100,99932,100,100109,100,99924,100,100114,100,99912,100,100148,100,99886,100,100168,100,99885,100,100195,100,99876,100,100244,100,99873,100,100283,100,99865,100
2019-06-28 09:51:30.000000000,100064,218,100019,318,100077,215,99946,215,100107,215,99932,215,100109,100,99924,100,100114,100,99912,100,100148,100,99886,100,100168,100,99885,100,100195,100,99876,100,100244,100,99873,100,100283,100,99865,100
2019-06-28 09:51:40.000000000,100064,448,100019,548,100077,100,99946,100,100107,100,99932,100,100109,100,99924,100,100114,100,99912,100,100148,100,99886,100,100168,100,99885,100,100195,100,99876,100,100244,100,99873,100,100283,100,99865,100
2019-06-28 09:51:41.430816772,100064,448,100019,448,100077,100,99946,100,100107,100,99932,100,100109,100,99924,100,100114,100,99912,100,100148,100,99886,100,100168,100,99885,100,100195,100,99876,100,100283,100,99873,100,100578,100,99865,100
2019-06-28 09:51:50.000000000,100064,274,100019,274,100077,274,99946,274,100107,100,99932,100,100109,100,99924,100,100114,100,99912,100,100148,100,99886,100,100168,100,99885,100,100195,100,99876,100,100283,100,99873,100,100578,100,99865,100
2019-06-28 09:51:58.377421099,100064,274,100019,174,100077,274,99946,274,100107,100,99932,100,100109,100,99924,100,100114,100,99912,100,100148,100,99886,100,100168,100,99885,100,100195,100,99876,100,100283,100,99873,100,100578,100,99865,100
2019-06-28 09:51:59.809735448,100064,274,100019,174,100077,274,99946,274,100107,100,99932,100,100109,100,99924,100,100114,100,99912,100,100148,100,99886,100,100168,100,99885,100,100195,100,99876,100,100283,100,99873,100,100578,100,99865,100
2019-06-28 09:52:00.000000000,100064,170,99946,170,100077,170,99932,170,100107,170,99924,170,100109,170,99912,170,100114,170,99886,170,100148,100,99885,100,100168,100,99876,100,100195,100,99873,100,100283,100,99865,100,100578,100,99862,100
2019-06-28 09:52:10.000000000,100064,448,99946,448,100077,100,99932,100,100107,100,99924,100,100109,100,99912,100,100114,100,99886,100,100148,100,99885,100,100168,100,99876,100,100195,100,99873,100,100283,100,99865,100,100578,100,99862,100
2019-06-28 09:52:13.947601338,99958,100,99946,448,100064,448,99932,100,100077,100,99924,100,100107,100,99912,100,100109,100,99886,100,100114,100,99885,100,100148,100,99876,100,100168,100,99865,100,100195,100,99862,100,100283,100,99851,100
2019-06-28 09:52:16.590030027,99958,100,99946,448,100064,448,99932,100,100077,100,99924,100,100107,100,99912,100,100109,100,99886,100,100114,100,99885,100,100148,100,99876,100,100168,100,99865,100,100195,100,99862,100,100578,100,99851,100
2019-06-28 09:52:20.000000000,99958,274,99946,274,100064,274,99932,274,100077,100,99924,100,100107,100,99912,100,100109,100,99886,100,100114,100,99885,100,100148,100,99876,100,100168,100,99865,100,100195,100,99862,100,100578,100,99851,100
2019-06-28 09:52:26.538705382,99958,274,99946,274,100019,100,99932,274,100064,274,99924,100,100077,100,99912,100,100107,100,99886,100,100109,100,99885,100,100114,100,99876,100,100148,100,99865,100,100168,100,99862,100,100195,100,99851,100
2019-06-28 09:52:30.000000000,99958,218,99946,218,100019,215,99932,215,100064,215,99924,215,100077,100,99912,100,100107,100,99886,100,100109,100,99885,100,100114,100,99876,100,100148,100,99865,100,100168,100,99862,100,100195,100,99851,100
2019-06-28 09:52:35.543009103,99958,218,99946,218,100019,215,99932,215,100026,100,99924,215,100064,215,99912,100,100077,100,99886,100,100107,100,99885,100,100109,100,99876,100,100114,100,99865,100,100148,100,99862,100,100168,100,99851,100
2019-06-28 09:52:40.000000000,99958,274,99946,274,100019,274,99932,274,100026,100,99924,100,100064,100,99912,100,100077,100,99886,100,100107,100,99885,100,100109,100,99876,100,100114,100,99865,100,100148,100,99862,100,100168,100,99851,100
2019-06-28 09:52:44.292413980,99958,274,99946,174,100019,274,99932,274,100026,100,99924,100,100064,100,99912,100,100077,100,99886,100,100107,100,99885,100,100109,100,99876,100,100114,100,99865,100,100148,100,99862,100,100168,100,99851,100
2019-06-28 09:52:47.154868638,99958,274,99946,174,100019,274,99932,274,100026,100,99924,100,100064,100,99912,100,100077,100,99886,100,100107,100,99885,100,100109,100,99876,100,100114,100,99865,100,100148,100,99862,100,100168,100,99851,100
2019-06-28 09:52:50.000000000,99958,218,99932,218,100019,215,99924,215,100026,215,99912,215,100064,100,99886,100,100077,100,99885,100,100107,100,99876,100,100109,100,99865,100,100114,100,99862,100,100148,100,99851,100,100168,100,99828,100
2019-06-28 09:52:50.268586923,99958,218,99932,118,100019,215,99924,215,100026,215,99912,215,100064,100,99886,100,100077,100,99885,100,100107,100,99876,100,100109,100,99865,100,100114,100,99862,100,100148,100,99851,100,100168,100,99828,100
2019-06-28 09:52:52.037989491,99958,218,99932,118,100019,215,99924,215,100026,215,99912,215,100064,100,99886,100,100077,100,99885,100,100109,100,99876,100,100114,100,99865,100,100148,100,99862,100,100168,100,99851,100,100195,100,99828,100
2019-06-28 09:53:00.000000000,99958,170,99924,170,100019,170,99912,170,100026,170,99886,170,100064,170,99885,170,100077,170,99876,170,100109,100,99865,100,100114,100,99862,100,100148,100,99851,100,100168,100,99828,100,100195,100,99783,100
2019-06-28 09:53:10.000000000,99958,274,99924,274,100019,274,99912,274,100026,100,99886,100,100064,100,99885,100,100077,100,99876,100,100109,100,99865,100,100114,100,99862,100,100148,100,99851,100,100168,100,99828,100,100195,100,99783,100
2019-06-28 09:53:20.000000000,99958,170,99924,170,100019,170,99912,170,100026,170,99886,170,100064,170,99885,170,100077,170,99876,170,100109,100,99865,100,100114,100,99862,100,100148,100,99851,100,100168,100,99828,100,100195,100,99783,100
2019-06-28 09:53:30.000000000,99958,187,99924,187,100019,187,99912,187,100026,187,99886,187,100064,187,99885,187,100077,100,99876,100,100109,100,99865,100,100114,100,99862,100,100148,100,99851,100,100168,100,99828,100,100195,100,99783,100
2019-06-28 09:53:38.514939047,99958,187,99924,187,100019,187,99912,187,100026,187,99886,87,100064,187,99885,187,100077,100,99876,100,100109,100,99865,100,100114,100,99862,100,100148,100,99851,100,100168,100,99828,100,100195,100,99783,100
2019-06-28 09:53:40.000000000,99958,218,99924,218,100019,215,99912,215,100026,215,99885,215,100064,100,99876,100,100077,100,99865,100,100109,100,99862,100,100114,100,99851,100,100148,100,99828,100,100168,100,99783,100,100195,100,99647,100
2019-06-28 09:53:43.106977595,99946,100,99924,218,99958,218,99912,215,100019,215,99885,215,100026,215,99876,100,100064,100,99865,100,100077,100,99862,100,100109,100,99851,100,100114,100,99828,100,100148,100,99783,100,100168,100,99647,100
2019-06-28 09:53:48.304890037,99946,100,99924,218,99958,218,99912,215,100019,215,99885,215,100026,215,99876,100,100064,100,99865,100,100077,100,99862,100,100109,100,99851,100,100114,100,99828,100,100148,100,99783,100,100168,100,99744,100
2019-06-28 09:53:50.000000000,99946,274,99924,274,99958,274,99912,274,100019,100,99885,100,100026,100,99876,100,100064,100,99865,100,100077,100,99862,100,100109,100,99851,100,100114,100,99828,100,100148,100,99783,100,100168,100,99744,100
2019-06-28 09:53:57.571316882,99946,274,99924,174,99958,274,99912,174,100019,100,99885,100,100026,100,99876,100,100064,100,99865,100,100077,100,99862,100,100109,100,99851,100,100114,100,99828,100,100148,100,99783,100,100168,100,99744,100
2019-06-28 09:54:00.000000000,99946,170,99885,170,99958,170,99876,170,100019,170,99865,170,100026,170,99862,170,100064,170,99851,170,100077,100,99828,100,100109,100,99783,100,100114,100,99744,100,100148,100,99647,100,100168,100,99619,100
2019-06-28 09:54:10.000000000,99946,187,99885,187,99958,187,99876,187,100019,187,99865,187,100026,187,99862,187,100064,100,99851,100,100077,100,99828,100,100109,100,99783,100,100114,100,99744,100,100148,100,99647,100,100168,100,99619,100
2019-06-28 09:54:20.000000000,99946,218,99885,218,99958,215,99876,215,100019,215,99865,215,100026,100,99862,100,100064,100,99851,100,100077,100,99828,100,100109,100,99783,100,100114,100,99744,100,100148,100,99647,100,100168,100,99619,100
2019-06-28 09:54:30.000000000,99946,448,99885,448,99958,100,99876,100,100019,100,99865,100,100026,100,99862,100,100064,100,99851,100,100077,100,99828,100,100109,100,99783,100,100114,100,99744,100,100148,100,99647,100,100168,100,99619,100
2019-06-28 09:54:31.618529059,99946,448,99885,348,99958,100,99876,100,100019,100,99865,100,100026,100,99862,100,100064,100,99851,100,100077,100,99828,100,100109,100,99783,100,100114,100,99744,100,100148,100,99647,100,100168,100,99619,100
2019-06-28 09:54:40.000000000,99946,187,99876,187,99958,187,99865,187,100019,187,99862,187,100026,187,99851,187,100064,100,99828,100,100077,100,99783,100,100109,100,99744,100,100114,100,99647,100,100148,100,99619,100,100168,100,99598,100
2019-06-28 09:54:50.000000000,99946,187,99876,187,99958,187,99865,187,100019,187,99862,187,100026,187,99851,187,100064,100,99828,100,100077,100,99783,100,100109,100,99744,100,100114,100,99647,100,100148,100,99619,100,100168,100,99598,100
2019-06-28 09:54:54.013323605,99924,100,99876,187,99946,187,99865,187,99958,187,99862,187,100019,187,99851,187,100026,187,99828,100,100064,100,99783,100,100077,100,99744,100,100109,100,99647,100,100114,100,99619,100,100148,100,99598,100
2019-06-28 09:55:00.000000000,99924,448,99876,448,99946,100,99865,100,99958,100,99862,100,100019,100,99851,100,100026,100,99828,100,100064,100,99783,100,100077,100,99744,100,100109,100,99647,100,100114,100,99619,100,100148,100,99598,100
2019-06-28 09:55:02.633589302,99924,448,99876,448,99946,100,99865,100,99958,100,99862,100,100026,100,99851,100,100064,100,99828,100,100077,100,99783,100,100109,100,99744,100,100114,100,99647,100,100148,100,99619,100,100168,100,99598,100
2019-06-28 09:55:07.362290915,99924,448,99876,348,99946,100,99865,100,99958,100,99862,100,100026,100,99851,100,100064,100,99828,100,100077,100,99783,100,100109,100,99744,100,100114,100,99647,100,100148,100,99619,100,100168,100,99598,100
2019-06-28 09:55:10.000000000,99924,187,99865,187,99946,187,99862,187,99958,187,99851,187,100026,187,99828,187,100064,100,99783,100,100077,100,99744,100,100109,100,99647,100,100114,100,99619,100,100148,100,99598,100,100168,100,99219,100
2019-06-28 09:55:16.841901729,99885,100,99865,187,99924,187,99862,187,99946,187,99851,187,99958,187,99828,187,100026,187,99783,100,100064,100,99744,100,100077,100,99647,100,100109,100,99619,100,100114,100,99598,100,100148,100,99219,100
2019-06-28 09:55:20.000000000,99885,274,99865,274,99924,274,99862,274,99946,100,99851,100,99958,100,99828,100,100026,100,99783,100,100064,100,99744,100,100077,100,99647,100,100109,100,99619,100,100114,100,99598,100,100148,100,99219,100
2019-06-28 09:55:20.442081754,99885,274,99865,174,99924,274,99862,274,99946,100,99851,100,99958,100,99828,100,100026,100,99783,100,100064,100,99744,100,100077,100,99619,100,100109,100,99598,100,100114,100,99219,100,100148,100,98841,100
2019-06-28 09:55:30.000000000,99885,448,99862,448,99924,100,99851,100,99946,100,99828,100,99958,100,99783,100,100026,100,99744,100,100064,100,99619,100,100077,100,99598,100,100109,100,99219,100,100114,100,98841,100,100148,100,,
2019-06-28 09:55:40.000000000,99885,218,99862,218,99924,215,99851,215,99946,215,99828,215,99958,100,99783,100,100026,100,99744,100,100064,100,99619,100,100077,100,99598,100,100109,100,99219,100,100114,100,98841,100,100148,100,,
2019-06-28 09:55:44.245202040,99885,218,99862,118,99924,215,99851,215,99946,215,99828,215,99958,100,99783,100,100026,100,99744,100,100064,100,99619,100,100077,100,99598,100,100109,100,99219,100,100114,100,98841,100,100148,100,,
2019-06-28 09:55:50.000000000,99885,187,99851,187,99924,187,99828,187,99946,187,99783,187,99958,187,99744,187,100026,100,99619,100,100064,100,99598,100,100077,100,99219,100,100109,100,98841,100,100114,100,,,100148,100,,
2019-06-28 09:55:53.249279357,99865,100,99851,187,99885,187,99828,187,99924,187,99783,187,99946,187,99744,187,99958,187,99619,100,100026,100,99598,100,100064,100,99219,100,100077,100,98841,100,100109,100,,,100114,100,,
2019-06-28 09:56:00.000000000,99865,274,99851,274,99885,274,99828,274,99924,100,99783,100,99946,100,99744,100,99958,100,99619,100,100026,100,99598,100,100064,100,99219,100,100077,100,98841,100,100109,100,,,100114,100,,
2019-06-28 09:56:10.000000000,99865,448,99851,448,99885,100,99828,100,99924,100,99783,100,99946,100,99744,100,99958,100,99619,100,100026,100,99598,100,100064,100,99219,100,100077,100,98841,100,100109,100,,,100114,100,,
2019-06-28 09:56:17.066675695,99865,448,99851,448,99885,100,99828,100,99924,100,99823,100,99946,100,99783,100,99958,100,99744,100,100026,100,99619,100,100064,100,99598,100,100077,100,99219,100,100109,100,98841,100,100114,100,,
2019-06-28 09:56:20.000000000,99865,187,99851,187,99885,187,99828,187,99924,187,99823,187,99946,187,99783,187,99958,100,99744,100,100026,100,99619,100,100064,100,99598,100,100077,100,99219,100,100109,100,98841,100,100114,100,,
2019-06-28 09:56:22.198910151,99865,287,99851,187,99885,187,99828,187,99924,187,99823,187,99946,187,99783,187,99958,100,99744,100,100026,100,99619,100,100064,100,99598,100,100077,100,99219,100,100109,100,98841,100,100114,100,,
2019-06-28 09:56:30.000000000,99865,287,99851,187,99885,187,99828,187,99924,187,99823,187,99946,187,99783,187,99958,100,99744,100,100026,100,99619,100,100064,100,99598,100,100077,100,99219,100,100109,100,98841,100,100114,100,,
2019-06-28 09:56:40.000000000,99865,548,99851,448,99885,100,99828,100,99924,100,99823,100,99946,100,99783,100,99958,100,99744,100,100026,100,99619,100,100064,100,99598,100,100077,100,99219,100,100109,100,98841,100,100114,100,,
2019-06-28 09:56:43.066412702,99865,548,99851,248,99885,100,99828,100,99924,100,99823,100,99946,100,99783,100,99958,100,99744,100,100026,100,99619,100,100064,100,99598,100,100077,100,99219,100,100109,100,98841,100,100114,100,,
2019-06-28 09:56:49.464307375,99865,548,99851,148,99885,100,99828,100,99924,100,99823,100,99946,100,99783,100,99958,100,99744,100,100026,100,99619,100,100064,100,99598,100,100077,100,99219,100,100109,100,98841,100,100114,100,,
2019-06-28 09:56:50.000000000,99865,287,99828,187,99885,187,99823,187,99924,187,99783,187,99946,187,99744,187,99958,100,99619,100,100026,100,99598,100,100064,100,99219,100,100077,100,98841,100,100109,100,,,100114,100,,
2019-06-28 09:56:59.527222699,99865,287,99828,187,99885,187,99823,187,99924,187,99783,187,99946,187,99744,187,99958,100,99619,100,100026,100,99598,100,100064,100,99353,100,100077,100,99219,100,100109,100,98841,100,100114,100,,
2019-06-28 09:57:00.000000000,99865,287,99828,187,99885,187,99823,187,99924,187,99783,187,99946,187,99744,187,99958,100,99619,100,100026,100,99598,100,100064,100,99353,100,100077,100,99219,100,100109,100,98841,100,100114,100,,
2019-06-28 09:57:10.000000000,99865,374,99828,274,99885,274,99823,274,99924,100,99783,100,99946,100,99744,100,99958,100,99619,100,100026,100,99598,100,100064,100,99353,100,100077,100,99219,100,100109,100,98841,100,100114,100,,
2019-06-28 09:57:20.000000000,99865,548,99828,448,99885,100,99823,100,99924,100,99783,100,99946,100,99744,100,99958,100,99619,100,100026,100,99598,100,100064,100,99353,100,100077,100,99219,100,100109,100,98841,100,100114,100,,
2019-06-28 09:57:30.000000000,99865,374,99828,274,99885,274,99823,274,99924,100,99783,100,99946,100,99744,100,99958,100,99619,100,100026,100,99598,100,100064,100,99353,100,100077,100,99219,100,100109,100,98841,100,100114,100,,
2019-06-28 09:57:30.050683493,99851,100,99828,274,99865,274,99823,274,99885,274,99783,100,99924,100,99744,100,99946,100,99619,100,99958,100,99598,100,100026,100,99353,100,100064,100,99219,100,100077,100,98841,100,100109,100,,
2019-06-28 09:57:37.773288267,99851,100,99828,274,99865,274,99823,274,99885,274,99783,100,99924,100,99744,100,99946,100,99619,100,99958,100,99598,100,100026,100,99422,100,100064,100,99353,100,100077,100,99219,100,100109,100,98841,100
2019-06-28 09:57:40.000000000,99851,218,99828,218,99865,215,99823,215,99885,215,99783,215,99924,100,99744,100,99946,100,99619,100,99958,100,99598,100,100026,100,99422,100,100064,100,99353,100,100077,100,99219,100,100109,100,98841,100
2019-06-28 09:57:50.000000000,99851,170,99828,170,99865,170,99823,170,99885,170,99783,170,99924,170,99744,170,99946,170,99619,170,99958,100,99598,100,100026,100,99422,100,100064,100,99353,100,100077,100,99219,100,100109,100,98841,100
2019-06-28 09:58:00.000000000,99851,170,99828,170,99865,170,99823,170,99885,170,99783,170,99924,170,99744,170,99946,170,99619,170,99958,100,99598,100,100026,100,99422,100,100064,100,99353,100,100077,100,99219,100,100109,100,98841,100
2019-06-28 09:58:10.000000000,99851,218,99828,218,99865,215,99823,215,99885,215,99783,215,99924,100,99744,100,99946,100,99619,100,99958,100,99598,100,100026,100,99422,100,100064,100,99353,100,100077,100,99219,100,100109,100,98841,100
2019-06-28 09:58:20.000000000,99851,274,99828,274,99865,274,99823,274,99885,100,99783,100,99924,100,99744,100,99946,100,99619,100,99958,100,99598,100,100026,100,99422,100,100064,100,99353,100,100077,100,99219,100,100109,100,98841,100
2019-06-28 09:58:30.000000000,99851,170,99828,170,99865,170,99823,170,99885,170,99783,170,99924,170,99744,170,99946,170,99619,170,99958,100,99598,100,100026,100,99422,100,100064,100,99353,100,100077,100,99219,100,100109,100,98841,100
2019-06-28 09:58:35.919563924,99851,270,99828,170,99865,170,99823,170,99885,170,99783,170,99924,170,99744,170,99946,170,99619,170,99958,100,99598,100,100026,100,99422,100,100064,100,99353,100,100077,100,99219,100,100109,100,98841,100
2019-06-28 09:58:39.782104989,99851,270,99828,70,99865,170,99823,170,99885,170,99783,170,99924,170,99744,170,99946,170,99619,170,99958,100,99598,100,100026,100,99422,100,100064,100,99353,100,100077,100,99219,100,100109,100,98841,100
2019-06-28 09:58:40.000000000,99851,374,99823,274,99865,274,99783,274,99885,100,99744,100,99924,100,99619,100,99946,100,99598,100,99958,100,99422,100,100026,100,99353,100,100064,100,99219,100,100077,100,98841,100,100109,100,,
2019-06-28 09:58:41.323489945,99851,374,99823,174,99865,274,99783,274,99885,100,99744,100,99924,100,99619,100,99946,100,99598,100,99958,100,99422,100,100026,100,99353,100,100064,100,99219,100,100077,100,98841,100,100109,100,,
2019-06-28 09:58:50.000000000,99851,270,99783,170,99865,170,99744,170,99885,170,99619,170,99924,170,99598,170,99946,170,99422,170,99958,100,99353,100,100026,100,99219,100,100064,100,98841,100,100077,100,,,100109,100,,
2019-06-28 09:58:50.922739916,99851,270,99783,170,99865,170,99744,170,99885,170,99619,170,99924,70,99598,170,99946,170,99422,170,99958,100,99353,100,100026,100,99219,100,100064,100,98841,100,100077,100,,,100109,100,,
2019-06-28 09:58:55.620339640,99851,270,99783,170,99865,170,99744,170,99885,170,99619,170,99924,70,99598,170,99946,170,99422,70,99958,100,99353,100,100026,100,99219,100,100064,100,98870,100,100077,100,98841,100,100109,100,,
2019-06-28 09:59:00.000000000,99851,270,99783,170,99865,170,99744,170,99885,170,99619,170,99946,170,99598,170,99958,170,99353,170,100026,100,99219,100,100064,100,98870,100,100077,100,98841,100,100109,100,,,100114,100,,
2019-06-28 09:59:10.000000000,99851,374,99783,274,99865,274,99744,274,99885,100,99619,100,99946,100,99598,100,99958,100,99353,100,100026,100,99219,100,100064,100,98870,100,100077,100,98841,100,100109,100,,,100114,100,,
2019-06-28 09:59:10.232240256,99851,374,99783,274,99865,274,99744,274,99885,100,99619,100,99946,100,99598,100,99958,100,99353,100,100026,100,99219,100,100064,100,98870,100,100077,100,98841,100,100109,100,98657,100,100114,100,,
2019-06-28 09:59:13.618354912,99828,100,99783,274,99851,374,99744,274,99865,274,99619,100,99885,100,99598,100,99958,100,99353,100,100026,100,99219,100,100064,100,98870,100,100077,100,98841,100,100109,100,98657,100,100114,100,,
2019-06-28 09:59:17.513224717,99828,100,99783,174,99851,374,99744,274,99865,274,99619,100,99885,100,99598,100,99958,100,99353,100,100026,100,99219,100,100064,100,98870,100,100077,100,98841,100,100109,100,98657,100,100114,100,,
2019-06-28 09:59:20.000000000,99828,274,99744,274,99851,374,99619,274,99865,100,99598,100,99885,100,99353,100,99958,100,99219,100,100026,100,98870,100,100064,100,98841,100,100077,100,98657,100,100109,100,,,100114,100,,
2019-06-28 09:59:30.000000000,99828,170,99744,170,99851,270,99619,170,99865,170,99598,170,99885,170,99353,170,99958,170,99219,170,100026,100,98870,100,100064,100,98841,100,100077,100,98657,100,100109,100,,,100114,100,,
2019-06-28 09:59:37.786941207,99828,170,99744,170,99851,270,99619,170,99865,170,99598,170,99885,170,99353,170,99958,170,99219,170,100026,100,98870,100,100064,100,98841,100,100077,100,98657,100,100109,100,98554,100,100114,100,,
2019-06-28 09:59:39.088598591,99823,100,99744,170,99828,170,99619,170,99851,270,99598,170,99865,170,99353,170,99885,170,99219,170,99958,170,98870,100,100026,100,98841,100,100064,100,98657,100,100077,100,98554,100,100109,100,,
2019-06-28 09:59:40.000000000,99823,448,99744,448,99828,100,99619,100,99851,200,99598,100,99865,100,99353,100,99885,100,99219,100,99958,100,98870,100,100026,100,98841,100,100064,100,98657,100,100077,100,98554,100,100109,100,,
2019-06-28 09:59:50.000000000,99823,274,99744,274,99828,274,99619,274,99851,200,99598,100,99865,100,99353,100,99885,100,99219,100,99958,100,98870,100,100026,100,98841,100,100064,100,98657,100,100077,100,98554,100,100109,100,,
2019-06-28 10:00:00.000000000,99823,187,99744,187,99828,187,99619,187,99851,287,99598,187,99865,187,99353,187,99885,100,99219,100,99958,100,98870,100,100026,100,98841,100,100064,100,98657,100,100077,100,98554,100,100109,100,,
2019-06-28 10:00:00.519736035,99823,287,99744,187,99828,187,99619,187,99851,287,99598,187,99865,187,99353,187,99885,100,99219,100,99958,100,98870,100,100026,100,98841,100,100064,100,98657,100,100077,100,98554,100,100109,100,,
2019-06-28 10:00:10.000000000,99823,318,99744,218,99828,215,99619,215,99851,315,99598,215,99865,100,99353,100,99885,100,99219,100,99958,100,98870,100,100026,100,98841,100,100064,100,98657,100,100077,100,98554,100,100109,100,,
2019-06-28 10:00:19.435939867,99823,318,99744,118,99828,215,99619,215,99851,315,99598,215,99865,100,99353,100,99885,100,99219,100,99958,100,98870,100,100026,100,98841,100,100064,100,98554,100,100077,100,,,100109,100,,
2019-06-28 10:00:20.000000000,99823,287,99619,187,99828,187,99598,187,99851,287,99353,187,99865,187,99219,187,99885,100,98870,100,99958,100,98841,100,100026,100,98554,100,100064,100,,,100077,100,,,100109,100,,
2019-06-28 10:00:30.000000000,99823,318,99619,218,99828,215,99598,215,99851,315,99353,215,99865,100,99219,100,99885,100,98870,100,99958,100,98841,100,100026,100,98554,100,100064,100,,,100077,100,,,100109,100,,
2019-06-28 10:00:32.921145124,99823,318,99619,118,99828,215,99598,215,99851,315,99353,215,99865,100,99219,100,99885,100,98870,100,99958,100,98841,100,100026,100,98554,100,100064,100,,,100077,100,,,100109,100,,
2019-06-28 10:00:40.000000000,99823,270,99598,170,99828,170,99353,170,99851,270,99219,170,99865,170,98870,170,99885,170,98841,170,99958,100,98554,100,100026,100,,,100064,100,,,100077,100,,,100109,100,,
2019-06-28 10:00:50.000000000,99823,318,99598,218,99828,215,99353,215,99851,315,99219,215,99865,100,98870,100,99885,100,98841,100,99958,100,98554,100,100026,100,,,100064,100,,,100077,100,,,100109,100,,
2019-06-28 10:00:50.723421254,99823,318,99598,118,99828,215,99353,215,99851,315,99219,215,99865,100,98870,100,99885,100,98841,100,99958,100,98554,100,100026,100,,,100064,100,,,100077,100,,,100109,100,,
2019-06-28 10:00:54.156943496,99823,318,99598,18,99828,215,99353,215,99851,315,99219,215,99865,100,98870,100,99885,100,98841,100,99958,100,,,100026,100,,,100064,100,,,100077,100,,,100109,100,,
2019-06-28 10:00:54.286934233,99823,318,99598,18,99828,215,99353,215,99851,315,99219,215,99865,100,98870,100,99885,100,98613,100,99958,100,,,100026,100,,,100064,100,,,100077,100,,,100109,100,,
2019-06-28 10:00:56.934036364,99598,82,99353,215,99823,318,99219,215,99828,215,98870,100,99851,315,98613,100,99885,100,,,99958,100,,,100026,100,,,100064,100,,,100077,100,,,100109,100,,
2019-06-28 10:01:00.000000000,99598,256,99353,274,99823,374,99219,274,99828,100,98870,100,99851,200,98613,100,99885,100,,,99958,100,,,100026,100,,,100064,100,,,100077,100,,,100109,100,,
2019-06-28 10:01:10.000000000,99598,200,99353,218,99823,315,99219,215,99828,215,98870,215,99851,200,98613,100,99885,100,,,99958,100,,,100026,100,,,100064,100,,,100077,100,,,100109,100,,
2019-06-28 10:01:20.000000000,99598,169,99353,187,99823,287,99219,187,99828,187,98870,187,99851,287,98613,187,99885,100,,,99958,100,,,100026,100,,,100064,100,,,100077,100,,,100109,100,,
2019-06-28 10:01:22.178337340,99598,169,99353,187,99823,287,99219,87,99828,187,98870,187,99851,287,98745,100,99885,100,98613,187,99958,100,,,100026,100,,,100064,100,,,100077,100,,,100109,100,,
2019-06-28 10:01:30.000000000,99598,169,99353,187,99823,287,98870,187,99828,187,98745,187,99851,287,98613,187,99885,100,,,99958,100,,,100026,100,,,100064,100,,,100077,100,,,100109,100,,
2019-06-28 10:01:40.000000000,99598,256,99353,274,99823,374,98870,274,99828,100,98745,100,99851,200,98613,100,99885,100,,,99958,100,,,100026,100,,,100064,100,,,100077,100,,,100109,100,,
2019-06-28 10:01:50.000000000,99598,152,99353,170,99823,270,98870,170,99828,170,98745,170,99851,270,98613,170,99885,170,98612,70,99958,100,,,100026,100,,,100064,100,,,100077,100,,,100109,100,,
2019-06-28 10:01:57.440449014,99598,152,99353,70,99823,270,98870,170,99828,170,98745,170,99851,270,98613,170,99885,170,98612,70,99958,100,,,100026,100,,,100064,100,,,100077,100,,,100109,100,,
2019-06-28 10:02:00.000000000,99598,200,98870,218,99823,315,98745,215,99828,215,98613,215,99851,200,,,99885,100,,,99958,100,,,100026,100,,,100064,100,,,100077,100,,,100109,100,,
2019-06-28 10:02:10.000000000,99598,430,98870,448,99823,200,98745,100,99828,100,98613,100,99851,200,,,99885,100,,,99958,100,,,100026,100,,,100064,100,,,100077,100,,,100109,100,,
2019-06-28 10:02:20.000000000,99598,430,98870,448,99823,200,98745,100,99828,100,98613,100,99851,200,,,99885,100,,,99958,100,,,100026,100,,,100064,100,,,100077,100,,,100109,100,,
2019-06-28 10:02:22.157813216,99598,430,99050,100,99823,200,98870,448,99828,100,98745,100,99851,200,98613,100,99885,100,,,99958,100,,,100026,100,,,100064,100,,,100077,100,,,100109,100,,
2019-06-28 10:02:27.476595198,99167,100,99050,100,99598,430,98870,448,99823,200,98745,100,99828,100,98613,100,99851,200,,,99885,100,,,99958,100,,,100026,100,,,100064,100,,,100077,100,,
2019-06-28 10:02:30.000000000,99167,218,99050,218,99598,197,98870,215,99823,315,98745,215,99828,100,98613,100,99851,200,,,99885,100,,,99958,100,,,100026,100,,,100064,100,,,100077,100,,
2019-06-28 10:02:35.708828505,99167,218,99050,218,99598,197,98882,100,99823,315,98870,215,99828,100,98745,215,99851,200,98613,100,99885,100,,,99958,100,,,100026,100,,,100064,100,,,100077,100,,
2019-06-28 10:02:40.000000000,99167,187,99050,187,99598,169,98882,187,99823,287,98870,187,99828,187,98745,187,99851,200,98613,100,99885,100,,,99958,100,,,100026,100,,,100064,100,,,100077,100,,
2019-06-28 10:02:42.448298433,99167,187,99050,187,99347,100,98882,187,99598,169,98870,187,99823,287,98745,187,99828,187,98613,100,99851,200,,,99885,100,,,99958,100,,,100026,100,,,100064,100,,
2019-06-28 10:02:50.000000000,99167,448,99050,448,99347,100,98882,100,99598,82,98870,100,99823,200,98745,100,99828,100,98613,100,99851,200,,,99885,100,,,99958,100,,,100026,100,,,100064,100,,
2019-06-28 10:03:00.000000000,99167,218,99050,218,99347,215,98882,215,99598,197,98870,215,99823,200,98745,100,99828,100,98613,100,99851,200,,,99885,100,,,99958,100,,,100026,100,,,100064,100,,
2019-06-28 10:03:10.000000000,99167,218,99050,218,99347,215,98882,215,99598,197,98870,215,99823,200,98745,100,99828,100,98613,100,99851,200,,,99885,100,,,99958,100,,,100026,100,,,100064,100,,
2019-06-28 10:03:20.000000000,99167,170,99050,170,99347,170,98882,170,99598,152,98870,170,99823,270,98745,170,99828,170,98613,170,99851,200,,,99885,100,,,99958,100,,,100026,100,,,100064,100,,
2019-06-28 10:03:28.828742893,99167,170,99050,170,99347,170,98954,100,99598,152,98882,170,99823,270,98870,170,99828,170,98745,170,99851,200,98613,170,99885,100,,,99958,100,,,100026,100,,,100064,100,,
2019-06-28 10:03:30.000000000,99167,274,99050,274,99347,274,98954,274,99598,82,98882,100,99823,200,98870,100,99828,100,98745,100,99851,200,98613,100,99885,100,,,99958,100,,,100026,100,,,100064,100,,
2019-06-28 10:03:40.000000000,99167,274,99050,274,99347,274,98954,274,99598,82,98882,100,99823,200,98870,100,99828,100,98745,100,99851,200,98613,100,99885,100,,,99958,100,,,100026,100,,,100064,100,,
2019-06-28 10:03:46.770740519,99167,274,99050,274,99347,274,98954,274,99597,100,98882,100,99598,82,98870,100,99823,100,98745,100,99828,100,98613,100,99851,200,,,99885,100,,,99958,100,,,100026,100,,
2019-06-28 10:03:50.000000000,99167,218,99050,218,99347,215,98954,215,99597,215,98882,215,99598,82,98870,100,99823,100,98745,100,99828,100,98613,100,99851,200,,,99885,100,,,99958,100,,,100026,100,,
2019-06-28 10:03:52.333343714,99167,218,99050,218,99347,215,98954,215,99597,315,98882,215,99598,82,98870,100,99823,100,98745,100,99828,100,98613,100,99851,100,,,99885,100,,,99958,100,,,100026,100,,
2019-06-28 10:04:00.000000000,99167,448,99050,448,99347,100,98954,100,99597,200,98882,100,99598,82,98870,100,99823,100,98745,100,99828,100,98613,100,99851,100,,,99885,100,,,99958,100,,,100026,100,,
2019-06-28 10:04:10.000000000,99167,218,99050,218,99347,215,98954,215,99597,315,98882,215,99598,82,98870,100,99823,100,98745,100,99828,100,98613,100,99851,100,,,99885,100,,,99958,100,,,100026,100,,
2019-06-28 10:04:20.000000000,99167,170,99050,170,99347,170,98954,170,99597,270,98882,170,99598,152,98870,170,99823,170,98745,170,99828,100,98613,100,99851,100,,,99885,100,,,99958,100,,,100026,100,,
2019-06-28 10:04:22.402564192,99167,170,99050,170,99238,100,98954,170,99347,170,98882,170,99597,270,98870,170,99598,152,98745,170,99823,170,98613,100,99828,100,,,99851,100,,,99885,100,,,99958,100,,
2019-06-28 10:04:30.000000000,99167,170,99050,170,99238,170,98954,170,99347,170,98882,170,99597,270,98870,170,99598,152,98745,170,99823,100,98613,100,99828,100,,,99851,100,,,99885,100,,,99958,100,,
2019-06-28 10:04:40.000000000,99167,448,99050,448,99238,100,98954,100,99347,100,98882,100,99597,200,98870,100,99598,82,98745,100,99823,100,98613,100,99828,100,,,99851,100,,,99885,100,,,99958,100,,
2019-06-28 10:04:45.422958893,99167,348,99050,448,99238,100,98954,100,99347,100,98882,100,99597,200,98870,100,99598,82,98745,100,99823,100,98613,100,99828,100,,,99851,100,,,99885,100,,,99958,100,,
2019-06-28 10:04:46.776343660,99167,348,99050,448,99238,100,98954,100,99347,100,98882,100,99506,100,98870,100,99597,200,98745,100,99598,82,98613,100,99823,100,,,99828,100,,,99851,100,,,99885,100,,
2019-06-28 10:04:48.061576089,99167,248,99050,448,99238,100,98954,100,99347,100,98882,100,99506,100,98870,100,99597,200,98745,100,99598,82,98613,100,99823,100,,,99828,100,,,99851,100,,,99885,100,,
2019-06-28 10:04:50.000000000,99238,170,99050,170,99347,170,98954,170,99506,170,98882,170,99597,270,98870,170,99598,152,98745,170,99823,100,98613,100,99828,100,,,99851,100,,,99885,100,,,99958,100,,
2019-06-28 10:05:00.000000000,99238,218,99050,218,99347,215,98954,215,99506,215,98882,215,99597,200,98870,100,99598,82,98745,100,99823,100,98613,100,99828,100,,,99851,100,,,99885,100,,,99958,100,,
2019-06-28 10:05:10.000000000,99238,170,99050,170,99347,170,98954,170,99506,170,98882,170,99597,270,98870,170,99598,152,98745,170,99823,100,98613,100,99828,100,,,99851,100,,,99885,100,,,99958,100,,
2019-06-28 10:05:20.000000000,99238,170,99050,170,99347,170,98954,170,99506,170,98882,170,99597,270,98870,170,99598,152,98745,170,99823,100,98613,100,99828,100,,,99851,100,,,99885,100,,,99958,100,,
2019-06-28 10:05:22.454507357,99238,170,99050,170,99347,170,98954,170,99506,170,98882,170,99597,270,98870,170,99598,152,98745,170,99683,100,98613,100,99823,100,,,99828,100,,,99851,100,,,99885,100,,
2019-06-28 10:05:30.000000000,99238,274,99050,274,99347,274,98954,274,99506,100,98882,100,99597,200,98870,100,99598,82,98745,100,99683,100,98613,100,99823,100,,,99828,100,,,99851,100,,,99885,100,,
2019-06-28 10:05:36.894953629,99238,174,99050,274,99347,274,98954,274,99506,100,98882,100,99597,200,98870,100,99598,82,98745,100,99823,100,98613,100,99828,100,,,99851,100,,,99885,100,,,99958,100,,
2019-06-28 10:05:38.343920939,99238,174,99167,100,99347,274,99050,274,99506,100,98954,274,99597,200,98882,100,99598,82,98870,100,99823,100,98745,100,99828,100,98613,100,99851,100,,,99885,100,,,99958,100,,
2019-06-28 10:05:40.000000000,99347,218,99167,218,99506,215,99050,215,99597,315,98954,215,99598,82,98882,100,99823,100,98870,100,99828,100,98745,100,99851,100,98613,100,99885,100,,,99958,100,,,100026,100,,
2019-06-28 10:05:50.000000000,99347,448,99167,448,99506,100,99050,100,99597,200,98954,100,99598,82,98882,100,99823,100,98870,100,99828,100,98745,100,99851,100,98613,100,99885,100,,,99958,100,,,100026,100,,
2019-06-28 10:05:59.457136369,99347,348,99167,448,99506,100,99050,100,99597,200,98954,100,99598,82,98882,100,99823,100,98870,100,99828,100,98745,100,99851,100,98613,100,99885,100,,,99958,100,,,100026,100,,
2019-06-28 10:06:00.000000000,99506,218,99167,218,99597,315,99050,215,99598,197,98954,215,99823,100,98882,100,99828,100,98870,100,99851,100,98745,100,99885,100,98613,100,99958,100,,,100026,100,,,100064,100,,
2019-06-28 10:06:10.000000000,99506,274,99167,274,99597,374,99050,274,99598,82,98954,100,99823,100,98882,100,99828,100,98870,100,99851,100,98745,100,99885,100,98613,100,99958,100,,,100026,100,,,100064,100,,
2019-06-28 10:06:20.000000000,99506,448,99167,448,99597,200,99050,100,99598,82,98954,100,99823,100,98882,100,99828,100,98870,100,99851,100,98745,100,99885,100,98613,100,99958,100,,,100026,100,,,100064,100,,
2019-06-28 10:06:20.050658037,99506,448,99305,100,99597,200,99167,448,99598,82,99050,100,99823,100,98882,100,99828,100,98870,100,99851,100,98745,100,99885,100,98613,100,99958,100,,,100026,100,,,100064,100,,
2019-06-28 10:06:26.805092877,99506,448,99305,100,99597,200,99167,448,99598,82,99055,100,99823,100,99050,100,99828,100,98882,100,99851,100,98870,100,99885,100,98745,100,99958,100,98613,100,100026,100,,,100064,100,,
2019-06-28 10:06:30.000000000,99506,448,99305,448,99597,200,99167,100,99598,82,99055,100,99823,100,99050,100,99828,100,98882,100,99851,100,98870,100,99885,100,98745,100,99958,100,98613,100,100026,100,,,100064,100,,
2019-06-28 10:06:40.000000000,99506,170,99305,170,99597,270,99167,170,99598,152,99055,170,99823,170,99050,170,99828,170,98882,170,99851,100,98870,100,99885,100,98745,100,99958,100,98613,100,100026,100,,,100064,100,,
2019-06-28 10:06:50.000000000,99506,448,99305,448,99597,200,99167,100,99598,82,99055,100,99823,100,99050,100,99828,100,98882,100,99851,100,98870,100,99885,100,98745,100,99958,100,98613,100,100026,100,,,100064,100,,
2019-06-28 10:07:00.000000000,99506,187,99305,187,99597,287,99167,187,99598,169,99055,187,99823,187,99050,187,99828,100,98882,100,99851,100,98870,100,99885,100,98745,100,99958,100,98613,100,100026,100,,,100064,100,,
2019-06-28 10:07:00.620384045,99506,187,99305,187,99597,287,99238,100,99598,169,99167,187,99823,187,99055,187,99828,100,99050,187,99885,100,98882,100,99958,100,98870,100,100026,100,98745,100,100064,100,98613,100,100077,100,,
2019-06-28 10:07:10.000000000,99506,218,99305,218,99597,315,99238,215,99598,197,99167,215,99823,100,99055,100,99828,100,99050,100,99885,100,98882,100,99958,100,98870,100,100026,100,98745,100,100064,100,98613,100,100077,100,,
2019-06-28 10:07:12.647493647,99506,218,99305,218,99597,315,99238,315,99598,197,99167,215,99823,100,99055,100,99828,100,99050,100,99885,100,98882,100,99958,100,98870,100,100026,100,98745,100,100064,100,98613,100,100077,100,,
2019-06-28 10:07:20.000000000,99506,170,99305,170,99597,270,99238,270,99598,152,99167,170,99823,170,99055,170,99828,170,99050,170,99885,100,98882,100,99958,100,98870,100,100026,100,98745,100,100064,100,98613,100,100077,100,,
2019-06-28 10:07:30.000000000,99506,187,99305,187,99597,287,99238,287,99598,169,99167,187,99823,187,99055,187,99828,100,99050,100,99885,100,98882,100,99958,100,98870,100,100026,100,98745,100,100064,100,98613,100,100077,100,,
2019-06-28 10:07:30.452835850,99506,187,99305,187,99597,287,99238,287,99598,169,99167,187,99823,187,99055,187,99828,100,99050,100,99885,100,98882,100,99903,100,98870,100,99958,100,98745,100,100026,100,98613,100,100064,100,,
2019-06-28 10:07:40.000000000,99506,448,99305,448,99597,200,99238,200,99598,82,99167,100,99823,100,99055,100,99828,100,99050,100,99885,100,98882,100,99903,100,98870,100,99958,100,98745,100,100026,100,98613,100,100064,100,,
2019-06-28 10:07:40.600589311,99506,448,99305,448,99597,200,99238,200,99598,82,99167,100,99823,100,99055,100,99828,100,99050,100,99885,100,98882,100,99903,100,98870,100,99931,100,98745,100,99958,100,98613,100,100026,100,,
2019-06-28 10:07:50.000000000,99506,448,99305,448,99597,200,99238,200,99598,82,99167,100,99823,100,99055,100,99828,100,99050,100,99885,100,98882,100,99903,100,98870,100,99931,100,98745,100,99958,100,98613,100,100026,100,,
2019-06-28 10:07:52.599909569,99506,448,99305,448,99597,200,99238,300,99598,82,99167,100,99823,100,99055,100,99828,100,99050,100,99885,100,98882,100,99903,100,98870,100,99931,100,98745,100,99958,100,98613,100,100026,100,,
2019-06-28 10:07:58.166033146,99506,448,99305,448,99597,200,99238,300,99598,82,99167,100,99799,100,99055,100,99823,100,99050,100,99828,100,98882,100,99885,100,98870,100,99903,100,98745,100,99931,100,98613,100,99958,100,,
2019-06-28 10:08:00.000000000,99506,448,99305,448,99597,200,99238,300,99598,82,99167,100,99799,100,99055,100,99823,100,99050,100,99828,100,98882,100,99885,100,98870,100,99903,100,98745,100,99931,100,98613,100,99958,100,,
2019-06-28 10:08:10.000000000,99506,448,99305,448,99597,200,99238,300,99598,82,99167,100,99799,100,99055,100,99823,100,99050,100,99828,100,98882,100,99885,100,98870,100,99903,100,98745,100,99931,100,98613,100,99958,100,,
2019-06-28 10:08:12.463368634,99506,448,99305,448,99597,200,99238,300,99598,82,99167,100,99799,100,99055,100,99823,100,99050,100,99828,100,98882,100,99885,100,98870,100,99903,100,98745,100,99931,100,98613,100,99958,100,,
2019-06-28 10:08:15.905808530,99506,348,99305,448,99597,200,99238,300,99598,82,99167,100,99799,100,99055,100,99823,100,99050,100,99828,100,98882,100,99885,100,98870,100,99903,100,98745,100,99931,100,98613,100,99958,100,,
2019-06-28 10:08:20.000000000,99597,318,99305,218,99598,197,99238,415,99799,215,99167,215,99823,100,99055,100,99828,100,99050,100,99885,100,98882,100,99903,100,98870,100,99931,100,98745,100,99958,100,98613,100,100026,100,,
2019-06-28 10:08:30.000000000,99597,374,99305,274,99598,256,99238,474,99799,100,99167,100,99823,100,99055,100,99828,100,99050,100,99885,100,98882,100,99903,100,98870,100,99931,100,98745,100,99958,100,98613,100,100026,100,,
2019-06-28 10:08:40.000000000,99597,548,99305,448,99598,82,99238,300,99799,100,99167,100,99823,100,99055,100,99828,100,99050,100,99885,100,98882,100,99903,100,98870,100,99931,100,98745,100,99958,100,98613,100,100026,100,,
2019-06-28 10:08:50.000000000,99597,548,99305,448,99598,82,99238,300,99799,100,99167,100,99823,100,99055,100,99828,100,99050,100,99885,100,98882,100,99903,100,98870,100,99931,100,98745,100,99958,100,98613,100,100026,100,,
2019-06-28 10:08:50.156459516,99597,448,99305,448,99598,82,99238,300,99799,100,99167,100,99823,100,99055,100,99828,100,99050,100,99885,100,98882,100,99903,100,98870,100,99931,100,98745,100,99958,100,98613,100,100026,100,,
2019-06-28 10:08:54.581070474,99597,348,99305,448,99598,82,99238,300,99799,100,99167,100,99823,100,99055,100,99828,100,99050,100,99885,100,98882,100,99903,100,98870,100,99931,100,98745,100,99958,100,98613,100,100026,100,,
2019-06-28 10:09:00.000000000,99598,200,99305,218,99799,215,99238,415,99823,215,99167,215,99828,100,99055,100,99885,100,99050,100,99903,100,98882,100,99931,100,98870,100,99958,100,98745,100,100026,100,98613,100,100064,100,,
