,ask_price_1,ask_size_1,bid_price_1,bid_size_1,ask_price_2,ask_size_2,bid_price_2,bid_size_2,ask_price_3,ask_size_3,bid_price_3,bid_size_3,ask_price_4,ask_size_4,bid_price_4,bid_size_4,ask_price_5,ask_size_5,bid_price_5,bid_size_5,ask_price_6,ask_size_6,bid_price_6,bid_size_6,ask_price_7,ask_size_7,bid_price_7,bid_size_7,ask_price_8,ask_size_8,bid_price_8,bid_size_8,ask_price_9,ask_size_9,bid_price_9,bid_size_9,ask_price_10,ask_size_10,bid_price_10,bid_size_10
2019-06-28 09:30:00.000000003,,,99941,100,,,,,,,,,,,,,,,,,,,,,,,,,,,,,,,,,,,,
2019-06-28 09:30:00.000000004,100083,100,99941,100,,,,,,,,,,,,,,,,,,,,,,,,,,,,,,,,,,,,
2019-06-28 09:30:00.000000006,100083,100,99961,100,,,99941,100,,,,,,,,,,,,,,,,,,,,,,,,,,,,,,,,
2019-06-28 09:30:00.000000007,100071,100,99961,100,100083,100,99941,100,,,99937,100,,,,,,,,,,,,,,,,,,,,,,,,,,,,
2019-06-28 09:30:00.000000008,100035,100,99961,100,100071,100,99941,100,100083,100,99937,100,,,99815,100,,,,,,,,,,,,,,,,,,,,,,,,
2019-06-28 09:30:00.000000009,100035,100,99961,100,100071,100,99941,100,100083,100,99937,100,,,99869,100,,,99815,100,,,,,,,,,,,,,,,,,,,,
2019-06-28 09:30:00.000000010,100035,100,99961,100,100071,100,99941,100,100083,100,99937,100,,,99931,100,,,99869,100,,,99815,100,,,,,,,,,,,,,,,,
2019-06-28 09:30:00.000000013,100035,100,99961,100,100061,100,99941,100,100071,100,99937,100,100083,100,99931,100,,,99869,100,,,99815,100,,,,,,,,,,,,,,,,
2019-06-28 09:30:00.000000014,100035,100,99941,100,100061,100,99937,100,100071,100,99931,100,100083,100,99869,100,,,99815,100,,,99802,100,,,,,,,,,,,,,,,,
2019-06-28 09:30:00.000000015,99995,100,99941,100,100035,100,99937,100,100061,100,99931,100,100071,100,99869,100,100083,100,99841,100,100094,100,99815,100,,,99802,100,,,,,,,,,,,,
2019-06-28 09:30:00.000000016,100035,100,99947,100,100061,100,99941,100,100071,100,99937,100,100083,100,99931,100,100094,100,99869,100,,,99841,100,,,99815,100,,,99802,100,,,,,,,,
2019-06-28 09:30:00.000000019,100035,100,99947,100,100061,100,99941,100,100071,100,99937,100,100083,100,99931,100,100094,100,99869,100,100190,100,99841,100,,,99815,100,,,99802,100,,,,,,,,
2019-06-28 09:30:00.000000020,100035,100,99947,100,100061,100,99941,100,100071,100,99937,100,100083,100,99931,100,100094,100,99908,100,100190,100,99869,100,,,99841,100,,,99815,100,,,99802,100,,,,
2019-06-28 09:30:00.000000021,100035,100,99947,100,100061,100,99945,100,100071,100,99941,100,100083,100,99937,100,100094,100,99931,100,100190,100,99908,100,,,99869,100,,,99841,100,,,99815,100,,,99802,100
2019-06-28 09:30:00.000000029,100035,100,99947,100,100061,100,99945,100,100071,100,99941,100,100083,100,99937,100,100094,100,99931,100,100190,100,99908,100,,,99903,100,,,99869,100,,,99841,100,,,99815,100
2019-06-28 09:30:00.000000032,100035,100,99961,100,100061,100,99947,100,100071,100,99945,100,100083,100,99941,100,100094,100,99937,100,100190,100,99931,100,,,99908,100,,,99903,100,,,99869,100,,,99841,100
2019-06-28 09:30:00.000000033,100035,100,99961,200,100061,100,99947,100,100071,100,99945,100,100083,100,99941,100,100094,100,99937,100,100190,100,99931,100,,,99908,100,,,99903,100,,,99869,100,,,99841,100
2019-06-28 09:30:00.000000034,100035,100,99961,200,100061,100,99947,100,100071,100,99945,100,100083,100,99941,100,100094,100,99937,100,100190,100,99931,100,,,99911,100,,,99908,100,,,99903,100,,,99869,100
2019-06-28 09:30:00.000000036,100035,100,99961,200,100061,100,99947,100,100071,100,99945,100,100083,100,99941,100,100094,100,99937,100,100164,100,99931,100,100190,100,99911,100,,,99908,100,,,99903,100,,,99869,100
2019-06-28 09:30:00.000000037,99995,100,99961,200,100035,100,99947,100,100061,100,99945,100,100071,100,99941,100,100083,100,99937,100,100094,100,99931,100,100164,100,99911,100,100190,100,99908,100,,,99903,100,,,99869,100
2019-06-28 09:30:00.000000038,99995,100,99961,300,100035,100,99947,100,100061,100,99945,100,100071,100,99941,100,100083,100,99937,100,100094,100,99931,100,100164,100,99911,100,100190,100,99908,100,,,99903,100,,,99869,100
2019-06-28 09:30:00.000000039,99995,200,99961,300,100035,100,99947,100,100061,100,99945,100,100071,100,99941,100,100083,100,99937,100,100094,100,99931,100,100164,100,99911,100,100190,100,99908,100,,,99903,100,,,99869,100
2019-06-28 09:30:00.000000044,99995,200,99961,300,100035,100,99958,100,100061,100,99947,100,100071,100,99945,100,100083,100,99941,100,100094,100,99937,100,100164,100,99931,100,100190,100,99911,100,,,99908,100,,,99903,100
2019-06-28 09:30:00.000000045,99995,200,99961,300,100035,100,99958,100,100061,100,99947,100,100071,100,99945,100,100083,100,99941,100,100094,100,99937,100,100096,100,99931,100,100164,100,99911,100,100190,100,99908,100,,,99903,100
2019-06-28 09:30:00.000000046,99995,200,99961,300,99998,100,99958,100,100035,100,99947,100,100061,100,99945,100,100071,100,99941,100,100083,100,99937,100,100094,100,99931,100,100096,100,99922,100,100164,100,99911,100,100190,100,99908,100
2019-06-28 09:30:00.000000050,99995,200,99961,300,99998,100,99958,100,100035,100,99947,100,100061,100,99945,100,100071,100,99941,100,100078,100,99937,100,100083,100,99931,100,100094,100,99922,100,100096,100,99911,100,100164,100,99908,100
2019-06-28 09:30:00.000000051,99995,200,99961,300,99998,100,99958,100,100035,100,99947,100,100061,100,99945,100,100071,100,99941,100,100078,100,99937,100,100083,100,99931,100,100094,100,99922,100,100096,100,99911,100,100164,100,99908,100
2019-06-28 09:30:00.000000053,99995,200,99961,300,99998,100,99958,100,100035,100,99947,100,100061,100,99945,100,100071,100,99941,100,100078,100,99937,100,100083,100,99931,100,100087,100,99922,100,100094,100,99911,100,100096,100,99908,100
2019-06-28 09:30:00.000000054,99995,200,99961,200,99998,100,99958,100,100035,100,99947,100,100061,100,99945,100,100071,100,99941,100,100078,100,99937,100,100083,100,99931,100,100087,100,99922,100,100094,100,99911,100,100096,100,99908,100
2019-06-28 09:30:00.000000055,99995,200,99962,100,99998,100,99961,200,100035,100,99958,100,100061,100,99947,100,100071,100,99945,100,100078,100,99941,100,100083,100,99937,100,100087,100,99931,100,100094,100,99922,100,100096,100,99911,100
2019-06-28 09:30:00.000000061,99995,200,99962,100,99998,100,99961,200,100035,100,99958,100,100061,100,99947,100,100071,100,99945,100,100078,100,99941,100,100083,100,99937,100,100087,100,99931,100,100094,100,99922,100,100096,100,99911,100
2019-06-28 09:30:00.000000062,99995,200,99962,100,99998,100,99961,200,100035,100,99958,100,100061,100,99947,100,100071,100,99945,100,100078,100,99941,100,100083,100,99937,100,100087,100,99931,100,100094,100,99922,100,100096,100,99911,100
2019-06-28 09:30:00.000000063,99995,200,99962,100,99998,100,99961,200,100035,100,99958,100,100061,100,99947,100,100062,100,99945,100,100071,100,99941,100,100078,100,99937,100,100083,100,99931,100,100087,100,99922,100,100094,100,99911,100
2019-06-28 09:30:00.000000065,99995,200,99966,100,99998,100,99962,100,100035,100,99961,200,100061,100,99958,100,100062,100,99947,100,100071,100,99945,100,100078,100,99941,100,100083,100,99937,100,100087,100,99931,100,100094,100,99922,100
2019-06-28 09:30:00.000000070,99995,200,99992,100,99998,100,99966,100,100035,100,99962,100,100061,100,99961,200,100062,100,99958,100,100071,100,99947,100,100078,100,99945,100,100083,100,99941,100,100087,100,99937,100,100094,100,99931,100
2019-06-28 09:30:00.000000071,99995,200,99992,100,99998,100,99966,100,100021,100,99962,100,100035,100,99961,200,100061,100,99958,100,100062,100,99947,100,100071,100,99945,100,100078,100,99941,100,100083,100,99937,100,100087,100,99931,100
2019-06-28 09:30:00.000000072,99995,200,99992,100,99998,100,99966,100,100006,100,99962,100,100021,100,99961,200,100035,100,99958,100,100061,100,99947,100,100062,100,99945,100,100071,100,99941,100,100078,100,99937,100,100083,100,99931,100
2019-06-28 09:30:00.000000074,99995,200,99992,100,99998,100,99966,100,100006,100,99962,100,100021,100,99961,200,100035,100,99958,100,100061,100,99947,100,100062,100,99945,100,100071,100,99941,100,100078,100,99937,100,100083,100,99932,100
2019-06-28 09:30:00.000000076,99995,200,99992,100,99998,100,99966,100,100006,100,99962,200,100021,100,99961,200,100035,100,99958,100,100061,100,99947,100,100062,100,99945,100,100071,100,99941,100,100078,100,99937,100,100083,100,99932,100
2019-06-28 09:30:00.000000079,99994,100,99992,100,99995,200,99966,100,99998,100,99962,300,100006,100,99961,200,100021,100,99958,100,100035,100,99947,100,100043,100,99945,100,100061,100,99941,100,100062,100,99937,100,100071,100,99932,100
2019-06-28 09:30:00.000000086,99994,100,99992,100,99995,200,99966,200,99998,100,99962,300,100006,100,99961,200,100021,100,99958,100,100035,100,99947,100,100043,100,99945,100,100061,100,99941,100,100062,100,99937,100,100071,100,99932,100
2019-06-28 09:30:00.000000087,99994,100,99992,100,99995,200,99966,200,99998,100,99962,300,100006,100,99961,200,100012,100,99958,100,100021,100,99947,100,100035,100,99945,100,100043,100,99941,100,100061,100,99937,100,100062,100,99932,100
2019-06-28 09:30:00.000000088,99994,100,99992,100,99995,200,99966,200,99998,100,99962,300,100006,100,99961,200,100012,100,99958,100,100021,100,99947,100,100035,100,99945,100,100043,100,99941,100,100061,100,99937,100,100062,100,99932,100
2019-06-28 09:30:00.000000089,99994,100,99992,100,99995,200,99966,200,99998,100,99962,300,100006,100,99961,200,100012,100,99958,100,100021,100,99947,100,100035,100,99945,100,100040,100,99941,100,100043,100,99937,100,100061,100,99932,100
2019-06-28 09:30:00.000000090,99994,100,99992,100,99995,200,99966,200,99998,100,99962,400,100006,100,99961,200,100012,100,99958,100,100021,100,99947,100,100035,100,99945,100,100040,100,99941,100,100043,100,99937,100,100061,100,99932,100
2019-06-28 09:30:00.000000094,99994,100,99966,200,99995,200,99962,400,99998,100,99961,200,100006,100,99958,100,100012,100,99947,100,100021,100,99945,100,100035,100,99941,100,100040,100,99937,100,100043,100,99932,100,100061,100,99931,100
2019-06-28 09:30:00.000000096,99994,100,99966,300,99995,200,99962,400,99998,100,99961,200,100005,100,99958,100,100006,100,99947,100,100012,100,99945,100,100021,100,99941,100,100035,100,99937,100,100040,100,99932,100,100043,100,99931,100
2019-06-28 09:30:00.000000098,99994,100,99966,300,99995,200,99962,400,99998,100,99961,200,100005,100,99958,100,100006,100,99947,100,100012,100,99945,100,100021,100,99941,100,100035,100,99937,100,100040,100,99932,100,100043,100,99931,100
2019-06-28 09:30:00.000000099,99992,100,99966,300,99994,100,99962,400,99995,200,99961,200,99998,100,99958,100,100005,100,99947,100,100006,100,99945,100,100012,100,99941,100,100021,100,99937,100,100035,100,99932,100,100040,100,99931,100
2019-06-28 09:30:00.243850089,99992,200,99966,300,99994,100,99962,400,99995,200,99961,200,99998,100,99958,100,100005,100,99947,100,100006,100,99945,100,100012,100,99941,100,100021,100,99937,100,100035,100,99932,100,100040,100,99931,100
2019-06-28 09:30:10.000000000,99992,312,99966,412,99994,208,99962,508,99995,308,99961,308,99998,100,99958,100,100005,100,99947,100,100006,100,99945,100,100012,100,99941,100,100021,100,99937,100,100035,100,99932,100,100040,100,99931,100
2019-06-28 09:30:11.193982547,99992,312,99966,412,99994,208,99962,508,99995,308,99961,308,99998,100,99958,100,100005,100,99947,100,100006,100,99945,100,100012,100,99941,100,100021,100,99937,100,100035,100,99932,100,100040,100,99931,100
2019-06-28 09:30:20.000000000,99992,282,99966,382,99994,182,99962,482,99995,282,99961,282,99998,182,99958,182,100005,100,99947,100,100006,100,99945,100,100012,100,99941,100,100021,100,99937,100,100035,100,99932,100,100040,100,99931,100
2019-06-28 09:30:21.913963272,99992,282,99967,100,99994,182,99966,382,99995,282,99962,482,99998,182,99961,282,100005,100,99958,182,100006,100,99947,100,100012,100,99945,100,100021,100,99941,100,100035,100,99937,100,100040,100,99932,100
2019-06-28 09:30:30.000000000,99992,364,99967,264,99994,264,99966,464,99995,200,99962,400,99998,100,99961,200,100005,100,99958,100,100006,100,99947,100,100012,100,99945,100,100021,100,99941,100,100035,100,99937,100,100040,100,99932,100
2019-06-28 09:30:33.338548577,99992,264,99967,264,99994,264,99966,464,99995,200,99962,400,99998,100,99961,200,100005,100,99947,100,100006,100,99945,100,100012,100,99941,100,100021,100,99937,100,100035,100,99932,100,100040,100,99931,100
2019-06-28 09:30:39.947824119,99992,264,99967,264,99994,264,99966,464,99995,200,99962,300,99998,100,99961,200,100005,100,99947,100,100006,100,99945,100,100012,100,99941,100,100021,100,99937,100,100035,100,99932,100,100040,100,99931,100
2019-06-28 09:30:40.000000000,99992,182,99967,182,99994,182,99966,382,99995,282,99962,382,99998,182,99961,282,100005,100,99947,100,100006,100,99945,100,100012,100,99941,100,100021,100,99937,100,100035,100,99932,100,100040,100,99931,100
2019-06-28 09:30:50.000000000,99992,182,99967,182,99994,182,99966,382,99995,282,99962,382,99998,182,99961,282,100005,100,99947,100,100006,100,99945,100,100012,100,99941,100,100021,100,99937,100,100035,100,99932,100,100040,100,99931,100
2019-06-28 09:31:00.000000000,99992,428,99967,428,99994,100,99966,300,99995,200,99962,300,99998,100,99961,200,100005,100,99947,100,100006,100,99945,100,100012,100,99941,100,100021,100,99937,100,100035,100,99932,100,100040,100,99931,100
2019-06-28 09:31:10.000000000,99992,166,99967,166,99994,166,99966,366,99995,266,99962,366,99998,166,99961,266,100005,166,99947,166,100006,100,99945,100,100012,100,99941,100,100021,100,99937,100,100035,100,99932,100,100040,100,99931,100
2019-06-28 09:31:20.000000000,99992,212,99967,212,99994,208,99966,408,99995,308,99962,408,99998,100,99961,200,100005,100,99947,100,100006,100,99945,100,100012,100,99941,100,100021,100,99937,100,100035,100,99932,100,100040,100,99931,100
2019-06-28 09:31:30.000000000,99992,182,99967,182,99994,182,99966,382,99995,282,99962,382,99998,182,99961,282,100005,100,99947,100,100006,100,99945,100,100012,100,99941,100,100021,100,99937,100,100035,100,99932,100,100040,100,99931,100
2019-06-28 09:31:36.326204393,99992,82,99967,182,99994,182,99966,282,99995,282,99962,382,99998,182,99961,282,100005,100,99947,100,100006,100,99945,100,100012,100,99941,100,100021,100,99937,100,100035,100,99932,100,100040,100,99931,100
2019-06-28 09:31:40.000000000,99994,166,99967,166,99995,266,99966,266,99998,166,99962,366,100005,166,99961,266,100006,166,99947,166,100012,100,99945,100,100021,100,99941,100,100035,100,99937,100,100040,100,99932,100,100043,100,99931,100
2019-06-28 09:31:50.000000000,99994,182,99967,182,99995,282,99966,282,99998,182,99962,382,100005,182,99961,282,100006,100,99947,100,100012,100,99945,100,100021,100,99941,100,100035,100,99937,100,100040,100,99932,100,100043,100,99931,100
2019-06-28 09:31:53.360537147,99994,182,99967,182,99995,282,99966,282,99998,182,99962,382,100005,182,99961,282,100006,100,99947,100,100012,100,99945,100,100021,100,99941,100,100035,100,99937,100,100040,100,99932,100,100043,100,99931,100
2019-06-28 09:32:00.000000000,99994,428,99967,428,99995,200,99966,200,99998,100,99962,300,100005,100,99961,200,100006,100,99947,100,100012,100,99945,100,100021,100,99941,100,100035,100,99937,100,100040,100,99932,100,100043,100,99931,100
2019-06-28 09:32:04.816721891,99994,428,99967,328,99995,200,99966,200,99998,100,99962,300,100005,100,99961,200,100006,100,99947,100,100012,100,99945,100,100021,100,99941,100,100035,100,99937,100,100040,100,99932,100,100043,100,99931,100
2019-06-28 09:32:10.000000000,99994,166,99966,266,99995,266,99962,366,99998,166,99961,266,100005,166,99947,166,100006,166,99945,166,100012,100,99941,100,100021,100,99937,100,100035,100,99932,100,100040,100,99931,100,100043,100,99922,100
2019-06-28 09:32:10.673849786,99994,166,99966,266,99995,266,99962,366,99998,166,99961,266,100005,166,99947,166,100006,166,99945,66,100012,100,99941,100,100021,100,99937,100,100035,100,99932,100,100040,100,99931,100,100043,100,99922,100
2019-06-28 09:32:19.681918403,99994,66,99966,266,99995,266,99962,366,99998,166,99961,266,100005,166,99947,166,100006,166,99945,66,100012,100,99941,100,100021,100,99937,100,100035,100,99932,100,100040,100,99931,100,100043,100,99922,100
2019-06-28 09:32:20.000000000,99995,312,99966,312,99998,208,99962,408,100005,208,99961,308,100006,100,99947,100,100012,100,99941,100,100021,100,99937,100,100035,100,99932,100,100040,100,99931,100,100043,100,99922,100,100061,100,99915,100
2019-06-28 09:32:30.000000000,99995,282,99966,282,99998,182,99962,382,100005,182,99961,282,100006,182,99947,182,100012,100,99941,100,100021,100,99937,100,100035,100,99932,100,100040,100,99931,100,100043,100,99922,100,100061,100,99915,100
2019-06-28 09:32:40.000000000,99995,312,99966,312,99998,208,99962,408,100005,208,99961,308,100006,100,99947,100,100012,100,99941,100,100021,100,99937,100,100035,100,99932,100,100040,100,99931,100,100043,100,99922,100,100061,100,99915,100
2019-06-28 09:32:50.000000000,99995,312,99966,312,99998,208,99962,408,100005,208,99961,308,100006,100,99947,100,100012,100,99941,100,100021,100,99937,100,100035,100,99932,100,100040,100,99931,100,100043,100,99922,100,100061,100,99915,100
2019-06-28 09:33:00.000000000,99995,528,99966,528,99998,100,99962,300,100005,100,99961,200,100006,100,99947,100,100012,100,99941,100,100021,100,99937,100,100035,100,99932,100,100040,100,99931,100,100043,100,99922,100,100061,100,99915,100
2019-06-28 09:33:10.000000000,99995,282,99966,282,99998,182,99962,382,100005,182,99961,282,100006,182,99947,182,100012,100,99941,100,100021,100,99937,100,100035,100,99932,100,100040,100,99931,100,100043,100,99922,100,100061,100,99915,100
2019-06-28 09:33:20.000000000,99995,266,99966,266,99998,166,99962,366,100005,166,99961,266,100006,166,99947,166,100012,166,99941,166,100021,100,99937,100,100035,100,99932,100,100040,100,99931,100,100043,100,99922,100,100061,100,99915,100
2019-06-28 09:33:21.495228445,99995,166,99966,266,99998,166,99962,366,100005,166,99961,266,100006,166,99947,166,100012,166,99941,166,100021,100,99937,100,100035,100,99932,100,100040,100,99931,100,100043,100,99922,100,100061,100,99915,100
2019-06-28 09:33:30.000000000,99995,428,99966,528,99998,100,99962,300,100005,100,99961,200,100006,100,99947,100,100012,100,99941,100,100021,100,99937,100,100035,100,99932,100,100040,100,99931,100,100043,100,99922,100,100061,100,99915,100
2019-06-28 09:33:30.505209892,99995,428,99966,528,99998,100,99962,300,100005,100,99961,200,100006,100,99947,100,100012,100,99941,100,100021,100,99937,100,100035,100,99932,100,100040,100,99931,100,100043,100,99922,100,100061,100,99915,100
2019-06-28 09:33:39.347864416,99995,428,99966,528,99998,100,99962,300,100006,100,99961,200,100012,100,99947,100,100021,100,99941,100,100035,100,99937,100,100040,100,99932,100,100043,100,99931,100,100061,100,99922,100,100062,100,99915,100
2019-06-28 09:33:40.000000000,99995,212,99966,312,99998,208,99962,408,100006,208,99961,308,100012,100,99947,100,100021,100,99941,100,100035,100,99937,100,100040,100,99932,100,100043,100,99931,100,100061,100,99922,100,100062,100,99915,100
2019-06-28 09:33:41.501800970,99995,112,99966,312,99998,208,99962,408,100006,208,99961,308,100012,100,99947,100,100021,100,99941,100,100035,100,99937,100,100040,100,99932,100,100043,100,99931,100,100061,100,99922,100,100062,100,99915,100
2019-06-28 09:33:50.000000000,99998,264,99966,364,100006,264,99962,464,100012,100,99961,200,100021,100,99947,100,100035,100,99941,100,100040,100,99937,100,100043,100,99932,100,100061,100,99931,100,100062,100,99922,100,100071,100,99915,100
2019-06-28 09:34:00.000000000,99998,264,99966,364,100006,264,99962,464,100012,100,99961,200,100021,100,99947,100,100035,100,99941,100,100040,100,99937,100,100043,100,99932,100,100061,100,99931,100,100062,100,99922,100,100071,100,99915,100
2019-06-28 09:34:01.607659168,99998,264,99995,100,100006,264,99966,364,100012,100,99962,464,100021,100,99961,200,100035,100,99947,100,100040,100,99941,100,100043,100,99937,100,100061,100,99932,100,100062,100,99922,100,100071,100,99915,100
2019-06-28 09:34:06.535013283,99998,264,99995,100,100006,264,99966,364,100012,100,99962,464,100035,100,99961,200,100040,100,99947,100,100043,100,99941,100,100061,100,99937,100,100062,100,99932,100,100071,100,99922,100,100078,100,99915,100
2019-06-28 09:34:10.000000000,99998,166,99995,166,100006,166,99966,266,100012,166,99962,366,100035,166,99961,266,100040,166,99947,166,100043,100,99941,100,100061,100,99937,100,100062,100,99932,100,100071,100,99922,100,100078,100,99915,100
2019-06-28 09:34:11.798081063,99998,66,99995,166,100006,166,99966,266,100012,166,99962,366,100035,166,99961,266,100040,166,99947,166,100043,100,99941,100,100061,100,99937,100,100062,100,99932,100,100071,100,99922,100,100078,100,99915,100
2019-06-28 09:34:14.323955814,99998,66,99995,166,100006,166,99966,266,100012,166,99962,366,100035,166,99961,266,100040,166,99947,166,100043,100,99941,100,100061,100,99937,100,100062,100,99922,100,100071,100,99915,100,100078,100,99911,100
2019-06-28 09:34:20.000000000,100006,166,99995,166,100012,166,99966,266,100035,166,99962,366,100040,166,99961,266,100043,166,99947,166,100061,100,99941,100,100062,100,99937,100,100071,100,99922,100,100078,100,99915,100,100083,100,99911,100
2019-06-28 09:34:30.000000000,100006,264,99995,264,100012,264,99966,364,100035,100,99962,300,100040,100,99961,200,100043,100,99947,100,100061,100,99941,100,100062,100,99937,100,100071,100,99922,100,100078,100,99915,100,100083,100,99911,100
2019-06-28 09:34:34.697027560,100006,264,99996,100,100012,264,99995,264,100035,100,99966,364,100040,100,99962,200,100043,100,99961,200,100061,100,99947,100,100062,100,99941,100,100071,100,99937,100,100078,100,99922,100,100083,100,99915,100
2019-06-28 09:34:39.882734634,100006,264,99996,100,100012,264,99995,264,100035,100,99966,364,100040,100,99962,200,100061,100,99961,200,100062,100,99947,100,100071,100,99941,100,100078,100,99937,100,100083,100,99922,100,100092,100,99915,100
2019-06-28 09:34:40.000000000,100006,428,99996,428,100012,100,99995,100,100035,100,99966,200,100040,100,99962,200,100061,100,99961,200,100062,100,99947,100,100071,100,99941,100,100078,100,99937,100,100083,100,99922,100,100092,100,99915,100
2019-06-28 09:34:40.422174489,100006,328,99996,428,100012,100,99995,100,100035,100,99966,200,100040,100,99962,200,100061,100,99961,200,100062,100,99947,100,100071,100,99941,100,100078,100,99937,100,100083,100,99922,100,100092,100,99915,100
2019-06-28 09:34:41.559576434,100006,228,99996,428,100012,100,99995,100,100035,100,99966,200,100040,100,99962,200,100061,100,99961,200,100062,100,99947,100,100071,100,99941,100,100078,100,99937,100,100083,100,99922,100,100092,100,99915,100
2019-06-28 09:34:50.000000000,100012,428,99996,428,100035,100,99995,100,100040,100,99966,200,100061,100,99962,200,100062,100,99961,200,100071,100,99947,100,100078,100,99941,100,100083,100,99937,100,100092,100,99922,100,100094,100,99915,100
2019-06-28 09:35:00.000000000,100012,212,99996,212,100035,208,99995,208,100040,208,99966,308,100061,100,99962,200,100062,100,99961,200,100071,100,99947,100,100078,100,99941,100,100083,100,99937,100,100092,100,99922,100,100094,100,99915,100
2019-06-28 09:35:00.763530227,100012,212,99996,212,100035,208,99995,208,100040,208,99966,308,100061,100,99962,200,100062,100,99961,200,100071,100,99947,100,100078,100,99941,100,100083,100,99937,100,100092,100,99922,100,100094,100,99915,100
2019-06-28 09:35:07.021193018,100012,212,99996,212,100035,208,99995,208,100040,208,99966,308,100061,100,99962,200,100062,100,99961,200,100071,100,99941,100,100078,100,99937,100,100083,100,99922,100,100092,100,99915,100,100094,100,99911,100
2019-06-28 09:35:10.000000000,100012,264,99996,264,100035,264,99995,264,100040,100,99966,200,100061,100,99962,200,100062,100,99961,200,100071,100,99941,100,100078,100,99937,100,100083,100,99922,100,100092,100,99915,100,100094,100,99911,100
2019-06-28 09:35:19.371457161,100012,164,99996,264,100035,264,99995,264,100040,100,99966,200,100061,100,99962,200,100062,100,99961,200,100078,100,99941,100,100083,100,99937,100,100092,100,99922,100,100094,100,99915,100,100096,100,99911,100
2019-06-28 09:35:20.000000000,100035,428,99996,428,100040,100,99995,100,100061,100,99966,200,100062,100,99962,200,100078,100,99961,200,100083,100,99941,100,100092,100,99937,100,100094,100,99922,100,100096,100,99915,100,100102,100,99911,100
2019-06-28 09:35:30.000000000,100035,182,99996,182,100040,182,99995,182,100061,182,99966,282,100062,182,99962,282,100078,100,99961,200,100083,100,99941,100,100092,100,99937,100,100094,100,99922,100,100096,100,99915,100,100102,100,99911,100
2019-06-28 09:35:40.000000000,100035,212,99996,212,100040,208,99995,208,100061,208,99966,308,100062,100,99962,200,100078,100,99961,200,100083,100,99941,100,100092,100,99937,100,100094,100,99922,100,100096,100,99915,100,100102,100,99911,100
2019-06-28 09:35:50.000000000,100035,428,99996,428,100040,100,99995,100,100061,100,99966,200,100062,100,99962,200,100078,100,99961,200,100083,100,99941,100,100092,100,99937,100,100094,100,99922,100,100096,100,99915,100,100102,100,99911,100
2019-06-28 09:35:51.458687139,100035,428,99996,428,100040,100,99995,100,100061,100,99966,200,100062,100,99962,200,100078,100,99961,200,100083,100,99941,100,100092,100,99937,100,100094,100,99922,100,100096,100,99915,100,100102,100,99911,100
2019-06-28 09:35:59.710556573,100035,428,100032,100,100040,100,99996,428,100061,100,99995,100,100062,100,99966,200,100078,100,99962,200,100083,100,99961,200,100092,100,99941,100,100096,100,99937,100,100102,100,99922,100,100137,100,99915,100
2019-06-28 09:36:00.000000000,100035,182,100032,182,100040,182,99996,182,100061,182,99995,182,100062,182,99966,282,100078,100,99962,200,100083,100,99961,200,100092,100,99941,100,100096,100,99937,100,100102,100,99922,100,100137,100,99915,100
2019-06-28 09:36:05.603237177,100035,182,100032,182,100040,182,100010,100,100061,182,99996,182,100062,182,99995,182,100078,100,99966,282,100092,100,99962,200,100096,100,99961,200,100102,100,99941,100,100137,100,99937,100,100164,100,99922,100
2019-06-28 09:36:10.000000000,100035,264,100032,264,100040,264,100010,264,100061,100,99996,100,100062,100,99995,100,100078,100,99966,200,100092,100,99962,200,100096,100,99961,200,100102,100,99941,100,100137,100,99937,100,100164,100,99922,100
2019-06-28 09:36:20.000000000,100035,428,100032,428,100040,100,100010,100,100061,100,99996,100,100062,100,99995,100,100078,100,99966,200,100092,100,99962,200,100096,100,99961,200,100102,100,99941,100,100137,100,99937,100,100164,100,99922,100
2019-06-28 09:36:30.000000000,100035,182,100032,182,100040,182,100010,182,100061,182,99996,182,100062,182,99995,182,100078,100,99966,200,100092,100,99962,200,100096,100,99961,200,100102,100,99941,100,100137,100,99937,100,100164,100,99922,100
2019-06-28 09:36:30.874044188,100035,82,100032,82,100040,182,100010,182,100061,182,99996,182,100062,182,99995,182,100078,100,99966,200,100092,100,99962,200,100096,100,99961,200,100102,100,99941,100,100137,100,99937,100,100164,100,99922,100
2019-06-28 09:36:34.331102132,100035,82,100032,82,100040,182,100010,182,100061,182,99996,182,100062,182,99995,182,100078,100,99966,200,100092,100,99962,200,100096,100,99961,200,100102,100,99941,100,100137,100,99937,100,100164,100,99915,100
2019-06-28 09:36:40.000000000,100040,182,100010,182,100061,182,99996,182,100062,182,99995,182,100078,182,99966,282,100092,100,99962,200,100096,100,99961,200,100102,100,99941,100,100137,100,99937,100,100164,100,99915,100,100165,100,99911,100
2019-06-28 09:36:42.701272993,100040,182,100010,82,100061,182,99996,182,100062,182,99995,182,100078,182,99966,282,100092,100,99962,200,100096,100,99961,200,100102,100,99941,100,100137,100,99937,100,100164,100,99911,100,100165,100,99907,100
2019-06-28 09:36:50.000000000,100040,264,99996,264,100061,264,99995,264,100062,100,99966,200,100078,100,99962,200,100092,100,99961,200,100096,100,99941,100,100102,100,99937,100,100137,100,99911,100,100164,100,99907,100,100165,100,99903,100
2019-06-28 09:37:00.000000000,100040,212,99996,212,100061,208,99995,208,100062,208,99966,308,100078,100,99962,200,100092,100,99961,200,100096,100,99941,100,100102,100,99937,100,100137,100,99911,100,100164,100,99907,100,100165,100,99903,100
2019-06-28 09:37:06.010947889,100040,212,99996,212,100061,208,99995,208,100062,208,99966,308,100078,100,99962,200,100092,100,99961,200,100096,100,99941,100,100102,100,99937,100,100137,100,99911,100,100164,100,99907,100,100165,100,99903,100
2019-06-28 09:37:10.000000000,100040,428,99996,428,100061,100,99995,100,100062,100,99966,200,100078,100,99962,200,100092,100,99961,200,100096,100,99941,100,100102,100,99937,100,100137,100,99911,100,100164,100,99907,100,100165,100,99903,100
2019-06-28 09:37:19.056511793,100040,428,99996,428,100061,100,99995,100,100062,100,99966,200,100078,100,99962,200,100090,100,99961,200,100092,100,99941,100,100096,100,99937,100,100102,100,99911,100,100137,100,99907,100,100164,100,99903,100
2019-06-28 09:37:20.000000000,100040,212,99996,212,100061,208,99995,208,100062,208,99966,308,100078,100,99962,200,100090,100,99961,200,100092,100,99941,100,100096,100,99937,100,100102,100,99911,100,100137,100,99907,100,100164,100,99903,100
2019-06-28 09:37:22.292446935,100040,212,99996,212,100061,208,99995,208,100062,208,99966,308,100078,100,99962,100,100090,100,99961,200,100092,100,99941,100,100096,100,99937,100,100102,100,99911,100,100137,100,99907,100,100164,100,99903,100
2019-06-28 09:37:30.000000000,100040,428,99996,428,100061,100,99995,100,100062,100,99966,200,100078,100,99962,100,100090,100,99961,200,100092,100,99941,100,100096,100,99937,100,100102,100,99911,100,100137,100,99907,100,100164,100,99903,100
2019-06-28 09:37:36.916255309,100040,328,99996,428,100061,100,99995,100,100062,100,99966,200,100078,100,99962,100,100090,100,99961,200,100092,100,99941,100,100096,100,99937,100,100102,100,99911,100,100137,100,99907,100,100164,100,99903,100
2019-06-28 09:37:39.217949134,100040,328,99996,428,100061,100,99995,100,100062,100,99966,200,100078,100,99962,100,100090,100,99961,200,100092,100,99941,100,100096,100,99937,100,100102,100,99911,100,100137,100,99907,100,100164,100,99903,100
2019-06-28 09:37:40.000000000,100061,212,99996,212,100062,208,99995,208,100078,208,99966,308,100090,100,99962,100,100092,100,99961,200,100096,100,99941,100,100102,100,99937,100,100137,100,99911,100,100164,100,99907,100,100165,100,99903,100
2019-06-28 09:37:43.703973911,100061,212,100011,100,100062,208,99996,212,100078,208,99995,208,100090,100,99966,308,100092,100,99962,100,100096,100,99961,200,100102,100,99941,100,100137,100,99937,100,100164,100,99911,100,100165,100,99907,100
2019-06-28 09:37:50.000000000,100061,264,100011,264,100062,264,99996,264,100078,100,99995,100,100090,100,99966,200,100092,100,99962,100,100096,100,99961,200,100102,100,99941,100,100137,100,99937,100,100164,100,99911,100,100165,100,99907,100
2019-06-28 09:38:00.000000000,100061,264,100011,264,100062,264,99996,264,100078,100,99995,100,100090,100,99966,200,100092,100,99962,100,100096,100,99961,200,100102,100,99941,100,100137,100,99937,100,100164,100,99911,100,100165,100,99907,100
2019-06-28 09:38:10.000000000,100061,166,100011,166,100062,166,99996,166,100078,166,99995,166,100090,166,99966,266,100092,166,99962,166,100096,100,99961,200,100102,100,99941,100,100137,100,99937,100,100164,100,99911,100,100165,100,99907,100
2019-06-28 09:38:18.398407004,100061,166,100011,166,100062,166,99996,166,100078,166,99995,166,100090,166,99966,266,100092,66,99962,166,100096,100,99961,200,100102,100,99941,100,100137,100,99937,100,100164,100,99911,100,100165,100,99907,100
2019-06-28 09:38:20.000000000,100061,264,100011,264,100062,264,99996,264,100078,100,99995,100,100090,100,99966,200,100096,100,99962,100,100102,100,99961,200,100137,100,99941,100,100164,100,99937,100,100165,100,99911,100,100190,100,99907,100
2019-06-28 09:38:20.298062943,100061,264,100011,264,100062,264,99996,264,100078,100,99995,100,100090,100,99966,200,100096,100,99962,100,100102,100,99961,200,100137,100,99941,100,100164,100,99937,100,100165,100,99911,100,100190,100,99907,100
2019-06-28 09:38:30.000000000,100061,428,100011,428,100062,100,99996,100,100078,100,99995,100,100090,100,99966,200,100096,100,99962,100,100102,100,99961,200,100137,100,99941,100,100164,100,99937,100,100165,100,99911,100,100190,100,99907,100
2019-06-28 09:38:34.287109372,100061,328,100011,428,100062,100,99996,100,100078,100,99995,100,100090,100,99966,200,100096,100,99962,100,100102,100,99961,200,100137,100,99941,100,100164,100,99937,100,100165,100,99911,100,100190,100,99907,100
2019-06-28 09:38:39.289410640,100061,328,100011,428,100062,100,99996,100,100078,100,99995,100,100090,100,99966,200,100096,100,99962,100,100102,100,99961,100,100137,100,99941,100,100164,100,99937,100,100165,100,99911,100,100190,100,99907,100
2019-06-28 09:38:40.000000000,100062,182,100011,182,100078,182,99996,182,100090,182,99995,182,100096,182,99966,282,100102,100,99962,100,100137,100,99961,100,100164,100,99941,100,100165,100,99937,100,100190,100,99911,100,100298,100,99907,100
2019-06-28 09:38:45.939277114,100062,82,100011,182,100078,182,99996,182,100090,182,99995,182,100096,182,99966,282,100102,100,99962,100,100137,100,99961,100,100164,100,99941,100,100165,100,99937,100,100190,100,99911,100,100298,100,99907,100
2019-06-28 09:38:47.161060538,100078,182,100062,18,100090,182,100011,182,100096,182,99996,182,100102,100,99995,182,100137,100,99966,282,100164,100,99962,100,100165,100,99961,100,100190,100,99941,100,100298,100,99937,100,100528,100,99911,100
2019-06-28 09:38:50.000000000,100078,212,100062,130,100090,208,100011,208,100096,208,99996,208,100102,100,99995,100,100137,100,99966,200,100164,100,99962,100,100165,100,99961,100,100190,100,99941,100,100298,100,99937,100,100528,100,99911,100
2019-06-28 09:38:54.204354867,100078,212,100062,230,100090,208,100011,208,100096,208,99996,208,100102,100,99995,100,100137,100,99966,200,100164,100,99962,100,100165,100,99961,100,100190,100,99941,100,100298,100,99937,100,100528,100,99911,100
2019-06-28 09:39:00.000000000,100078,428,100062,446,100090,100,100011,100,100096,100,99996,100,100102,100,99995,100,100137,100,99966,200,100164,100,99962,100,100165,100,99961,100,100190,100,99941,100,100298,100,99937,100,100528,100,99911,100
2019-06-28 09:39:07.465752300,100078,428,100062,446,100090,100,100011,100,100096,100,99996,100,100102,100,99995,100,100137,100,99966,200,100164,100,99962,100,100165,100,99961,100,100190,100,99941,100,100298,100,99937,100,100440,100,99911,100
2019-06-28 09:39:10.000000000,100078,166,100062,184,100090,166,100011,166,100096,166,99996,166,100102,166,99995,166,100137,166,99966,266,100164,100,99962,100,100165,100,99961,100,100190,100,99941,100,100298,100,99937,100,100440,100,99911,100
2019-06-28 09:39:15.904292545,100078,166,100062,184,100090,166,100011,166,100096,166,99996,166,100102,166,99995,166,100137,166,99989,100,100164,100,99966,266,100165,100,99962,100,100190,100,99961,100,100298,100,99941,100,100440,100,99937,100
2019-06-28 09:39:20.000000000,100078,212,100062,230,100090,208,100011,208,100096,208,99996,208,100102,100,99995,100,100137,100,99989,100,100164,100,99966,200,100165,100,99962,100,100190,100,99961,100,100298,100,99941,100,100440,100,99937,100
2019-06-28 09:39:22.599000175,100078,212,100062,212,100090,208,100011,208,100096,208,99996,208,100102,100,99995,100,100137,100,99989,100,100164,100,99966,200,100165,100,99962,100,100190,100,99961,100,100298,100,99941,100,100440,100,99937,100
2019-06-28 09:39:30.000000000,100078,182,100062,182,100090,182,100011,182,100096,182,99996,182,100102,182,99995,182,100137,100,99989,100,100164,100,99966,200,100165,100,99962,100,100190,100,99961,100,100298,100,99941,100,100440,100,99937,100
2019-06-28 09:39:30.790920969,100078,182,100062,182,100090,182,100011,182,100096,182,99996,182,100102,82,99995,182,100137,100,99989,100,100164,100,99966,200,100165,100,99962,100,100190,100,99961,100,100298,100,99941,100,100403,100,99937,100
2019-06-28 09:39:36.767219442,100078,182,100062,182,100090,182,100011,182,100096,182,99996,182,100102,82,99995,182,100137,100,99989,100,100164,100,99982,100,100165,100,99966,200,100190,100,99962,100,100298,100,99961,100,100403,100,99941,100
2019-06-28 09:39:40.000000000,100078,428,100062,428,100090,100,100011,100,100096,100,99996,100,100137,100,99995,100,100164,100,99989,100,100165,100,99982,100,100190,100,99966,200,100298,100,99962,100,100403,100,99961,100,100440,100,99941,100
2019-06-28 09:39:46.506352579,100078,428,100062,428,100090,100,100011,100,100096,100,99996,100,100137,100,99995,100,100164,100,99989,100,100165,100,99982,100,100190,100,99966,200,100223,100,99962,100,100298,100,99961,100,100403,100,99941,100
2019-06-28 09:39:50.000000000,100078,166,100062,166,100090,166,100011,166,100096,166,99996,166,100137,166,99995,166,100164,166,99989,166,100165,100,99982,100,100190,100,99966,200,100223,100,99962,100,100298,100,99961,100,100403,100,99941,100
2019-06-28 09:40:00.000000000,100078,166,100062,166,100090,166,100011,166,100096,166,99996,166,100137,166,99995,166,100164,166,99989,166,100165,100,99982,100,100190,100,99966,200,100223,100,99962,100,100298,100,99961,100,100403,100,99941,100
2019-06-28 09:40:10.000000000,100078,264,100062,264,100090,264,100011,264,100096,100,99996,100,100137,100,99995,100,100164,100,99989,100,100165,100,99982,100,100190,100,99966,200,100223,100,99962,100,100298,100,99961,100,100403,100,99941,100
2019-06-28 09:40:10.174979203,100078,264,100062,264,100090,264,100011,264,100096,100,99996,100,100137,100,99995,100,100164,100,99989,100,100165,100,99982,100,100190,100,99966,200,100223,100,99962,100,100275,100,99961,100,100298,100,99941,100
2019-06-28 09:40:20.000000000,100078,428,100062,428,100090,100,100011,100,100096,100,99996,100,100137,100,99995,100,100164,100,99989,100,100165,100,99982,100,100190,100,99966,200,100223,100,99962,100,100275,100,99961,100,100298,100,99941,100
2019-06-28 09:40:30.000000000,100078,166,100062,166,100090,166,100011,166,100096,166,99996,166,100137,166,99995,166,100164,166,99989,166,100165,100,99982,100,100190,100,99966,200,100223,100,99962,100,100275,100,99961,100,100298,100,99941,100
2019-06-28 09:40:35.591515671,100078,166,100062,166,100090,166,100011,166,100096,166,99996,166,100132,100,99995,166,100137,166,99989,166,100164,166,99982,100,100165,100,99966,200,100190,100,99962,100,100223,100,99961,100,100275,100,99941,100
2019-06-28 09:40:40.000000000,100078,212,100062,212,100090,208,100011,208,100096,208,99996,208,100132,100,99995,100,100137,100,99989,100,100164,100,99982,100,100165,100,99966,200,100190,100,99962,100,100223,100,99961,100,100275,100,99941,100
2019-06-28 09:40:50.000000000,100078,428,100062,428,100090,100,100011,100,100096,100,99996,100,100132,100,99995,100,100137,100,99989,100,100164,100,99982,100,100165,100,99966,200,100190,100,99962,100,100223,100,99961,100,100275,100,99941,100
2019-06-28 09:40:56.894999025,100078,428,100062,428,100090,100,100011,100,100096,100,99996,100,100132,100,99995,100,100137,100,99989,100,100164,100,99982,100,100165,100,99966,200,100190,100,99962,100,100223,100,99961,100,100275,100,99941,100
2019-06-28 09:41:00.000000000,100078,428,100062,428,100090,100,100011,100,100096,100,99996,100,100132,100,99995,100,100137,100,99989,100,100164,100,99982,100,100165,100,99966,200,100190,100,99962,100,100223,100,99961,100,100275,100,99941,100
2019-06-28 09:41:10.000000000,100078,182,100062,182,100090,182,100011,182,100096,182,99996,182,100132,182,99995,182,100137,100,99989,100,100164,100,99982,100,100165,100,99966,200,100190,100,99962,100,100223,100,99961,100,100275,100,99941,100
2019-06-28 09:41:20.000000000,100078,166,100062,166,100090,166,100011,166,100096,166,99996,166,100132,166,99995,166,100137,166,99989,166,100164,100,99982,100,100165,100,99966,200,100190,100,99962,100,100223,100,99961,100,100275,100,99941,100
2019-06-28 09:41:30.000000000,100078,182,100062,182,100090,182,100011,182,100096,182,99996,182,100132,182,99995,182,100137,100,99989,100,100164,100,99982,100,100165,100,99966,200,100190,100,99962,100,100223,100,99961,100,100275,100,99941,100
2019-06-28 09:41:38.266523246,100078,182,100062,282,100090,182,100011,182,100096,182,99996,182,100132,182,99995,82,100137,100,99989,100,100164,100,99982,100,100165,100,99966,200,100190,100,99962,100,100223,100,99961,100,100275,100,99941,100
2019-06-28 09:41:40.000000000,100078,212,100062,312,100090,208,100011,208,100096,208,99996,208,100132,100,99989,100,100137,100,99982,100,100164,100,99966,200,100165,100,99962,100,100190,100,99961,100,100223,100,99941,100,100275,100,99937,100
2019-06-28 09:41:50.000000000,100078,264,100062,364,100090,264,100011,264,100096,100,99996,100,100132,100,99989,100,100137,100,99982,100,100164,100,99966,200,100165,100,99962,100,100190,100,99961,100,100223,100,99941,100,100275,100,99937,100
2019-06-28 09:41:59.531240496,100078,164,100062,364,100090,264,100011,264,100096,100,99996,100,100132,100,99989,100,100137,100,99982,100,100164,100,99966,200,100165,100,99962,100,100190,100,99961,100,100223,100,99941,100,100275,100,99937,100
2019-06-28 09:42:00.000000000,100090,166,100062,266,100096,166,100011,166,100132,166,99996,166,100137,166,99989,166,100164,166,99982,166,100165,100,99966,200,100190,100,99962,100,100223,100,99961,100,100275,100,99941,100,100298,100,99937,100
2019-06-28 09:42:04.543574482,100090,66,100062,266,100096,166,100011,166,100132,166,99996,166,100137,166,99989,166,100164,166,99982,166,100165,100,99966,200,100190,100,99962,100,100223,100,99961,100,100275,100,99941,100,100298,100,99937,100
2019-06-28 09:42:10.000000000,100096,182,100062,282,100132,182,100011,182,100137,182,99996,182,100164,182,99989,182,100165,100,99982,100,100190,100,99966,200,100223,100,99962,100,100275,100,99961,100,100298,100,99941,100,100352,100,99937,100
2019-06-28 09:42:16.290115267,100096,182,100062,282,100132,182,100011,182,100137,182,99996,182,100164,182,99989,182,100165,100,99982,100,100190,100,99966,100,100223,100,99962,100,100275,100,99961,100,100298,100,99941,100,100352,100,99937,100
2019-06-28 09:42:20.000000000,100096,212,100062,312,100132,208,100011,208,100137,208,99996,208,100164,100,99989,100,100165,100,99982,100,100190,100,99966,100,100223,100,99962,100,100275,100,99961,100,100298,100,99941,100,100352,100,99937,100
2019-06-28 09:42:21.917390316,100096,112,100062,312,100132,208,100011,208,100137,208,99996,208,100164,100,99989,100,100165,100,99982,100,100190,100,99966,100,100223,100,99962,100,100275,100,99961,100,100298,100,99941,100,100440,100,99937,100
2019-06-28 09:42:30.000000000,100132,182,100062,282,100137,182,100011,182,100164,182,99996,182,100165,182,99989,182,100190,100,99982,100,100223,100,99966,100,100275,100,99962,100,100298,100,99961,100,100440,100,99941,100,100528,100,99937,100
2019-06-28 09:42:40.000000000,100132,166,100062,266,100137,166,100011,166,100164,166,99996,166,100165,166,99989,166,100190,166,99982,166,100223,100,99966,100,100275,100,99962,100,100298,100,99961,100,100440,100,99941,100,100528,100,99937,100
2019-06-28 09:42:50.000000000,100132,212,100062,312,100137,208,100011,208,100164,208,99996,208,100165,100,99989,100,100190,100,99982,100,100223,100,99966,100,100275,100,99962,100,100298,100,99961,100,100440,100,99941,100,100528,100,99937,100
2019-06-28 09:43:00.000000000,100132,212,100062,312,100137,208,100011,208,100164,208,99996,208,100165,100,99989,100,100190,100,99982,100,100223,100,99966,100,100275,100,99962,100,100298,100,99961,100,100440,100,99941,100,100528,100,99937,100
2019-06-28 09:43:02.166991808,100132,212,100062,212,100137,208,100011,208,100164,208,99996,208,100165,100,99982,100,100190,100,99966,100,100223,100,99962,100,100275,100,99961,100,100298,100,99941,100,100440,100,99937,100,100528,100,99911,100
2019-06-28 09:43:10.000000000,100132,166,100062,166,100137,166,100011,166,100164,166,99996,166,100165,166,99982,166,100190,166,99966,166,100223,100,99962,100,100275,100,99961,100,100298,100,99941,100,100440,100,99937,100,100528,100,99911,100
2019-06-28 09:43:20.000000000,100132,166,100062,166,100137,166,100011,166,100164,166,99996,166,100165,166,99982,166,100190,166,99966,166,100223,100,99962,100,100275,100,99961,100,100298,100,99941,100,100440,100,99937,100,100528,100,99911,100
2019-06-28 09:43:30.000000000,100132,264,100062,264,100137,264,100011,264,100164,100,99996,100,100165,100,99982,100,100190,100,99966,100,100223,100,99962,100,100275,100,99961,100,100298,100,99941,100,100440,100,99937,100,100528,100,99911,100
2019-06-28 09:43:40.000000000,100132,182,100062,182,100137,182,100011,182,100164,182,99996,182,100165,182,99982,182,100190,100,99966,100,100223,100,99962,100,100275,100,99961,100,100298,100,99941,100,100440,100,99937,100,100528,100,99911,100
2019-06-28 09:43:50.000000000,100132,264,100062,264,100137,264,100011,264,100164,100,99996,100,100165,100,99982,100,100190,100,99966,100,100223,100,99962,100,100275,100,99961,100,100298,100,99941,100,100440,100,99937,100,100528,100,99911,100
2019-06-28 09:43:50.214986533,100132,264,100062,264,100137,264,100011,264,100164,100,99996,100,100165,100,99982,100,100190,100,99966,100,100223,100,99961,100,100275,100,99941,100,100298,100,99937,100,100440,100,99911,100,100528,100,99907,100
2019-06-28 09:43:50.294799538,100132,264,100062,164,100137,264,100011,264,100164,100,99996,100,100165,100,99982,100,100190,100,99966,100,100223,100,99961,100,100275,100,99941,100,100298,100,99937,100,100440,100,99911,100,100528,100,99907,100
2019-06-28 09:44:00.000000000,100132,182,100011,182,100137,182,99996,182,100164,182,99982,182,100165,182,99966,182,100190,100,99961,100,100223,100,99941,100,100275,100,99937,100,100298,100,99911,100,100440,100,99907,100,100528,100,99903,100
2019-06-28 09:44:10.000000000,100132,212,100011,212,100137,208,99996,208,100164,208,99982,208,100165,100,99966,100,100190,100,99961,100,100223,100,99941,100,100275,100,99937,100,100298,100,99911,100,100440,100,99907,100,100528,100,99903,100
2019-06-28 09:44:20.000000000,100132,428,100011,428,100137,100,99996,100,100164,100,99982,100,100165,100,99966,100,100190,100,99961,100,100223,100,99941,100,100275,100,99937,100,100298,100,99911,100,100440,100,99907,100,100528,100,99903,100
2019-06-28 09:44:20.160559041,100062,100,100011,428,100132,428,99996,100,100137,100,99982,100,100164,100,99966,100,100165,100,99961,100,100190,100,99941,100,100223,100,99937,100,100275,100,99911,100,100298,100,99907,100,100440,100,99903,100
2019-06-28 09:44:30.000000000,100062,182,100011,182,100132,182,99996,182,100137,182,99982,182,100164,182,99966,182,100165,100,99961,100,100190,100,99941,100,100223,100,99937,100,100275,100,99911,100,100298,100,99907,100,100440,100,99903,100
2019-06-28 09:44:40.000000000,100062,182,100011,182,100132,182,99996,182,100137,182,99982,182,100164,182,99966,182,100165,100,99961,100,100190,100,99941,100,100223,100,99937,100,100275,100,99911,100,100298,100,99907,100,100440,100,99903,100
2019-06-28 09:44:50.000000000,100062,212,100011,212,100132,208,99996,208,100137,208,99982,208,100164,100,99966,100,100165,100,99961,100,100190,100,99941,100,100223,100,99937,100,100275,100,99911,100,100298,100,99907,100,100440,100,99903,100
2019-06-28 09:44:57.805823711,100062,212,100011,112,100132,208,99996,208,100137,208,99982,208,100164,100,99966,100,100165,100,99961,100,100190,100,99941,100,100223,100,99937,100,100275,100,99911,100,100298,100,99907,100,100440,100,99903,100
2019-06-28 09:44:59.014613978,100062,212,100011,112,100132,208,99996,208,100137,208,99982,208,100164,100,99966,100,100165,100,99961,100,100190,100,99941,100,100223,100,99937,100,100275,100,99907,100,100298,100,99903,100,100440,100,99896,100
2019-06-28 09:45:00.000000000,100062,212,99996,212,100132,208,99982,208,100137,208,99966,208,100164,100,99961,100,100165,100,99941,100,100190,100,99937,100,100223,100,99907,100,100275,100,99903,100,100298,100,99896,100,100440,100,99892,100
2019-06-28 09:45:00.960054446,100062,212,99996,112,100132,208,99982,208,100137,208,99966,208,100164,100,99961,100,100165,100,99941,100,100190,100,99937,100,100223,100,99907,100,100275,100,99903,100,100298,100,99896,100,100440,100,99892,100
2019-06-28 09:45:10.000000000,100062,166,99982,166,100132,166,99966,166,100137,166,99961,166,100164,166,99941,166,100165,166,99937,166,100190,100,99907,100,100223,100,99903,100,100275,100,99896,100,100298,100,99892,100,100440,100,99888,100
2019-06-28 09:45:18.362064584,100062,166,99982,166,100132,166,99966,166,100137,166,99961,166,100164,166,99941,166,100165,166,99937,166,100190,100,99907,100,100223,100,99896,100,100275,100,99892,100,100298,100,99888,100,100440,100,99853,100
2019-06-28 09:45:20.000000000,100062,166,99982,166,100132,166,99966,166,100137,166,99961,166,100164,166,99941,166,100165,166,99937,166,100190,100,99907,100,100223,100,99896,100,100275,100,99892,100,100298,100,99888,100,100440,100,99853,100
2019-06-28 09:45:30.000000000,100062,264,99982,264,100132,264,99966,264,100137,100,99961,100,100164,100,99941,100,100165,100,99937,100,100190,100,99907,100,100223,100,99896,100,100275,100,99892,100,100298,100,99888,100,100440,100,99853,100
2019-06-28 09:45:40.000000000,100062,428,99982,428,100132,100,99966,100,100137,100,99961,100,100164,100,99941,100,100165,100,99937,100,100190,100,99907,100,100223,100,99896,100,100275,100,99892,100,100298,100,99888,100,100440,100,99853,100
2019-06-28 09:45:46.535016001,100062,428,99982,328,100132,100,99966,100,100137,100,99961,100,100164,100,99941,100,100165,100,99937,100,100190,100,99907,100,100223,100,99896,100,100275,100,99892,100,100298,100,99888,100,100440,100,99853,100
2019-06-28 09:45:50.000000000,100062,212,99966,212,100132,208,99961,208,100137,208,99941,208,100164,100,99937,100,100165,100,99907,100,100190,100,99896,100,100223,100,99892,100,100275,100,99888,100,100298,100,99853,100,100440,100,99815,100
2019-06-28 09:46:00.000000000,100062,166,99966,166,100132,166,99961,166,100137,166,99941,166,100164,166,99937,166,100165,166,99907,166,100190,100,99896,100,100223,100,99892,100,100275,100,99888,100,100298,100,99853,100,100440,100,99815,100
2019-06-28 09:46:07.014372305,100062,166,99966,166,100132,166,99961,166,100137,166,99941,166,100164,166,99937,166,100165,166,99907,166,100190,100,99896,100,100223,100,99892,100,100275,100,99888,100,100298,100,99853,100,100440,100,99815,100
2019-06-28 09:46:10.000000000,100062,166,99966,166,100132,166,99961,166,100137,166,99941,166,100164,166,99937,166,100165,166,99907,166,100190,100,99896,100,100223,100,99892,100,100275,100,99888,100,100298,100,99853,100,100440,100,99815,100
2019-06-28 09:46:20.000000000,100062,264,99966,264,100132,264,99961,264,100137,100,99941,100,100164,100,99937,100,100165,100,99907,100,100190,100,99896,100,100223,100,99892,100,100275,100,99888,100,100298,100,99853,100,100440,100,99815,100
2019-06-28 09:46:30.000000000,100062,212,99966,212,100132,208,99961,208,100137,208,99941,208,100164,100,99937,100,100165,100,99907,100,100190,100,99896,100,100223,100,99892,100,100275,100,99888,100,100298,100,99853,100,100440,100,99815,100
2019-06-28 09:46:40.000000000,100062,428,99966,428,100132,100,99961,100,100137,100,99941,100,100164,100,99937,100,100165,100,99907,100,100190,100,99896,100,100223,100,99892,100,100275,100,99888,100,100298,100,99853,100,100440,100,99815,100
2019-06-28 09:46:45.391894633,100062,428,99966,428,100125,100,99961,100,100132,100,99941,100,100137,100,99937,100,100164,100,99907,100,100165,100,99896,100,100223,100,99892,100,100275,100,99888,100,100298,100,99853,100,100440,100,99815,100
2019-06-28 09:46:46.388745248,99996,100,99966,428,100062,428,99961,100,100125,100,99941,100,100132,100,99937,100,100137,100,99907,100,100164,100,99896,100,100165,100,99892,100,100223,100,99888,100,100275,100,99853,100,100298,100,99815,100
2019-06-28 09:46:50.000000000,99996,166,99966,166,100062,166,99961,166,100125,166,99941,166,100132,166,99937,166,100137,166,99907,166,100164,100,99896,100,100165,100,99892,100,100223,100,99888,100,100275,100,99853,100,100298,100,99815,100
2019-06-28 09:46:55.810034505,99996,166,99966,166,100062,166,99961,166,100086,100,99941,166,100125,166,99937,166,100132,166,99907,166,100137,166,99896,100,100164,100,99892,100,100165,100,99888,100,100223,100,99853,100,100275,100,99815,100
2019-06-28 09:46:56.080676501,99996,166,99966,166,100062,166,99961,166,100086,100,99954,100,100125,166,99941,166,100132,166,99937,166,100137,166,99907,166,100164,100,99896,100,100165,100,99892,100,100223,100,99888,100,100275,100,99853,100
2019-06-28 09:47:00.000000000,99996,166,99966,166,100062,166,99961,166,100086,166,99954,166,100125,166,99941,166,100132,166,99937,166,100137,100,99907,100,100164,100,99896,100,100165,100,99892,100,100223,100,99888,100,100275,100,99853,100
2019-06-28 09:47:01.549428329,99996,166,99966,166,100062,166,99961,166,100086,166,99954,166,100125,66,99941,166,100132,166,99937,166,100137,100,99907,100,100164,100,99896,100,100165,100,99892,100,100223,100,99888,100,100267,100,99853,100
2019-06-28 09:47:10.000000000,99996,212,99966,212,100062,208,99961,208,100086,208,99954,208,100132,100,99941,100,100137,100,99937,100,100164,100,99907,100,100165,100,99896,100,100223,100,99892,100,100267,100,99888,100,100275,100,99853,100
2019-06-28 09:47:13.638705511,99996,112,99966,212,100062,208,99961,108,100086,208,99954,208,100132,100,99941,100,100137,100,99937,100,100164,100,99907,100,100165,100,99896,100,100223,100,99892,100,100267,100,99888,100,100275,100,99853,100
2019-06-28 09:47:20.000000000,100062,264,99966,264,100086,264,99954,264,100132,100,99941,100,100137,100,99937,100,100164,100,99907,100,100165,100,99896,100,100223,100,99892,100,100267,100,99888,100,100275,100,99853,100,100298,100,99815,100
2019-06-28 09:47:30.000000000,100062,166,99966,166,100086,166,99954,166,100132,166,99941,166,100137,166,99937,166,100164,166,99907,166,100165,100,99896,100,100223,100,99892,100,100267,100,99888,100,100275,100,99853,100,100298,100,99815,100
2019-06-28 09:47:34.186688749,100062,66,99966,166,100086,166,99954,166,100132,166,99941,166,100137,166,99937,166,100164,166,99907,166,100165,100,99896,100,100223,100,99892,100,100267,100,99888,100,100275,100,99853,100,100298,100,99815,100
2019-06-28 09:47:38.480015621,100062,66,99966,166,100086,166,99954,166,100132,166,99941,66,100137,166,99937,166,100164,166,99907,166,100165,100,99896,100,100223,100,99892,100,100267,100,99888,100,100275,100,99853,100,100298,100,99815,100
2019-06-28 09:47:40.000000000,100086,212,99966,212,100132,208,99954,208,100137,208,99937,208,100164,100,99907,100,100165,100,99896,100,100223,100,99892,100,100267,100,99888,100,100275,100,99853,100,100298,100,99815,100,100440,100,98935,100
2019-06-28 09:47:45.695780324,100086,212,99996,100,100132,208,99966,212,100137,208,99954,208,100164,100,99937,208,100165,100,99907,100,100223,100,99896,100,100267,100,99892,100,100275,100,99888,100,100298,100,99853,100,100440,100,99815,100
2019-06-28 09:47:49.373642182,100086,212,99996,100,100132,208,99966,212,100137,208,99954,208,100164,100,99937,208,100165,100,99907,100,100223,100,99896,100,100267,100,99892,100,100275,100,99888,100,100298,100,99853,100,100363,100,99815,100
2019-06-28 09:47:50.000000000,100086,182,99996,182,100132,182,99966,182,100137,182,99954,182,100164,182,99937,182,100165,100,99907,100,100223,100,99896,100,100267,100,99892,100,100275,100,99888,100,100298,100,99853,100,100363,100,99815,100
2019-06-28 09:48:00.000000000,100086,182,99996,182,100132,182,99966,182,100137,182,99954,182,100164,182,99937,182,100165,100,99907,100,100223,100,99896,100,100267,100,99892,100,100275,100,99888,100,100298,100,99853,100,100363,100,99815,100
2019-06-28 09:48:10.000000000,100086,182,99996,182,100132,182,99966,182,100137,182,99954,182,100164,182,99937,182,100165,100,99907,100,100223,100,99896,100,100267,100,99892,100,100275,100,99888,100,100298,100,99853,100,100363,100,99815,100
2019-06-28 09:48:20.000000000,100086,428,99996,428,100132,100,99966,100,100137,100,99954,100,100164,100,99937,100,100165,100,99907,100,100223,100,99896,100,100267,100,99892,100,100275,100,99888,100,100298,100,99853,100,100363,100,99815,100
2019-06-28 09:48:30.000000000,100086,264,99996,264,100132,264,99966,264,100137,100,99954,100,100164,100,99937,100,100165,100,99907,100,100223,100,99896,100,100267,100,99892,100,100275,100,99888,100,100298,100,99853,100,100363,100,99815,100
2019-06-28 09:48:39.390177232,100086,264,99996,264,100132,264,99966,264,100137,100,99954,100,100164,100,99937,100,100165,100,99907,200,100223,100,99896,100,100267,100,99892,100,100298,100,99888,100,100363,100,99853,100,100440,100,99815,100
2019-06-28 09:48:40.000000000,100086,428,99996,428,100132,100,99966,100,100137,100,99954,100,100164,100,99937,100,100165,100,99907,200,100223,100,99896,100,100267,100,99892,100,100298,100,99888,100,100363,100,99853,100,100440,100,99815,100
2019-06-28 09:48:50.000000000,100086,428,99996,428,100132,100,99966,100,100137,100,99954,100,100164,100,99937,100,100165,100,99907,200,100223,100,99896,100,100267,100,99892,100,100298,100,99888,100,100363,100,99853,100,100440,100,99815,100
2019-06-28 09:49:00.000000000,100086,264,99996,264,100132,264,99966,264,100137,100,99954,100,100164,100,99937,100,100165,100,99907,200,100223,100,99896,100,100267,100,99892,100,100298,100,99888,100,100363,100,99853,100,100440,100,99815,100
2019-06-28 09:49:06.227867540,99999,100,99996,264,100086,264,99966,264,100132,264,99954,100,100137,100,99937,100,100164,100,99907,200,100165,100,99896,100,100223,100,99892,100,100267,100,99888,100,100298,100,99853,100,100363,100,99815,100
2019-06-28 09:49:10.000000000,99999,166,99996,166,100086,166,99966,166,100132,166,99954,166,100137,166,99937,166,100164,166,99907,266,100165,100,99896,100,100223,100,99892,100,100267,100,99888,100,100298,100,99853,100,100363,100,99815,100
2019-06-28 09:49:10.816608013,99999,166,99996,166,100086,166,99966,166,100132,166,99954,166,100137,166,99937,166,100164,166,99907,266,100165,100,99896,100,100223,100,99892,100,100267,100,99888,100,100298,100,99853,100,100363,100,99815,100
2019-06-28 09:49:17.106299445,99999,166,99996,166,100086,166,99966,166,100132,166,99954,166,100137,166,99937,166,100164,166,99907,266,100165,100,99896,100,100223,100,99892,100,100267,100,99888,100,100298,100,99815,100,100363,100,99801,100
2019-06-28 09:49:20.000000000,99999,166,99996,166,100086,166,99966,166,100132,166,99954,166,100137,166,99937,166,100164,166,99907,266,100165,100,99896,100,100223,100,99892,100,100267,100,99888,100,100298,100,99815,100,100363,100,99801,100
2019-06-28 09:49:30.000000000,99999,166,99996,166,100086,166,99966,166,100132,166,99954,166,100137,166,99937,166,100164,166,99907,266,100165,100,99896,100,100223,100,99892,100,100267,100,99888,100,100298,100,99815,100,100363,100,99801,100
2019-06-28 09:49:31.194243558,99999,166,99996,66,100086,166,99966,166,100132,166,99954,166,100137,166,99937,166,100164,166,99907,266,100165,100,99896,100,100223,100,99892,100,100267,100,99888,100,100298,100,99815,100,100440,100,99801,100
2019-06-28 09:49:39.048996124,99999,166,99996,66,100086,166,99966,166,100132,166,99954,166,100137,166,99937,166,100164,166,99907,266,100165,100,99902,100,100223,100,99896,100,100267,100,99892,100,100298,100,99888,100,100440,100,99815,100
2019-06-28 09:49:40.000000000,99999,182,99966,182,100086,182,99954,182,100132,182,99937,182,100137,182,99907,282,100164,100,99902,100,100165,100,99896,100,100223,100,99892,100,100267,100,99888,100,100298,100,99815,100,100440,100,99801,100
2019-06-28 09:49:42.106085143,99999,182,99966,182,100086,182,99954,182,100132,182,99937,182,100137,182,99907,282,100164,100,99902,100,100165,100,99896,100,100223,100,99892,100,100267,100,99888,100,100298,100,99829,100,100440,100,99815,100
2019-06-28 09:49:50.000000000,99999,264,99966,264,100086,264,99954,264,100132,100,99937,100,100137,100,99907,200,100164,100,99902,100,100165,100,99896,100,100223,100,99892,100,100267,100,99888,100,100298,100,99829,100,100440,100,99815,100
2019-06-28 09:50:00.000000000,99999,264,99966,264,100086,264,99954,264,100132,100,99937,100,100137,100,99907,200,100164,100,99902,100,100165,100,99896,100,100223,100,99892,100,100267,100,99888,100,100298,100,99829,100,100440,100,99815,100
2019-06-28 09:50:10.000000000,99999,264,99966,264,100086,264,99954,264,100132,100,99937,100,100137,100,99907,200,100164,100,99902,100,100165,100,99896,100,100223,100,99892,100,100267,100,99888,100,100298,100,99829,100,100440,100,99815,100
2019-06-28 09:50:14.048383557,99999,264,99966,164,100086,264,99954,264,100132,100,99937,100,100137,100,99907,200,100165,100,99902,100,100223,100,99896,100,100267,100,99892,100,100298,100,99888,100,100440,100,99829,100,100565,100,99815,100
2019-06-28 09:50:16.269840299,99999,264,99966,164,100086,264,99954,264,100132,100,99937,100,100137,100,99907,200,100165,100,99902,100,100223,100,99896,100,100267,100,99892,100,100440,100,99888,100,100565,100,99862,100,100597,100,99829,100
2019-06-28 09:50:17.971391305,99999,264,99966,164,100086,264,99954,264,100132,100,99937,100,100137,100,99907,200,100165,100,99902,100,100223,100,99896,100,100267,100,99892,100,100440,100,99888,100,100565,100,99862,100,100597,100,99829,100
2019-06-28 09:50:20.000000000,99999,166,99954,166,100086,166,99937,166,100132,166,99907,266,100137,166,99902,166,100165,166,99896,166,100223,100,99892,100,100267,100,99888,100,100440,100,99862,100,100565,100,99829,100,100597,100,99815,100
2019-06-28 09:50:28.047696122,99999,166,99954,166,100086,166,99937,166,100132,166,99907,266,100137,166,99902,166,100165,166,99896,166,100223,100,99892,100,100267,100,99888,100,100440,100,99862,100,100565,100,99829,100,100597,100,99815,100
2019-06-28 09:50:30.000000000,99999,212,99954,212,100086,208,99937,208,100132,208,99907,308,100137,100,99902,100,100165,100,99896,100,100223,100,99892,100,100267,100,99888,100,100440,100,99862,100,100565,100,99829,100,100597,100,99815,100
2019-06-28 09:50:33.356520434,99999,212,99954,212,100086,208,99937,208,100132,208,99907,308,100137,100,99902,100,100165,100,99896,100,100223,100,99892,100,100440,100,99888,100,100565,100,99868,100,100597,100,99862,100,,,99829,100
2019-06-28 09:50:35.209911748,99999,212,99954,112,100086,208,99937,208,100132,208,99907,308,100137,100,99902,100,100165,100,99896,100,100223,100,99892,100,100440,100,99888,100,100565,100,99868,100,100597,100,99862,100,,,99829,100
2019-06-28 09:50:40.000000000,99999,212,99937,212,100086,208,99907,308,100132,208,99902,208,100137,100,99896,100,100165,100,99892,100,100223,100,99888,100,100440,100,99868,100,100565,100,99862,100,100597,100,99829,100,,,99815,100
2019-06-28 09:50:47.634203780,99999,212,99937,112,100086,208,99907,308,100132,208,99902,208,100137,100,99896,100,100165,100,99892,100,100223,100,99888,100,100440,100,99868,100,100565,100,99862,100,100597,100,99829,100,,,99815,100
2019-06-28 09:50:50.000000000,99999,166,99907,266,100086,166,99902,166,100132,166,99896,166,100137,166,99892,166,100165,166,99888,166,100223,100,99868,100,100440,100,99862,100,100565,100,99829,100,100597,100,99815,100,,,99801,100
2019-06-28 09:50:54.432560724,99999,166,99907,266,100004,100,99902,166,100086,166,99896,166,100132,166,99892,166,100137,166,99888,166,100165,166,99868,100,100223,100,99862,100,100440,100,99829,100,100565,100,99815,100,100597,100,99801,100
2019-06-28 09:51:00.000000000,99999,264,99907,364,100004,264,99902,264,100086,100,99896,100,100132,100,99892,100,100137,100,99888,100,100165,100,99868,100,100223,100,99862,100,100440,100,99829,100,100565,100,99815,100,100597,100,99801,100
2019-06-28 09:51:10.000000000,99999,264,99907,364,100004,264,99902,264,100086,100,99896,100,100132,100,99892,100,100137,100,99888,100,100165,100,99868,100,100223,100,99862,100,100440,100,99829,100,100565,100,99815,100,100597,100,99801,100
2019-06-28 09:51:19.597482194,99999,164,99907,364,100004,264,99902,264,100086,100,99896,100,100132,100,99892,100,100137,100,99888,100,100165,100,99868,100,100223,100,99862,100,100440,100,99829,100,100565,100,99815,100,100597,100,99801,100
2019-06-28 09:51:20.000000000,100004,166,99907,266,100086,166,99902,166,100132,166,99896,166,100137,166,99892,166,100165,166,99888,166,100223,100,99868,100,100440,100,99862,100,100565,100,99829,100,100597,100,99815,100,,,99801,100
2019-06-28 09:51:30.000000000,100004,212,99907,312,100086,208,99902,208,100132,208,99896,208,100137,100,99892,100,100165,100,99888,100,100223,100,99868,100,100440,100,99862,100,100565,100,99829,100,100597,100,99815,100,,,99801,100
2019-06-28 09:51:32.131383289,100004,212,99907,312,100086,208,99902,208,100132,208,99896,208,100137,100,99892,100,100165,100,99888,100,100223,100,99868,100,100440,100,99862,100,100503,100,99815,100,100565,100,99801,100,100597,100,99741,100
2019-06-28 09:51:40.000000000,100004,182,99907,282,100086,182,99902,182,100132,182,99896,182,100137,182,99892,182,100165,100,99888,100,100223,100,99868,100,100440,100,99862,100,100503,100,99815,100,100565,100,99801,100,100597,100,99741,100
2019-06-28 09:51:44.842345832,100004,82,99907,282,100086,182,99902,182,100132,182,99896,182,100137,182,99892,182,100165,100,99888,100,100223,100,99868,100,100440,100,99862,100,100503,100,99815,100,100565,100,99801,100,100597,100,99741,100
2019-06-28 09:51:50.000000000,100086,212,99907,312,100132,208,99902,208,100137,208,99896,208,100165,100,99892,100,100223,100,99888,100,100440,100,99868,100,100503,100,99862,100,100565,100,99815,100,100597,100,99801,100,,,99741,100
2019-06-28 09:52:00.000000000,100086,212,99907,312,100132,208,99902,208,100137,208,99896,208,100165,100,99892,100,100223,100,99888,100,100440,100,99868,100,100503,100,99862,100,100565,100,99815,100,100597,100,99801,100,,,99741,100
2019-06-28 09:52:10.000000000,100086,264,99907,364,100132,264,99902,264,100137,100,99896,100,100165,100,99892,100,100223,100,99888,100,100440,100,99868,100,100503,100,99862,100,100565,100,99815,100,100597,100,99801,100,,,99741,100
2019-06-28 09:52:20.000000000,100086,428,99907,528,100132,100,99902,100,100137,100,99896,100,100165,100,99892,100,100223,100,99888,100,100440,100,99868,100,100503,100,99862,100,100565,100,99815,100,100597,100,99801,100,,,99741,100
2019-06-28 09:52:29.202480908,100086,328,99907,528,100132,100,99902,100,100137,100,99896,100,100165,100,99892,100,100223,100,99888,100,100440,100,99868,100,100503,100,99862,100,100565,100,99815,100,100597,100,99801,100,,,99741,100
2019-06-28 09:52:30.000000000,100132,166,99907,266,100137,166,99902,166,100165,166,99896,166,100223,166,99892,166,100440,166,99888,166,100503,100,99868,100,100565,100,99862,100,100597,100,99815,100,,,99801,100,,,99741,100
2019-06-28 09:52:30.445850451,100132,66,99907,266,100137,166,99902,166,100165,166,99896,166,100223,166,99892,166,100440,166,99888,166,100503,100,99868,100,100565,100,99862,100,100597,100,99815,100,,,99741,100,,,99594,100
2019-06-28 09:52:31.672515499,100132,66,99907,266,100137,166,99902,166,100165,166,99896,166,100223,166,99892,166,100440,166,99888,166,100503,100,99868,100,100565,100,99862,100,100597,100,99815,100,100961,100,99741,100,,,99594,100
2019-06-28 09:52:37.048530618,100132,66,99907,266,100137,166,99902,166,100165,166,99896,166,100223,166,99892,166,100440,166,99888,166,100503,100,99868,100,100565,100,99862,100,100597,100,99815,100,100620,100,99741,100,100961,100,99594,100
2019-06-28 09:52:40.000000000,100137,428,99907,528,100165,100,99902,100,100223,100,99896,100,100440,100,99892,100,100503,100,99888,100,100565,100,99868,100,100597,100,99862,100,100620,100,99815,100,100961,100,99741,100,,,99594,100
2019-06-28 09:52:50.000000000,100137,212,99907,312,100165,208,99902,208,100223,208,99896,208,100440,100,99892,100,100503,100,99888,100,100565,100,99868,100,100597,100,99862,100,100620,100,99815,100,100961,100,99741,100,,,99594,100
2019-06-28 09:52:59.124972202,100137,212,100086,100,100165,208,99907,312,100223,208,99902,208,100440,100,99896,208,100503,100,99892,100,100565,100,99888,100,100597,100,99868,100,100620,100,99862,100,100961,100,99815,100,,,99741,100
2019-06-28 09:53:00.000000000,100137,264,100086,264,100165,264,99907,364,100223,100,99902,100,100440,100,99896,100,100503,100,99892,100,100565,100,99888,100,100597,100,99868,100,100620,100,99862,100,100961,100,99815,100,,,99741,100
2019-06-28 09:53:02.349573906,100137,164,100086,264,100165,264,99907,364,100223,100,99902,100,100440,100,99896,100,100503,100,99892,100,100565,100,99888,100,100597,100,99868,100,100620,100,99815,100,100961,100,99741,100,,,99594,100
2019-06-28 09:53:10.000000000,100165,166,100086,166,100223,166,99907,266,100440,166,99902,166,100503,166,99896,166,100565,166,99892,166,100597,100,99888,100,100620,100,99868,100,100961,100,99815,100,,,99741,100,,,99594,100
2019-06-28 09:53:20.000000000,100165,166,100086,166,100223,166,99907,266,100440,166,99902,166,100503,166,99896,166,100565,166,99892,166,100597,100,99888,100,100620,100,99868,100,100961,100,99815,100,,,99741,100,,,99594,100
2019-06-28 09:53:30.000000000,100165,166,100086,166,100223,166,99907,266,100440,166,99902,166,100503,166,99896,166,100565,166,99892,166,100597,100,99888,100,100620,100,99868,100,100961,100,99815,100,,,99741,100,,,99594,100
2019-06-28 09:53:40.000000000,100165,212,100086,212,100223,208,99907,308,100440,208,99902,208,100503,100,99896,100,100565,100,99892,100,100597,100,99888,100,100620,100,99868,100,100961,100,99815,100,,,99741,100,,,99594,100
2019-06-28 09:53:50.000000000,100165,428,100086,428,100223,100,99907,200,100440,100,99902,100,100503,100,99896,100,100565,100,99892,100,100597,100,99888,100,100620,100,99868,100,100961,100,99815,100,,,99741,100,,,99594,100
2019-06-28 09:53:55.920500977,100165,328,100086,428,100223,100,99907,200,100440,100,99902,100,100503,100,99892,100,100565,100,99888,100,100597,100,99868,100,100620,100,99815,100,100961,100,99741,100,,,99594,100,,,99466,100
2019-06-28 09:53:58.249494361,100165,328,100086,428,100223,100,99907,200,100440,100,99902,100,100503,100,99892,100,100565,100,99888,100,100597,100,99868,100,100620,100,99815,100,100756,100,99741,100,100961,100,99594,100,,,99466,100
2019-06-28 09:54:00.000000000,100223,182,100086,182,100440,182,99907,282,100503,182,99902,182,100565,182,99892,182,100597,100,99888,100,100620,100,99868,100,100756,100,99815,100,100961,100,99741,100,,,99594,100,,,99466,100
2019-06-28 09:54:10.000000000,100223,428,100086,428,100440,100,99907,200,100503,100,99902,100,100565,100,99892,100,100597,100,99888,100,100620,100,99868,100,100756,100,99815,100,100961,100,99741,100,,,99594,100,,,99466,100
2019-06-28 09:54:20.000000000,100223,166,100086,166,100440,166,99907,266,100503,166,99902,166,100565,166,99892,166,100597,166,99888,166,100620,100,99868,100,100756,100,99815,100,100961,100,99741,100,,,99594,100,,,99466,100
2019-06-28 09:54:30.000000000,100223,264,100086,264,100440,264,99907,364,100503,100,99902,100,100565,100,99892,100,100597,100,99888,100,100620,100,99868,100,100756,100,99815,100,100961,100,99741,100,,,99594,100,,,99466,100
2019-06-28 09:54:35.545352448,100223,264,100137,100,100440,264,100086,264,100503,100,99907,364,100565,100,99902,100,100597,100,99892,100,100620,100,99888,100,100756,100,99868,100,100961,100,99815,100,,,99741,100,,,99594,100
2019-06-28 09:54:40.000000000,100223,166,100137,166,100440,166,100086,166,100503,166,99907,266,100565,166,99902,166,100597,166,99892,166,100620,100,99888,100,100756,100,99868,100,100961,100,99815,100,,,99741,100,,,99594,100
2019-06-28 09:54:46.584565324,100223,166,100137,166,100440,166,100086,166,100503,166,99907,266,100565,166,99902,166,100597,166,99892,166,100620,100,99888,100,100756,100,99868,100,100961,200,99815,100,,,99741,100,,,99594,100
2019-06-28 09:54:50.000000000,100223,182,100137,182,100440,182,100086,182,100503,182,99907,282,100565,182,99902,182,100597,100,99892,100,100620,100,99888,100,100756,100,99868,100,100961,200,99815,100,,,99741,100,,,99594,100
2019-06-28 09:55:00.000000000,100223,182,100137,182,100440,182,100086,182,100503,182,99907,282,100565,182,99902,182,100597,100,99892,100,100620,100,99888,100,100756,100,99868,100,100961,200,99815,100,,,99741,100,,,99594,100
2019-06-28 09:55:06.450531367,100223,82,100137,182,100440,182,100086,182,100503,182,99907,282,100565,182,99902,182,100597,100,99892,100,100620,100,99888,100,100756,100,99868,100,100961,200,99815,100,,,99741,100,,,99594,100
2019-06-28 09:55:07.422667160,100223,82,100137,182,100440,182,100086,182,100503,182,99907,282,100565,182,99902,182,100620,100,99892,100,100756,100,99888,100,100946,100,99868,100,100961,200,99815,100,,,99741,100,,,99594,100
2019-06-28 09:55:10.000000000,100440,212,100137,212,100503,208,100086,208,100565,208,99907,308,100620,100,99902,100,100756,100,99892,100,100946,100,99888,100,100961,200,99868,100,,,99815,100,,,99741,100,,,99594,100
2019-06-28 09:55:13.960135494,100440,212,100137,212,100503,208,100086,208,100565,208,99907,308,100620,100,99902,100,100756,100,99892,100,100848,100,99888,100,100946,100,99868,100,100961,200,99815,100,,,99741,100,,,99594,100
2019-06-28 09:55:20.000000000,100440,212,100137,212,100503,208,100086,208,100565,208,99907,308,100620,100,99902,100,100756,100,99892,100,100848,100,99888,100,100946,100,99868,100,100961,200,99815,100,,,99741,100,,,99594,100
2019-06-28 09:55:28.883100673,100440,212,100137,212,100503,208,100086,208,100565,208,99907,308,100614,100,99902,100,100620,100,99892,100,100756,100,99888,100,100848,100,99868,100,100946,100,99815,100,100961,200,99741,100,,,99594,100
2019-06-28 09:55:30.000000000,100440,264,100137,264,100503,264,100086,264,100565,100,99907,200,100614,100,99902,100,100620,100,99892,100,100756,100,99888,100,100848,100,99868,100,100946,100,99815,100,100961,200,99741,100,,,99594,100
2019-06-28 09:55:40.000000000,100440,428,100137,428,100503,100,100086,100,100565,100,99907,200,100614,100,99902,100,100620,100,99892,100,100756,100,99888,100,100848,100,99868,100,100946,100,99815,100,100961,200,99741,100,,,99594,100
2019-06-28 09:55:50.000000000,100440,182,100137,182,100503,182,100086,182,100565,182,99907,282,100614,182,99902,182,100620,100,99892,100,100756,100,99888,100,100848,100,99868,100,100946,100,99815,100,100961,200,99741,100,,,99594,100
2019-06-28 09:56:00.000000000,100440,428,100137,428,100503,100,100086,100,100565,100,99907,200,100614,100,99902,100,100620,100,99892,100,100756,100,99888,100,100848,100,99868,100,100946,100,99815,100,100961,200,99741,100,,,99594,100
2019-06-28 09:56:10.000000000,100440,428,100137,428,100503,100,100086,100,100565,100,99907,200,100614,100,99902,100,100620,100,99892,100,100756,100,99888,100,100848,100,99868,100,100946,100,99815,100,100961,200,99741,100,,,99594,100
2019-06-28 09:56:20.000000000,100440,212,100137,212,100503,208,100086,208,100565,208,99907,308,100614,100,99902,100,100620,100,99892,100,100756,100,99888,100,100848,100,99868,100,100946,100,99815,100,100961,200,99741,100,,,99594,100
2019-06-28 09:56:21.626595738,100440,212,100137,212,100503,208,100086,208,100565,208,99907,308,100614,100,99902,100,100620,100,99892,100,100756,100,99888,100,100848,100,99868,100,100946,100,99815,100,100961,200,99741,100,101213,100,99594,100
2019-06-28 09:56:30.000000000,100440,264,100137,264,100503,264,100086,264,100565,100,99907,200,100614,100,99902,100,100620,100,99892,100,100756,100,99888,100,100848,100,99868,100,100946,100,99815,100,100961,200,99741,100,101213,100,99594,100
2019-06-28 09:56:40.000000000,100440,264,100137,264,100503,264,100086,264,100565,100,99907,200,100614,100,99902,100,100620,100,99892,100,100756,100,99888,100,100848,100,99868,100,100946,100,99815,100,100961,200,99741,100,101213,100,99594,100
2019-06-28 09:56:50.000000000,100440,182,100137,182,100503,182,100086,182,100565,182,99907,282,100614,182,99902,182,100620,100,99892,100,100756,100,99888,100,100848,100,99868,100,100946,100,99815,100,100961,200,99741,100,101213,100,99594,100
2019-06-28 09:57:00.000000000,100440,182,100137,182,100503,182,100086,182,100565,182,99907,282,100614,182,99902,182,100620,100,99892,100,100756,100,99888,100,100848,100,99868,100,100946,100,99815,100,100961,200,99741,100,101213,100,99594,100
2019-06-28 09:57:10.000000000,100440,264,100137,264,100503,264,100086,264,100565,100,99907,200,100614,100,99902,100,100620,100,99892,100,100756,100,99888,100,100848,100,99868,100,100946,100,99815,100,100961,200,99741,100,101213,100,99594,100
2019-06-28 09:57:15.447505076,100440,264,100165,100,100503,264,100137,264,100565,100,100086,264,100614,100,99907,200,100620,100,99902,100,100756,100,99892,100,100848,100,99888,100,100946,100,99868,100,100961,200,99815,100,101213,100,99741,100
2019-06-28 09:57:20.000000000,100440,264,100165,264,100503,264,100137,264,100565,100,100086,100,100614,100,99907,200,100620,100,99902,100,100756,100,99892,100,100848,100,99888,100,100946,100,99868,100,100961,200,99815,100,101213,100,99741,100
2019-06-28 09:57:30.000000000,100440,212,100165,212,100503,208,100137,208,100565,208,100086,208,100614,100,99907,200,100620,100,99902,100,100756,100,99892,100,100848,100,99888,100,100946,100,99868,100,100961,200,99815,100,101213,100,99741,100
2019-06-28 09:57:40.000000000,100440,264,100165,264,100503,264,100137,264,100565,100,100086,100,100614,100,99907,200,100620,100,99902,100,100756,100,99892,100,100848,100,99888,100,100946,100,99868,100,100961,200,99815,100,101213,100,99741,100
2019-06-28 09:57:47.750503564,100440,264,100165,264,100503,264,100137,264,100565,100,100086,100,100614,100,99907,200,100620,100,99902,100,100756,100,99892,100,100824,100,99888,100,100848,100,99868,100,100946,100,99815,100,100961,200,99741,100
2019-06-28 09:57:50.000000000,100440,166,100165,166,100503,166,100137,166,100565,166,100086,166,100614,166,99907,266,100620,166,99902,166,100756,100,99892,100,100824,100,99888,100,100848,100,99868,100,100946,100,99815,100,100961,200,99741,100
2019-06-28 09:57:53.350736921,100440,66,100165,166,100503,166,100137,166,100565,66,100086,166,100614,166,99907,266,100620,166,99902,166,100756,100,99892,100,100824,100,99888,100,100848,100,99868,100,100946,100,99815,100,100961,200,99741,100
2019-06-28 09:57:56.881840939,100503,166,100440,34,100565,66,100165,166,100614,166,100137,166,100620,166,100086,166,100756,100,99907,266,100824,100,99902,166,100848,100,99892,100,100946,100,99888,100,100961,200,99868,100,101213,100,99815,100
2019-06-28 09:58:00.000000000,100503,166,100440,100,100614,166,100165,166,100620,166,100137,166,100756,166,100086,166,100824,166,99907,266,100848,100,99902,100,100946,100,99892,100,100961,200,99888,100,101213,100,99868,100,,,99815,100
2019-06-28 09:58:10.000000000,100503,264,100440,198,100614,264,100165,264,100620,100,100137,100,100756,100,100086,100,100824,100,99907,200,100848,100,99902,100,100946,100,99892,100,100961,200,99888,100,101213,100,99868,100,,,99815,100
2019-06-28 09:58:20.000000000,100503,182,100440,116,100614,182,100165,182,100620,182,100137,182,100756,182,100086,182,100824,100,99907,200,100848,100,99902,100,100946,100,99892,100,100961,200,99888,100,101213,100,99868,100,,,99815,100
2019-06-28 09:58:28.006337923,100503,82,100440,116,100614,182,100165,182,100620,182,100137,182,100756,182,100086,182,100824,100,99907,200,100848,100,99902,100,100946,100,99892,100,100961,200,99888,100,101213,100,99868,100,,,99815,100
2019-06-28 09:58:30.000000000,100614,264,100440,198,100620,264,100165,264,100756,100,100137,100,100824,100,100086,100,100848,100,99907,200,100946,100,99902,100,100961,200,99892,100,101213,100,99888,100,,,99868,100,,,99815,100
2019-06-28 09:58:40.000000000,100614,212,100440,146,100620,208,100165,208,100756,208,100137,208,100824,100,100086,100,100848,100,99907,200,100946,100,99902,100,100961,200,99892,100,101213,100,99888,100,,,99868,100,,,99815,100
2019-06-28 09:58:50.000000000,100614,166,100440,100,100620,166,100165,166,100756,166,100137,166,100824,166,100086,166,100848,166,99907,266,100946,100,99902,100,100961,200,99892,100,101213,100,99888,100,,,99868,100,,,99815,100
2019-06-28 09:58:57.379149408,100614,166,100440,100,100620,166,100165,166,100710,100,100137,166,100756,166,100086,166,100824,166,99907,266,100848,166,99902,100,100946,100,99892,100,100961,200,99888,100,101213,100,99868,100,,,99815,100
2019-06-28 09:59:00.000000000,100614,264,100440,198,100620,264,100165,264,100710,100,100137,100,100756,100,100086,100,100824,100,99907,200,100848,100,99902,100,100946,100,99892,100,100961,200,99888,100,101213,100,99868,100,,,99815,100
2019-06-28 09:59:10.000000000,100614,264,100440,198,100620,264,100165,264,100710,100,100137,100,100756,100,100086,100,100824,100,99907,200,100848,100,99902,100,100946,100,99892,100,100961,200,99888,100,101213,100,99868,100,,,99815,100
2019-06-28 09:59:20.000000000,100614,166,100440,100,100620,166,100165,166,100710,166,100137,166,100756,166,100086,166,100824,166,99907,266,100848,100,99902,100,100946,100,99892,100,100961,200,99888,100,101213,100,99868,100,,,99815,100
2019-06-28 09:59:20.370475243,100614,166,100441,100,100620,166,100440,100,100710,166,100165,166,100756,166,100137,166,100824,166,100086,166,100848,100,99907,266,100946,100,99902,100,100961,200,99892,100,101213,100,99888,100,,,99868,100
2019-06-28 09:59:30.000000000,100614,428,100441,428,100620,100,100440,34,100710,100,100165,100,100756,100,100137,100,100824,100,100086,100,100848,100,99907,200,100946,100,99902,100,100961,200,99892,100,101213,100,99888,100,,,99868,100
2019-06-28 09:59:40.000000000,100614,264,100441,264,100620,264,100440,198,100710,100,100165,100,100756,100,100137,100,100824,100,100086,100,100848,100,99907,200,100946,100,99902,100,100961,200,99892,100,101213,100,99888,100,,,99868,100
2019-06-28 09:59:42.075086444,100614,264,100441,264,100620,264,100440,198,100710,100,100165,100,100756,100,100137,100,100824,100,100086,100,100826,100,99907,200,100848,100,99902,100,100946,100,99892,100,100961,100,99888,100,101213,100,99868,100
2019-06-28 09:59:42.470169387,100614,264,100441,364,100620,264,100440,198,100710,100,100165,100,100756,100,100137,100,100824,100,100086,100,100826,100,99907,200,100848,100,99902,100,100946,100,99892,100,100961,100,99888,100,101213,100,99868,100
2019-06-28 09:59:48.777136216,100614,164,100441,364,100620,264,100440,198,100710,100,100165,100,100756,100,100137,100,100824,100,100086,100,100826,100,99907,200,100848,100,99902,100,100946,100,99892,100,100961,100,99888,100,101213,100,99868,100
2019-06-28 09:59:50.000000000,100620,428,100441,528,100710,100,100440,34,100756,100,100165,100,100824,100,100137,100,100826,100,100086,100,100848,100,99907,200,100946,100,99902,100,100961,100,99892,100,101213,100,99888,100,,,99868,100
2019-06-28 09:59:52.720666484,100620,428,100441,528,100756,100,100440,34,100824,100,100165,100,100826,100,100137,100,100848,100,100086,100,100946,100,99907,200,100961,100,99902,100,100969,100,99892,100,101213,100,99888,100,,,99868,100
2019-06-28 10:00:00.000000000,100620,166,100441,266,100756,166,100440,100,100824,166,100165,166,100826,166,100137,166,100848,166,100086,166,100946,100,99907,200,100961,100,99902,100,100969,100,99892,100,101213,100,99888,100,,,99868,100
2019-06-28 10:00:10.000000000,100620,166,100441,266,100756,166,100440,100,100824,166,100165,166,100826,166,100137,166,100848,166,100086,166,100946,100,99907,200,100961,100,99902,100,100969,100,99892,100,101213,100,99888,100,,,99868,100
2019-06-28 10:00:20.000000000,100620,264,100441,364,100756,264,100440,198,100824,100,100165,100,100826,100,100137,100,100848,100,100086,100,100946,100,99907,200,100961,100,99902,100,100969,100,99892,100,101213,100,99888,100,,,99868,100
2019-06-28 10:00:28.352803874,100620,264,100441,364,100756,264,100440,164,100824,100,100165,100,100826,100,100137,100,100848,100,100086,100,100946,100,100017,100,100961,100,99907,200,100969,100,99902,100,101213,100,99892,100,,,99888,100
2019-06-28 10:00:30.000000000,100620,182,100441,282,100756,182,100165,182,100824,182,100137,182,100826,182,100086,182,100848,100,100017,100,100946,100,99907,200,100961,100,99902,100,100969,100,99892,100,101213,100,99888,100,,,99868,100
2019-06-28 10:00:40.000000000,100620,428,100441,528,100756,100,100165,100,100824,100,100137,100,100826,100,100086,100,100848,100,100017,100,100946,100,99907,200,100961,100,99902,100,100969,100,99892,100,101213,100,99888,100,,,99868,100
2019-06-28 10:00:50.000000000,100620,212,100441,312,100756,208,100165,208,100824,208,100137,208,100826,100,100086,100,100848,100,100017,100,100946,100,99907,200,100961,100,99902,100,100969,100,99892,100,101213,100,99888,100,,,99868,100
2019-06-28 10:01:00.000000000,100620,428,100441,528,100756,100,100165,100,100824,100,100137,100,100826,100,100086,100,100848,100,100017,100,100946,100,99907,200,100961,100,99902,100,100969,100,99892,100,101213,100,99888,100,,,99868,100
2019-06-28 10:01:10.000000000,100620,428,100441,528,100756,100,100165,100,100824,100,100137,100,100826,100,100086,100,100848,100,100017,100,100946,100,99907,200,100961,100,99902,100,100969,100,99892,100,101213,100,99888,100,,,99868,100
2019-06-28 10:01:20.000000000,100620,212,100441,312,100756,208,100165,208,100824,208,100137,208,100826,100,100086,100,100848,100,100017,100,100946,100,99907,200,100961,100,99902,100,100969,100,99892,100,101213,100,99888,100,,,99868,100
2019-06-28 10:01:26.084924551,100502,100,100441,312,100620,212,100165,208,100756,208,100137,208,100824,208,100086,100,100826,100,100017,100,100848,100,99907,200,100946,100,99902,100,100961,100,99892,100,100969,100,99888,100,101213,100,99868,100
2019-06-28 10:01:30.000000000,100502,166,100441,266,100620,166,100165,166,100756,166,100137,166,100824,166,100086,166,100826,166,100017,166,100848,100,99907,200,100946,100,99902,100,100961,100,99892,100,100969,100,99888,100,101213,100,99868,100
2019-06-28 10:01:30.874843077,100502,166,100441,266,100620,166,100165,166,100756,166,100137,166,100824,166,100086,166,100826,166,100017,166,100848,100,99907,200,100946,100,99902,100,100961,100,99892,100,100969,100,99888,100,101213,100,99868,100
2019-06-28 10:01:40.000000000,100502,212,100441,312,100620,208,100165,208,100756,208,100137,208,100824,100,100086,100,100826,100,100017,100,100848,100,99907,200,100946,100,99902,100,100961,100,99892,100,100969,100,99888,100,101213,100,99868,100
2019-06-28 10:01:41.877780540,100502,212,100441,212,100620,208,100165,208,100756,208,100137,208,100824,100,100086,100,100826,100,100017,100,100848,100,99907,200,100946,100,99902,100,100961,100,99892,100,100969,100,99888,100,101213,100,99868,100
2019-06-28 10:01:45.375716576,100502,212,100441,112,100620,208,100165,208,100756,208,100137,208,100824,100,100086,100,100826,100,100017,100,100848,100,99907,200,100946,100,99902,100,100961,100,99892,100,100969,100,99888,100,101213,100,99868,100
2019-06-28 10:01:50.000000000,100502,428,100165,428,100620,100,100137,100,100756,100,100086,100,100824,100,100017,100,100826,100,99907,200,100848,100,99902,100,100946,100,99892,100,100961,100,99888,100,100969,100,99868,100,101213,100,99815,100
2019-06-28 10:02:00.000000000,100502,166,100165,166,100620,166,100137,166,100756,166,100086,166,100824,166,100017,166,100826,166,99907,266,100848,100,99902,100,100946,100,99892,100,100961,100,99888,100,100969,100,99868,100,101213,100,99815,100
2019-06-28 10:02:10.000000000,100502,264,100165,264,100620,264,100137,264,100756,100,100086,100,100824,100,100017,100,100826,100,99907,200,100848,100,99902,100,100946,100,99892,100,100961,100,99888,100,100969,100,99868,100,101213,100,99815,100
2019-06-28 10:02:20.000000000,100502,428,100165,428,100620,100,100137,100,100756,100,100086,100,100824,100,100017,100,100826,100,99907,200,100848,100,99902,100,100946,100,99892,100,100961,100,99888,100,100969,100,99868,100,101213,100,99815,100
2019-06-28 10:02:30.000000000,100502,182,100165,182,100620,182,100137,182,100756,182,100086,182,100824,182,100017,182,100826,100,99907,200,100848,100,99902,100,100946,100,99892,100,100961,100,99888,100,100969,100,99868,100,101213,100,99815,100
2019-06-28 10:02:40.000000000,100502,264,100165,264,100620,264,100137,264,100756,100,100086,100,100824,100,100017,100,100826,100,99907,200,100848,100,99902,100,100946,100,99892,100,100961,100,99888,100,100969,100,99868,100,101213,100,99815,100
2019-06-28 10:02:42.518010001,100502,264,100404,100,100620,264,100165,264,100756,100,100137,264,100824,100,100086,100,100826,100,100017,100,100848,100,99907,200,100946,100,99902,100,100961,100,99892,100,100969,100,99888,100,101213,100,99868,100
2019-06-28 10:02:50.000000000,100502,166,100404,166,100620,166,100165,166,100756,166,100137,166,100824,166,100086,166,100826,166,100017,166,100848,100,99907,200,100946,100,99902,100,100961,100,99892,100,100969,100,99888,100,101213,100,99868,100
2019-06-28 10:02:51.241611583,100502,166,100404,166,100620,166,100165,166,100756,166,100137,166,100824,166,100086,66,100826,166,100017,166,100848,100,99907,200,100946,100,99902,100,100961,100,99892,100,100969,100,99888,100,101213,100,99868,100
2019-06-28 10:03:00.000000000,100502,264,100404,264,100620,264,100165,264,100756,100,100137,100,100824,100,100017,100,100826,100,99907,200,100848,100,99902,100,100946,100,99892,100,100961,100,99888,100,100969,100,99868,100,101213,100,99815,100
2019-06-28 10:03:00.550132060,100502,264,100404,264,100620,264,100165,264,100756,100,100137,100,100824,100,100119,100,100826,100,100017,100,100848,100,99907,200,100946,100,99902,100,100961,100,99892,100,100969,100,99888,100,101213,100,99868,100
2019-06-28 10:03:10.000000000,100502,212,100404,212,100620,208,100165,208,100756,208,100137,208,100824,100,100119,100,100826,100,100017,100,100848,100,99907,200,100946,100,99902,100,100961,100,99892,100,100969,100,99888,100,101213,100,99868,100
2019-06-28 10:03:11.734339455,100441,100,100404,212,100502,112,100165,208,100620,208,100137,208,100756,208,100119,100,100824,100,100017,100,100826,100,99907,200,100848,100,99902,100,100946,100,99892,100,100961,100,99888,100,100969,100,99868,100
2019-06-28 10:03:20.000000000,100441,428,100404,428,100620,100,100165,100,100756,100,100137,100,100824,100,100119,100,100826,100,100017,100,100848,100,99907,200,100946,100,99902,100,100961,100,99892,100,100969,100,99888,100,101213,100,99868,100
2019-06-28 10:03:26.136503936,100441,428,100404,428,100620,100,100165,100,100756,100,100137,100,100824,100,100119,100,100826,100,100017,100,100946,100,99907,200,100961,100,99902,100,100969,100,99892,100,101213,100,99888,100,,,99868,100
2019-06-28 10:03:30.000000000,100441,166,100404,166,100620,166,100165,166,100756,166,100137,166,100824,166,100119,166,100826,166,100017,166,100946,100,99907,200,100961,100,99902,100,100969,100,99892,100,101213,100,99888,100,,,99868,100
2019-06-28 10:03:34.239753762,100441,166,100404,66,100620,166,100165,166,100756,166,100137,166,100824,166,100119,166,100826,166,100017,166,100946,100,99907,200,100961,100,99902,100,101213,100,99892,100,,,99888,100,,,99868,100
2019-06-28 10:03:39.585938578,100404,34,100165,166,100441,166,100137,166,100620,166,100119,166,100756,166,100017,166,100824,166,99907,200,100826,166,99902,100,100946,100,99892,100,100961,100,99888,100,101213,100,99868,100,,,99825,100
2019-06-28 10:03:40.000000000,100404,116,100165,182,100441,182,100137,182,100620,182,100119,182,100756,182,100017,182,100824,100,99907,200,100826,100,99902,100,100946,100,99892,100,100961,100,99888,100,101213,100,99868,100,,,99825,100
2019-06-28 10:03:50.000000000,100404,100,100165,166,100441,166,100137,166,100620,166,100119,166,100756,166,100017,166,100824,166,99907,266,100826,100,99902,100,100946,100,99892,100,100961,100,99888,100,101213,100,99868,100,,,99825,100
2019-06-28 10:03:55.717000224,100404,100,100165,66,100441,166,100137,166,100620,166,100119,166,100756,166,100017,166,100824,166,99907,266,100826,100,99902,100,100946,100,99892,100,100961,100,99888,100,101213,100,99868,100,,,99825,100
2019-06-28 10:04:00.000000000,100404,198,100137,264,100441,264,100119,264,100620,100,100017,100,100756,100,99907,200,100824,100,99902,100,100826,100,99892,100,100946,100,99888,100,100961,100,99868,100,101213,100,99825,100,,,99815,100
2019-06-28 10:04:10.000000000,100404,362,100137,428,100441,100,100119,100,100620,100,100017,100,100756,100,99907,200,100824,100,99902,100,100826,100,99892,100,100946,100,99888,100,100961,100,99868,100,101213,100,99825,100,,,99815,100
2019-06-28 10:04:12.641421783,100404,462,100137,428,100441,100,100119,100,100620,100,100017,100,100756,100,99907,200,100824,100,99902,100,100826,100,99892,100,100946,100,99888,100,100961,100,99868,100,101213,100,99825,100,,,99815,100
2019-06-28 10:04:20.000000000,100404,462,100137,428,100441,100,100119,100,100620,100,100017,100,100756,100,99907,200,100824,100,99902,100,100826,100,99892,100,100946,100,99888,100,100961,100,99868,100,101213,100,99825,100,,,99815,100
2019-06-28 10:04:30.000000000,100404,298,100137,264,100441,264,100119,264,100620,100,100017,100,100756,100,99907,200,100824,100,99902,100,100826,100,99892,100,100946,100,99888,100,100961,100,99868,100,101213,100,99825,100,,,99815,100
2019-06-28 10:04:40.000000000,100404,200,100137,166,100441,166,100119,166,100620,166,100017,166,100756,166,99907,266,100824,166,99902,166,100826,100,99892,100,100946,100,99888,100,100961,100,99868,100,101213,100,99825,100,,,99815,100
2019-06-28 10:04:49.463890427,100404,200,100137,166,100441,166,100119,166,100620,166,100017,166,100756,166,99907,266,100824,166,99902,166,100826,100,99892,100,100946,100,99888,100,100961,100,99868,100,101213,100,99825,100,,,99815,100
2019-06-28 10:04:50.000000000,100404,216,100137,182,100441,182,100119,182,100620,182,100017,182,100756,182,99907,282,100824,100,99902,100,100826,100,99892,100,100946,100,99888,100,100961,100,99868,100,101213,100,99825,100,,,99815,100
2019-06-28 10:04:59.184128778,100404,216,100137,182,100441,182,100119,182,100620,182,100017,182,100756,182,99907,282,100824,100,99902,100,100826,100,99892,100,100946,100,99888,100,100961,100,99868,100,101213,100,99825,100,,,99815,100
2019-06-28 10:05:00.000000000,100404,298,100137,264,100441,264,100119,264,100620,100,100017,100,100756,100,99907,200,100824,100,99902,100,100826,100,99892,100,100946,100,99888,100,100961,100,99868,100,101213,100,99825,100,,,99815,100
2019-06-28 10:05:10.000000000,100404,298,100137,264,100441,264,100119,264,100620,100,100017,100,100756,100,99907,200,100824,100,99902,100,100826,100,99892,100,100946,100,99888,100,100961,100,99868,100,101213,100,99825,100,,,99815,100
2019-06-28 10:05:20.000000000,100404,216,100137,182,100441,182,100119,182,100620,182,100017,182,100756,182,99907,282,100824,100,99902,100,100826,100,99892,100,100946,100,99888,100,100961,100,99868,100,101213,100,99825,100,,,99815,100
2019-06-28 10:05:30.000000000,100404,216,100137,182,100441,182,100119,182,100620,182,100017,182,100756,182,99907,282,100824,100,99902,100,100826,100,99892,100,100946,100,99888,100,100961,100,99868,100,101213,100,99825,100,,,99815,100
2019-06-28 10:05:40.000000000,100404,462,100137,428,100441,100,100119,100,100620,100,100017,100,100756,100,99907,200,100824,100,99902,100,100826,100,99892,100,100946,100,99888,100,100961,100,99868,100,101213,100,99825,100,,,99815,100
2019-06-28 10:05:50.000000000,100404,298,100137,264,100441,264,100119,264,100620,100,100017,100,100756,100,99907,200,100824,100,99902,100,100826,100,99892,100,100946,100,99888,100,100961,100,99868,100,101213,100,99825,100,,,99815,100
2019-06-28 10:06:00.000000000,100404,298,100137,264,100441,264,100119,264,100620,100,100017,100,100756,100,99907,200,100824,100,99902,100,100826,100,99892,100,100946,100,99888,100,100961,100,99868,100,101213,100,99825,100,,,99815,100
2019-06-28 10:06:10.000000000,100404,298,100137,264,100441,264,100119,264,100620,100,100017,100,100756,100,99907,200,100824,100,99902,100,100826,100,99892,100,100946,100,99888,100,100961,100,99868,100,101213,100,99825,100,,,99815,100
2019-06-28 10:06:17.359109432,100404,198,100137,264,100441,264,100119,264,100620,100,100017,100,100756,100,99907,200,100824,100,99892,100,100826,100,99888,100,100946,100,99868,100,100961,100,99825,100,101213,100,99815,100,,,99802,100
2019-06-28 10:06:20.000000000,100404,146,100137,212,100441,208,100119,208,100620,208,100017,208,100756,100,99907,200,100824,100,99892,100,100826,100,99888,100,100946,100,99868,100,100961,100,99825,100,101213,100,99815,100,,,99802,100
2019-06-28 10:06:30.000000000,100404,362,100137,428,100441,100,100119,100,100620,100,100017,100,100756,100,99907,200,100824,100,99892,100,100826,100,99888,100,100946,100,99868,100,100961,100,99825,100,101213,100,99815,100,,,99802,100
2019-06-28 10:06:33.187974426,100404,362,100137,428,100441,100,100119,100,100620,100,100017,100,100756,100,99907,200,100824,100,99892,100,100826,100,99888,100,100928,100,99868,100,100946,100,99825,100,100961,100,99815,100,101213,100,99802,100
2019-06-28 10:06:40.000000000,100404,116,100137,182,100441,182,100119,182,100620,182,100017,182,100756,182,99907,282,100824,100,99892,100,100826,100,99888,100,100928,100,99868,100,100946,100,99825,100,100961,100,99815,100,101213,100,99802,100
2019-06-28 10:06:50.000000000,100404,198,100137,264,100441,264,100119,264,100620,100,100017,100,100756,100,99907,200,100824,100,99892,100,100826,100,99888,100,100928,100,99868,100,100946,100,99825,100,100961,100,99815,100,101213,100,99802,100
2019-06-28 10:06:51.886447860,100404,198,100137,264,100441,264,100119,264,100620,100,100017,100,100718,100,99907,200,100756,100,99892,100,100824,100,99888,100,100826,100,99868,100,100928,100,99825,100,100946,100,99815,100,100961,100,99802,100
2019-06-28 10:07:00.000000000,100404,100,100137,166,100441,166,100119,166,100620,166,100017,166,100718,166,99907,266,100756,166,99892,166,100824,100,99888,100,100826,100,99868,100,100928,100,99825,100,100946,100,99815,100,100961,100,99802,100
2019-06-28 10:07:10.000000000,100404,146,100137,212,100441,208,100119,208,100620,208,100017,208,100718,100,99907,200,100756,100,99892,100,100824,100,99888,100,100826,100,99868,100,100928,100,99825,100,100946,100,99815,100,100961,100,99802,100
2019-06-28 10:07:20.000000000,100404,146,100137,212,100441,208,100119,208,100620,208,100017,208,100718,100,99907,200,100756,100,99892,100,100824,100,99888,100,100826,100,99868,100,100928,100,99825,100,100946,100,99815,100,100961,100,99802,100
2019-06-28 10:07:30.000000000,100404,198,100137,264,100441,264,100119,264,100620,100,100017,100,100718,100,99907,200,100756,100,99892,100,100824,100,99888,100,100826,100,99868,100,100928,100,99825,100,100946,100,99815,100,100961,100,99802,100
2019-06-28 10:07:32.333546488,100404,98,100137,264,100441,264,100119,264,100620,100,100017,100,100718,100,99907,200,100756,100,99892,100,100824,100,99888,100,100826,100,99868,100,100928,100,99825,100,100946,100,99815,100,100961,100,99802,100
2019-06-28 10:07:40.000000000,100441,182,100137,182,100620,182,100119,182,100718,182,100017,182,100756,182,99907,282,100824,100,99892,100,100826,100,99888,100,100928,100,99868,100,100946,100,99825,100,100961,100,99815,100,101213,100,99802,100
2019-06-28 10:07:43.911531647,100441,182,100137,182,100620,182,100119,182,100646,100,100017,182,100718,182,99907,282,100756,182,99892,100,100824,100,99888,100,100826,100,99868,100,100928,100,99825,100,100946,100,99815,100,100961,100,99802,100
2019-06-28 10:07:45.947960585,100441,82,100137,182,100620,182,100119,182,100646,100,100017,182,100718,182,99907,282,100756,182,99892,100,100824,100,99888,100,100826,100,99868,100,100928,100,99825,100,100946,100,99815,100,100961,100,99802,100
2019-06-28 10:07:50.000000000,100620,166,100137,166,100646,166,100119,166,100718,166,100017,166,100756,166,99907,266,100824,166,99892,166,100826,100,99888,100,100928,100,99868,100,100946,100,99825,100,100961,100,99815,100,101213,100,99802,100
2019-06-28 10:08:00.000000000,100620,212,100137,212,100646,208,100119,208,100718,208,100017,208,100756,100,99907,200,100824,100,99892,100,100826,100,99888,100,100928,100,99868,100,100946,100,99825,100,100961,100,99815,100,101213,100,99802,100
2019-06-28 10:08:10.000000000,100620,212,100137,212,100646,208,100119,208,100718,208,100017,208,100756,100,99907,200,100824,100,99892,100,100826,100,99888,100,100928,100,99868,100,100946,100,99825,100,100961,100,99815,100,101213,100,99802,100
2019-06-28 10:08:20.000000000,100620,212,100137,212,100646,208,100119,208,100718,208,100017,208,100756,100,99907,200,100824,100,99892,100,100826,100,99888,100,100928,100,99868,100,100946,100,99825,100,100961,100,99815,100,101213,100,99802,100
2019-06-28 10:08:30.000000000,100620,428,100137,428,100646,100,100119,100,100718,100,100017,100,100756,100,99907,200,100824,100,99892,100,100826,100,99888,100,100928,100,99868,100,100946,100,99825,100,100961,100,99815,100,101213,100,99802,100
