,ask_price_1,ask_size_1,bid_price_1,bid_size_1,ask_price_2,ask_size_2,bid_price_2,bid_size_2,ask_price_3,ask_size_3,bid_price_3,bid_size_3,ask_price_4,ask_size_4,bid_price_4,bid_size_4,ask_price_5,ask_size_5,bid_price_5,bid_size_5,ask_price_6,ask_size_6,bid_price_6,bid_size_6,ask_price_7,ask_size_7,bid_price_7,bid_size_7,ask_price_8,ask_size_8,bid_price_8,bid_size_8,ask_price_9,ask_size_9,bid_price_9,bid_size_9,ask_price_10,ask_size_10,bid_price_10,bid_size_10
2019-06-28 09:30:00.000000000,,,99983,100,,,,,,,,,,,,,,,,,,,,,,,,,,,,,,,,,,,,
2019-06-28 09:30:00.000000001,100018,100,99950,100,,,99939,100,,,99917,100,,,,,,,,,,,,,,,,,,,,,,,,,,,,
2019-06-28 09:30:00.000000002,100018,100,99950,100,,,99939,100,,,99917,100,,,99880,100,,,,,,,,,,,,,,,,,,,,,,,,
2019-06-28 09:30:00.000000003,100018,100,99990,100,100022,100,99950,100,100152,100,99939,100,,,99917,100,,,99880,100,,,,,,,,,,,,,,,,,,,,
2019-06-28 09:30:00.000000006,100018,100,99990,100,100022,100,99950,100,100152,100,99940,100,100228,100,99939,100,,,99917,100,,,99880,100,,,,,,,,,,,,,,,,
2019-06-28 09:30:00.000000008,100022,100,99990,100,100152,100,99950,100,100228,100,99940,100,,,99939,100,,,99917,100,,,99880,100,,,,,,,,,,,,,,,,
2019-06-28 09:30:00.000000009,100022,100,99991,100,100129,100,99990,100,100152,100,99950,100,100228,100,99940,100,,,99939,100,,,99917,100,,,99880,100,,,,,,,,,,,,
2019-06-28 09:30:00.000000010,100022,100,99991,100,100079,100,99990,100,100129,100,99950,100,100152,100,99940,100,100228,100,99939,100,,,99917,100,,,99880,100,,,,,,,,,,,,
2019-06-28 09:30:00.000000011,100022,100,99996,100,100079,100,99991,100,100129,100,99990,100,100152,100,99983,100,100228,100,99950,100,,,99940,100,,,99939,100,,,99917,100,,,99880,100,,,,
2019-06-28 09:30:00.000000015,100022,100,99996,100,100079,100,99991,100,100129,100,99990,100,100152,100,99983,100,100228,100,99950,100,,,99940,100,,,99939,100,,,99917,100,,,99885,100,,,99880,100
2019-06-28 09:30:00.000000018,100022,100,99996,100,100057,100,99991,100,100079,100,99990,100,100129,100,99983,100,100152,100,99950,100,100228,100,99940,100,,,99939,100,,,99917,100,,,99885,100,,,99880,100
2019-06-28 09:30:00.000000020,100022,100,99996,100,100057,100,99991,100,100079,100,99990,100,100129,100,99983,100,100152,100,99950,100,100228,100,99940,100,,,99939,100,,,99917,100,,,99885,100,,,99880,100
2019-06-28 09:30:00.000000022,100022,100,99996,100,100048,100,99991,100,100057,100,99990,100,100079,100,99983,100,100129,100,99950,100,100152,100,99940,100,100228,100,99939,100,,,99917,100,,,99885,100,,,99880,100
2019-06-28 09:30:00.000000023,100022,100,99991,100,100048,100,99990,100,100057,100,99983,100,100079,100,99950,100,100129,100,99940,100,100152,100,99939,100,100228,100,99917,100,,,99885,100,,,99880,100,,,99855,100
2019-06-28 09:30:00.000000024,100022,100,99991,100,100048,100,99990,100,100057,100,99983,100,100079,100,99950,100,100108,100,99940,100,100129,100,99939,100,100152,100,99917,100,100228,100,99885,100,,,99880,100,,,99855,100
2019-06-28 09:30:00.000000029,100022,100,99991,100,100048,100,99990,100,100057,100,99983,100,100079,100,99950,100,100108,100,99940,100,100129,100,99939,100,100152,100,99917,100,100193,100,99885,100,100228,100,99880,100,,,99855,100
2019-06-28 09:30:00.000000036,100022,100,99991,100,100048,100,99990,100,100057,100,99983,100,100079,100,99950,100,100091,100,99940,100,100108,100,99939,100,100129,100,99917,100,100152,100,99885,100,100193,100,99880,100,100228,100,99855,100
2019-06-28 09:30:00.000000038,100022,100,99991,100,100048,100,99990,100,100057,100,99983,100,100079,100,99950,100,100091,100,99940,100,100108,100,99939,100,100129,100,99917,100,100152,100,99885,100,100193,100,99883,100,100228,100,99880,100
2019-06-28 09:30:00.000000042,100022,100,99991,100,100048,100,99990,100,100057,100,99983,100,100079,100,99950,100,100091,100,99940,100,100108,100,99939,100,100129,100,99917,100,100152,100,99907,100,100193,100,99885,100,100228,100,99883,100
2019-06-28 09:30:00.000000045,100012,100,99991,100,100022,100,99990,100,100048,100,99983,100,100057,100,99950,100,100079,100,99940,100,100091,100,99939,100,100108,100,99917,100,100129,100,99907,100,100152,100,99885,100,100193,100,99883,100
2019-06-28 09:30:00.000000047,100012,100,99991,100,100018,100,99990,100,100020,100,99983,100,100022,100,99950,100,100048,100,99940,100,100057,100,99939,100,100079,100,99917,100,100091,100,99907,100,100108,100,99885,100,100129,100,99883,100
2019-06-28 09:30:00.000000048,100012,100,99990,100,100018,100,99983,100,100020,100,99950,100,100022,100,99940,100,100048,100,99939,100,100057,100,99917,100,100079,100,99907,100,100091,100,99885,100,100108,100,99883,100,100129,100,99880,200
2019-06-28 09:30:00.000000049,100012,100,99991,100,100018,100,99990,100,100020,100,99983,100,100022,100,99950,100,100048,100,99940,100,100057,100,99939,100,100079,100,99917,100,100091,100,99907,100,100108,100,99885,100,100129,100,99883,100
2019-06-28 09:30:00.000000053,100012,100,99991,100,100018,100,99990,100,100020,100,99983,100,100022,100,99950,100,100048,100,99940,100,100057,100,99939,100,100079,100,99917,100,100091,100,99916,100,100108,100,99907,100,100129,100,99885,100
2019-06-28 09:30:00.000000055,100012,100,99991,200,100018,100,99990,100,100020,100,99983,100,100022,100,99950,100,100048,100,99940,100,100057,100,99939,100,100079,100,99917,100,100091,100,99916,100,100108,100,99907,100,100129,100,99885,100
2019-06-28 09:30:00.000000056,100012,100,99991,200,100018,100,99990,100,100020,100,99983,100,100022,100,99950,100,100026,100,99940,100,100048,100,99939,100,100057,100,99917,100,100079,100,99916,100,100091,100,99907,100,100108,100,99885,100
2019-06-28 09:30:00.000000058,100012,100,99991,300,100018,100,99990,100,100020,100,99983,100,100022,100,99950,100,100026,100,99940,100,100048,100,99939,100,100057,100,99917,100,100079,100,99916,100,100091,100,99907,100,100108,100,99885,100
2019-06-28 09:30:00.000000059,100012,100,99991,400,100018,100,99990,100,100020,100,99983,100,100022,100,99950,100,100026,100,99940,100,100048,100,99939,100,100057,100,99917,100,100079,100,99916,100,100091,100,99907,100,100108,100,99885,100
2019-06-28 09:30:00.000000062,100012,100,99991,400,100018,100,99990,100,100020,100,99983,100,100022,100,99950,100,100026,100,99940,100,100048,100,99939,100,100057,100,99917,100,100079,100,99916,100,100091,100,99907,100,100108,100,99885,200
2019-06-28 09:30:00.000000063,100012,100,99991,400,100018,100,99990,100,100020,100,99983,100,100022,100,99950,100,100026,100,99940,100,100048,100,99939,100,100057,100,99917,100,100079,100,99916,100,100091,100,99907,100,100108,100,99885,200
2019-06-28 09:30:00.000000067,100012,100,99991,400,100018,100,99990,100,100020,100,99983,100,100022,100,99950,100,100026,100,99940,100,100048,100,99939,100,100057,100,99917,100,100079,100,99916,100,100091,100,99907,100,100108,100,99885,200
2019-06-28 09:30:00.000000069,100012,100,99991,400,100018,200,99990,100,100020,100,99983,100,100022,100,99950,100,100026,100,99940,100,100048,100,99939,100,100057,100,99922,100,100079,100,99917,100,100091,100,99916,100,100108,100,99907,100
2019-06-28 09:30:00.000000070,100012,100,99991,400,100018,200,99990,100,100020,100,99983,100,100022,100,99950,100,100026,100,99940,100,100048,100,99939,100,100057,100,99922,100,100074,100,99917,100,100079,100,99916,100,100091,100,99907,100
2019-06-28 09:30:00.000000071,100012,100,99991,400,100018,200,99990,100,100020,100,99983,100,100022,100,99950,100,100026,100,99940,100,100048,100,99939,100,100057,100,99922,100,100074,100,99917,100,100079,100,99916,100,100083,100,99907,100
2019-06-28 09:30:00.000000072,100012,100,99991,400,100018,200,99990,100,100020,100,99983,100,100022,100,99950,100,100026,100,99940,100,100048,100,99939,100,100057,100,99922,100,100074,100,99917,100,100079,100,99916,100,100083,100,99907,100
2019-06-28 09:30:00.000000073,100012,100,99991,400,100018,200,99990,100,100020,100,99983,100,100022,100,99950,100,100026,100,99940,100,100048,100,99939,100,100057,100,99922,100,100074,100,99917,100,100079,100,99916,100,100083,100,99907,100
2019-06-28 09:30:00.000000074,100012,100,99991,400,100018,200,99990,100,100020,100,99983,100,100022,100,99950,100,100026,100,99940,100,100048,100,99939,100,100057,100,99922,100,100074,100,99917,100,100079,100,99916,100,100083,100,99907,100
2019-06-28 09:30:00.000000081,100012,100,99991,400,100018,200,99990,100,100020,100,99983,100,100022,100,99950,100,100026,100,99940,100,100048,100,99939,100,100057,100,99922,100,100074,100,99917,100,100079,100,99916,200,100083,100,99907,100
2019-06-28 09:30:00.000000082,100012,100,99991,400,100018,200,99990,100,100020,100,99983,100,100022,100,99950,100,100026,100,99940,100,100048,100,99939,100,100057,100,99922,100,100074,100,99917,100,100079,100,99916,200,100083,100,99907,100
2019-06-28 09:30:00.000000085,100012,100,99991,500,100018,200,99990,100,100020,100,99983,100,100022,100,99950,100,100026,100,99940,100,100048,100,99939,100,100057,100,99922,100,100074,100,99917,100,100079,100,99916,200,100083,100,99907,100
2019-06-28 09:30:00.000000089,100012,100,99991,500,100018,200,99990,100,100020,100,99985,100,100022,100,99983,100,100026,100,99950,100,100035,100,99940,100,100048,100,99939,100,100057,100,99922,100,100074,100,99917,100,100079,100,99916,200
2019-06-28 09:30:00.000000090,100012,100,99991,500,100018,200,99990,100,100020,100,99985,100,100022,100,99983,100,100026,100,99950,100,100035,100,99940,100,100048,100,99939,100,100057,100,99922,100,100074,100,99917,100,100079,100,99916,200
2019-06-28 09:30:00.000000092,100012,100,99991,500,100018,200,99990,100,100020,100,99985,100,100022,100,99983,100,100026,100,99950,100,100035,100,99940,100,100048,100,99939,100,100057,100,99930,100,100074,100,99922,100,100079,100,99917,100
2019-06-28 09:30:00.000000096,100012,100,99995,100,100018,200,99991,500,100020,100,99990,100,100022,100,99985,100,100026,100,99983,100,100035,100,99964,100,100048,100,99950,100,100057,100,99940,100,100074,100,99939,100,100079,100,99930,100
2019-06-28 09:30:00.000000097,100012,100,99995,100,100018,200,99991,500,100019,100,99990,100,100020,100,99985,100,100022,100,99983,100,100026,100,99964,100,100035,100,99950,100,100048,100,99940,100,100057,100,99939,100,100074,100,99930,100
2019-06-28 09:30:00.000000098,100012,100,99995,100,100018,200,99991,600,100019,100,99990,100,100020,100,99985,100,100022,100,99983,100,100026,100,99964,100,100035,100,99950,100,100048,100,99940,100,100057,100,99939,100,100074,100,99930,100
2019-06-28 09:30:01.325191979,100012,100,100005,100,100018,200,99995,100,100019,100,99991,600,100020,100,99990,100,100022,100,99985,100,100026,100,99983,100,100035,100,99964,100,100048,100,99940,100,100057,100,99939,100,100074,100,99930,100
2019-06-28 09:30:10.000000000,100012,234,100005,234,100018,334,99995,234,100019,100,99991,600,100020,100,99990,100,100022,100,99985,100,100026,100,99983,100,100035,100,99964,100,100048,100,99940,100,100057,100,99939,100,100074,100,99930,100
2019-06-28 09:30:20.000000000,100012,234,100005,234,100018,334,99995,234,100019,100,99991,600,100020,100,99990,100,100022,100,99985,100,100026,100,99983,100,100035,100,99964,100,100048,100,99940,100,100057,100,99939,100,100074,100,99930,100
2019-06-28 09:30:30.000000000,100012,234,100005,234,100018,334,99995,234,100019,100,99991,600,100020,100,99990,100,100022,100,99985,100,100026,100,99983,100,100035,100,99964,100,100048,100,99940,100,100057,100,99939,100,100074,100,99930,100
2019-06-28 09:30:38.002350616,100012,234,100005,134,100018,334,99995,234,100019,100,99991,600,100020,100,99990,100,100022,100,99985,100,100026,100,99983,100,100035,100,99964,100,100048,100,99940,100,100057,100,99939,100,100074,100,99930,100
2019-06-28 09:30:38.076260911,100012,234,100005,34,100018,334,99995,234,100019,100,99991,500,100020,100,99990,100,100022,100,99985,100,100026,100,99983,100,100035,100,99964,100,100048,100,99940,100,100057,100,99939,100,100074,100,99930,100
2019-06-28 09:30:40.000000000,100012,191,99995,191,100018,289,99991,589,100019,189,99990,189,100020,100,99985,100,100022,100,99983,100,100026,100,99964,100,100035,100,99940,100,100048,100,99939,100,100057,100,99930,100,100074,100,99922,100
2019-06-28 09:30:50.000000000,100012,154,99995,154,100018,254,99991,554,100019,154,99990,154,100020,154,99985,154,100022,154,99983,154,100026,100,99964,100,100035,100,99940,100,100048,100,99939,100,100057,100,99930,100,100074,100,99922,100
2019-06-28 09:31:00.000000000,100012,154,99995,154,100018,254,99991,554,100019,154,99990,154,100020,154,99985,154,100022,154,99983,154,100026,100,99964,100,100035,100,99940,100,100048,100,99939,100,100057,100,99930,100,100074,100,99922,100
2019-06-28 09:31:02.214290990,100012,154,99995,154,100018,254,99991,554,100019,154,99990,154,100020,154,99985,154,100022,154,99983,54,100026,100,99964,100,100035,100,99940,100,100048,100,99939,100,100057,100,99930,100,100074,100,99922,100
2019-06-28 09:31:07.506877088,100005,100,99995,154,100012,154,99991,554,100018,254,99990,154,100019,154,99985,154,100020,154,99983,54,100022,154,99964,100,100026,100,99940,100,100035,100,99939,100,100048,100,99930,100,100057,100,99922,100
2019-06-28 09:31:10.000000000,100005,234,99995,234,100012,234,99991,634,100018,200,99990,100,100019,100,99985,100,100020,100,99964,100,100022,100,99940,100,100026,100,99939,100,100035,100,99930,100,100048,100,99922,100,100057,100,99917,100
2019-06-28 09:31:20.000000000,100005,191,99995,191,100012,189,99991,589,100018,289,99990,189,100019,100,99985,100,100020,100,99964,100,100022,100,99940,100,100026,100,99939,100,100035,100,99930,100,100048,100,99922,100,100057,100,99917,100
2019-06-28 09:31:30.000000000,100005,154,99995,154,100012,154,99991,554,100018,254,99990,154,100019,154,99985,154,100020,154,99964,154,100022,100,99940,100,100026,100,99939,100,100035,100,99930,100,100048,100,99922,100,100057,100,99917,100
2019-06-28 09:31:40.000000000,100005,369,99995,369,100012,100,99991,500,100018,200,99990,100,100019,100,99985,100,100020,100,99964,100,100022,100,99940,100,100026,100,99939,100,100035,100,99930,100,100048,100,99922,100,100057,100,99917,100
2019-06-28 09:31:42.232229214,100005,369,99995,369,100012,100,99991,500,100018,200,99990,100,100019,100,99985,100,100020,100,99964,100,100022,100,99940,100,100026,100,99939,100,100035,100,99930,100,100048,100,99922,100,100057,100,99917,100
2019-06-28 09:31:44.090881605,100005,269,99995,369,100012,100,99991,500,100018,200,99990,100,100019,100,99985,100,100020,100,99964,100,100022,100,99940,100,100026,100,99939,100,100035,100,99930,100,100048,100,99922,100,100057,100,99917,100
2019-06-28 09:31:50.000000000,100012,369,99995,369,100018,200,99991,500,100019,100,99990,100,100020,100,99985,100,100022,100,99964,100,100026,100,99940,100,100035,100,99939,100,100048,100,99930,100,100057,100,99922,100,100074,100,99917,100
2019-06-28 09:31:50.252548706,100012,369,100005,100,100018,200,99995,369,100019,100,99991,500,100020,100,99990,100,100026,100,99985,100,100035,100,99964,100,100048,100,99940,100,100057,100,99939,100,100074,100,99930,100,100079,100,99922,100
2019-06-28 09:32:00.000000000,100012,234,100005,234,100018,334,99995,234,100019,100,99991,500,100020,100,99990,100,100026,100,99985,100,100035,100,99964,100,100048,100,99940,100,100057,100,99939,100,100074,100,99930,100,100079,100,99922,100
2019-06-28 09:32:01.279299967,100012,234,100005,234,100018,334,99995,234,100019,100,99991,500,100020,100,99990,100,100026,100,99985,100,100035,100,99964,100,100048,100,99940,100,100057,100,99939,100,100074,100,99930,100,100079,100,99922,100
2019-06-28 09:32:02.023816442,100012,234,100005,234,100018,334,99995,234,100019,100,99991,500,100020,100,99990,100,100026,100,99985,100,100035,100,99964,100,100048,100,99940,100,100057,100,99939,100,100074,100,99930,100,100079,100,99922,100
2019-06-28 09:32:09.527534763,100012,234,100005,334,100018,334,99995,234,100019,100,99991,400,100020,100,99990,100,100026,100,99985,100,100035,100,99964,100,100048,100,99940,100,100057,100,99939,100,100074,100,99930,100,100079,100,99922,100
2019-06-28 09:32:10.000000000,100012,167,100005,267,100018,267,99995,167,100019,167,99991,467,100020,167,99990,167,100026,100,99985,100,100035,100,99964,100,100048,100,99940,100,100057,100,99939,100,100074,100,99930,100,100079,100,99922,100
2019-06-28 09:32:11.370010871,100012,167,100005,267,100018,167,99995,167,100019,167,99991,467,100020,167,99990,167,100026,100,99985,100,100035,100,99964,100,100048,100,99940,100,100057,100,99939,100,100074,100,99930,100,100079,100,99922,100
2019-06-28 09:32:20.000000000,100012,369,100005,469,100018,100,99995,100,100019,100,99991,400,100020,100,99990,100,100026,100,99985,100,100035,100,99964,100,100048,100,99940,100,100057,100,99939,100,100074,100,99930,100,100079,100,99922,100
2019-06-28 09:32:30.000000000,100012,234,100005,334,100018,234,99995,234,100019,100,99991,400,100020,100,99990,100,100026,100,99985,100,100035,100,99964,100,100048,100,99940,100,100057,100,99939,100,100074,100,99930,100,100079,100,99922,100
2019-06-28 09:32:39.459601307,100010,100,100005,334,100012,234,99995,234,100018,234,99991,400,100019,100,99990,100,100020,100,99985,100,100026,100,99964,100,100035,100,99940,100,100048,100,99939,100,100057,100,99930,100,100074,100,99922,100
2019-06-28 09:32:40.000000000,100010,234,100005,334,100012,234,99995,234,100018,100,99991,400,100019,100,99990,100,100020,100,99985,100,100026,100,99964,100,100035,100,99940,100,100048,100,99939,100,100057,100,99930,100,100074,100,99922,100
2019-06-28 09:32:50.000000000,100010,154,100005,254,100012,154,99995,154,100018,154,99991,454,100019,154,99990,154,100020,154,99985,154,100026,100,99964,100,100035,100,99940,100,100048,100,99939,100,100057,100,99930,100,100074,100,99922,100
2019-06-28 09:33:00.000000000,100010,369,100005,469,100012,100,99995,100,100018,100,99991,400,100019,100,99990,100,100020,100,99985,100,100026,100,99964,100,100035,100,99940,100,100048,100,99939,100,100057,100,99930,100,100074,100,99922,100
2019-06-28 09:33:10.000000000,100010,234,100005,334,100012,234,99995,234,100018,100,99991,400,100019,100,99990,100,100020,100,99985,100,100026,100,99964,100,100035,100,99940,100,100048,100,99939,100,100057,100,99930,100,100074,100,99922,100
2019-06-28 09:33:20.000000000,100010,191,100005,291,100012,189,99995,189,100018,189,99991,489,100019,100,99990,100,100020,100,99985,100,100026,100,99964,100,100035,100,99940,100,100048,100,99939,100,100057,100,99930,100,100074,100,99922,100
2019-06-28 09:33:23.291715009,100010,191,100005,291,100012,189,99995,189,100018,189,99991,489,100019,100,99990,100,100020,100,99985,100,100026,100,99940,100,100035,100,99939,100,100048,100,99930,100,100057,100,99922,100,100074,100,99917,100
2019-06-28 09:33:30.000000000,100010,167,100005,267,100012,167,99995,167,100018,167,99991,467,100019,167,99990,167,100020,100,99985,100,100026,100,99940,100,100035,100,99939,100,100048,100,99930,100,100057,100,99922,100,100074,100,99917,100
2019-06-28 09:33:40.000000000,100010,369,100005,469,100012,100,99995,100,100018,100,99991,400,100019,100,99990,100,100020,100,99985,100,100026,100,99940,100,100035,100,99939,100,100048,100,99930,100,100057,100,99922,100,100074,100,99917,100
2019-06-28 09:33:40.045262816,100010,369,100005,569,100012,100,99995,100,100018,100,99991,300,100019,100,99990,100,100020,100,99985,100,100026,100,99940,100,100035,100,99939,100,100048,100,99930,100,100057,100,99922,100,100074,100,99917,100
2019-06-28 09:33:48.122178770,100010,369,100005,569,100012,100,99995,100,100018,100,99991,300,100019,100,99990,100,100020,100,99985,100,100026,100,99940,100,100035,100,99939,100,100048,100,99930,100,100057,100,99922,100,100074,100,99917,100
2019-06-28 09:33:50.000000000,100010,234,100005,434,100012,234,99995,234,100018,100,99991,300,100019,100,99990,100,100020,100,99985,100,100026,100,99940,100,100035,100,99939,100,100048,100,99930,100,100057,100,99922,100,100074,100,99917,100
2019-06-28 09:33:52.477550657,100010,234,100005,534,100012,234,99995,234,100018,100,99991,200,100019,100,99990,100,100020,100,99985,100,100026,100,99940,100,100035,100,99939,100,100048,100,99930,100,100057,100,99922,100,100074,100,99917,100
2019-06-28 09:34:00.000000000,100010,234,100005,534,100012,234,99995,234,100018,100,99991,200,100019,100,99990,100,100020,100,99985,100,100026,100,99940,100,100035,100,99939,100,100048,100,99930,100,100057,100,99922,100,100074,100,99917,100
2019-06-28 09:34:02.755563837,100010,234,100005,634,100012,234,99995,234,100018,100,99991,200,100019,100,99990,100,100020,100,99985,100,100026,100,99940,100,100035,100,99939,100,100048,100,99930,100,100057,100,99922,100,100074,100,99917,100
2019-06-28 09:34:10.000000000,100010,167,100005,567,100012,167,99995,167,100018,167,99991,267,100019,167,99990,167,100020,100,99985,100,100026,100,99940,100,100035,100,99939,100,100048,100,99930,100,100057,100,99922,100,100074,100,99917,100
2019-06-28 09:34:13.606440848,100010,67,100005,567,100012,167,99995,167,100018,167,99991,267,100019,167,99990,167,100020,100,99985,100,100026,100,99940,100,100035,100,99939,100,100048,100,99930,100,100057,100,99917,100,100074,100,99916,200
2019-06-28 09:34:16.442031170,100010,67,100005,567,100012,167,99995,167,100018,167,99991,267,100019,167,99990,167,100020,100,99985,100,100026,100,99940,100,100035,100,99939,100,100048,100,99930,100,100057,100,99917,100,100074,100,99916,200
2019-06-28 09:34:20.000000000,100012,167,100005,567,100018,167,99995,167,100019,167,99991,267,100020,167,99990,167,100026,100,99985,100,100035,100,99940,100,100048,100,99939,100,100057,100,99930,100,100074,100,99917,100,100079,100,99916,200
2019-06-28 09:34:30.000000000,100012,154,100005,554,100018,154,99995,154,100019,154,99991,254,100020,154,99990,154,100026,154,99985,154,100035,100,99940,100,100048,100,99939,100,100057,100,99930,100,100074,100,99917,100,100079,100,99916,200
2019-06-28 09:34:39.199831997,100012,154,100005,554,100018,154,99995,154,100019,154,99991,254,100020,154,99990,154,100026,154,99985,154,100035,100,99940,100,100048,100,99939,100,100057,100,99930,100,100074,100,99917,100,100079,100,99916,200
2019-06-28 09:34:40.000000000,100012,234,100005,634,100018,234,99995,234,100019,100,99991,200,100020,100,99990,100,100026,100,99985,100,100035,100,99940,100,100048,100,99939,100,100057,100,99930,100,100074,100,99917,100,100079,100,99916,200
2019-06-28 09:34:50.000000000,100012,234,100005,634,100018,234,99995,234,100019,100,99991,200,100020,100,99990,100,100026,100,99985,100,100035,100,99940,100,100048,100,99939,100,100057,100,99930,100,100074,100,99917,100,100079,100,99916,200
2019-06-28 09:35:00.000000000,100012,167,100005,567,100018,167,99995,167,100019,167,99991,267,100020,167,99990,167,100026,100,99985,100,100035,100,99940,100,100048,100,99939,100,100057,100,99930,100,100074,100,99917,100,100079,100,99916,200
2019-06-28 09:35:04.490300139,100012,67,100005,567,100018,167,99995,167,100019,167,99991,267,100020,167,99990,167,100026,100,99985,100,100035,100,99940,100,100048,100,99939,100,100057,100,99930,100,100074,100,99917,100,100079,100,99916,200
2019-06-28 09:35:10.000000000,100018,154,100005,554,100019,154,99995,154,100020,154,99991,254,100026,154,99990,154,100035,154,99985,154,100048,100,99940,100,100057,100,99939,100,100074,100,99930,100,100079,100,99917,100,100083,100,99916,200
2019-06-28 09:35:10.862272384,100018,154,100010,100,100019,154,100005,454,100020,154,99995,154,100026,154,99991,254,100035,154,99990,154,100048,100,99985,154,100057,100,99940,100,100074,100,99939,100,100079,100,99930,100,100083,100,99917,100
2019-06-28 09:35:13.056694627,100018,154,100010,100,100019,154,100005,454,100020,154,99995,154,100026,154,99991,254,100035,154,99990,154,100048,100,99985,154,100057,100,99940,100,100074,100,99939,100,100079,100,99930,100,100083,100,99917,100
2019-06-28 09:35:20.000000000,100018,369,100010,369,100019,100,100005,400,100020,100,99995,100,100026,100,99991,200,100035,100,99990,100,100048,100,99985,100,100057,100,99940,100,100074,100,99939,100,100079,100,99930,100,100083,100,99917,100
2019-06-28 09:35:30.000000000,100018,369,100010,369,100019,100,100005,400,100020,100,99995,100,100026,100,99991,200,100035,100,99990,100,100048,100,99985,100,100057,100,99940,100,100074,100,99939,100,100079,100,99930,100,100083,100,99917,100
2019-06-28 09:35:40.000000000,100018,369,100010,369,100019,100,100005,400,100020,100,99995,100,100026,100,99991,200,100035,100,99990,100,100048,100,99985,100,100057,100,99940,100,100074,100,99939,100,100079,100,99930,100,100083,100,99917,100
2019-06-28 09:35:42.972112051,100018,369,100010,369,100019,100,100005,400,100020,100,99995,100,100026,100,99991,200,100035,100,99990,100,100048,100,99985,100,100057,100,99940,100,100074,100,99939,100,100079,100,99930,100,100083,100,99917,100
2019-06-28 09:35:50.000000000,100018,167,100010,167,100019,167,100005,467,100020,167,99995,167,100026,167,99991,267,100035,100,99990,100,100048,100,99985,100,100057,100,99940,100,100074,100,99939,100,100079,100,99930,100,100083,100,99917,100
2019-06-28 09:35:50.472082827,100018,167,100010,167,100019,167,100005,467,100020,167,99995,167,100026,167,99991,267,100035,100,99990,100,100048,100,99985,100,100057,100,99940,100,100074,100,99939,100,100079,100,99930,100,100083,100,99917,100
2019-06-28 09:36:00.000000000,100018,191,100010,191,100019,189,100005,489,100020,189,99995,189,100026,100,99991,200,100035,100,99990,100,100048,100,99985,100,100057,100,99940,100,100074,100,99939,100,100079,100,99930,100,100083,100,99917,100
2019-06-28 09:36:06.026805153,100018,191,100010,291,100019,189,100005,489,100020,189,99995,189,100026,100,99991,200,100035,100,99990,100,100048,100,99985,100,100057,100,99940,100,100074,100,99939,100,100079,100,99930,100,100083,100,99917,100
2019-06-28 09:36:10.000000000,100018,234,100010,334,100019,234,100005,534,100020,100,99995,100,100026,100,99991,200,100035,100,99990,100,100048,100,99985,100,100057,100,99940,100,100074,100,99939,100,100079,100,99930,100,100083,100,99917,100
2019-06-28 09:36:16.546499277,100018,134,100010,334,100019,234,100005,534,100020,100,99995,100,100026,100,99991,200,100035,100,99985,100,100048,100,99940,100,100057,100,99939,100,100074,100,99930,100,100079,100,99917,100,100083,100,99916,200
2019-06-28 09:36:20.000000000,100019,191,100010,291,100020,189,100005,489,100026,189,99995,189,100035,100,99991,200,100048,100,99985,100,100057,100,99940,100,100074,100,99939,100,100079,100,99930,100,100083,100,99917,100,100091,100,99916,200
2019-06-28 09:36:30.000000000,100019,167,100010,267,100020,167,100005,467,100026,167,99995,167,100035,167,99991,267,100048,100,99985,100,100057,100,99940,100,100074,100,99939,100,100079,100,99930,100,100083,100,99917,100,100091,100,99916,200
2019-06-28 09:36:32.611850576,100019,167,100010,267,100020,167,100005,467,100026,167,99995,167,100035,167,99991,267,100048,100,99985,100,100057,100,99940,100,100074,100,99939,100,100079,100,99930,100,100083,100,99917,100,100091,100,99916,200
2019-06-28 09:36:40.000000000,100019,191,100010,291,100020,189,100005,489,100026,189,99995,189,100035,100,99991,200,100048,100,99985,100,100057,100,99940,100,100074,100,99939,100,100079,100,99930,100,100083,100,99917,100,100091,100,99916,200
2019-06-28 09:36:41.857828235,100019,191,100010,291,100020,89,100005,489,100026,189,99995,189,100035,100,99991,200,100048,100,99985,100,100057,100,99940,100,100074,100,99939,100,100079,100,99930,100,100083,100,99917,100,100091,100,99916,200
2019-06-28 09:36:46.121920304,100019,191,100010,291,100020,89,100005,489,100026,189,99995,189,100035,100,99991,200,100048,100,99985,100,100057,100,99940,100,100074,100,99939,100,100079,100,99930,100,100083,100,99917,100,100091,100,99916,200
2019-06-28 09:36:50.000000000,100019,167,100010,267,100026,167,100005,467,100035,167,99995,167,100048,167,99991,267,100057,100,99985,100,100074,100,99940,100,100079,100,99939,100,100083,100,99930,100,100091,100,99917,100,100108,100,99916,200
2019-06-28 09:37:00.000000000,100019,154,100010,254,100026,154,100005,454,100035,154,99995,154,100048,154,99991,254,100057,154,99985,154,100074,100,99940,100,100079,100,99939,100,100083,100,99930,100,100091,100,99917,100,100108,100,99916,200
2019-06-28 09:37:03.522707577,100019,54,100010,254,100026,154,100005,454,100035,154,99995,154,100048,154,99991,254,100057,154,99985,154,100074,100,99940,100,100079,100,99939,100,100083,100,99930,100,100091,100,99917,100,100108,100,99916,200
2019-06-28 09:37:10.000000000,100026,154,100010,254,100035,154,100005,454,100048,154,99995,154,100057,154,99991,254,100074,154,99985,154,100079,100,99940,100,100083,100,99939,100,100091,100,99930,100,100108,100,99917,100,100152,100,99916,200
2019-06-28 09:37:20.000000000,100026,154,100010,254,100035,154,100005,454,100048,154,99995,154,100057,154,99991,254,100074,154,99985,154,100079,100,99940,100,100083,100,99939,100,100091,100,99930,100,100108,100,99917,100,100152,100,99916,200
2019-06-28 09:37:23.423415193,100026,154,100010,254,100035,154,100005,454,100048,154,99995,154,100057,154,99991,254,100074,154,99985,154,100079,100,99940,100,100083,100,99939,100,100091,100,99930,100,100108,100,99917,100,100152,100,99916,200
2019-06-28 09:37:25.552539640,100026,154,100010,254,100035,154,100005,454,100048,154,99995,154,100057,154,99991,154,100074,154,99985,154,100079,100,99940,100,100083,100,99939,100,100091,100,99930,100,100108,100,99917,100,100152,100,99916,200
2019-06-28 09:37:30.000000000,100026,191,100010,291,100035,189,100005,489,100048,189,99995,189,100057,100,99991,100,100074,100,99985,100,100079,100,99940,100,100083,100,99939,100,100091,100,99930,100,100108,100,99917,100,100152,100,99916,200
2019-06-28 09:37:40.000000000,100026,167,100010,267,100035,167,100005,467,100048,167,99995,167,100057,167,99991,167,100074,100,99985,100,100079,100,99940,100,100083,100,99939,100,100091,100,99930,100,100108,100,99917,100,100152,100,99916,200
2019-06-28 09:37:50.000000000,100026,369,100010,469,100035,100,100005,400,100048,100,99995,100,100057,100,99991,100,100074,100,99985,100,100079,100,99940,100,100083,100,99939,100,100091,100,99930,100,100108,100,99917,100,100152,100,99916,200
2019-06-28 09:38:00.000000000,100026,167,100010,267,100035,167,100005,467,100048,167,99995,167,100057,167,99991,167,100074,100,99985,100,100079,100,99940,100,100083,100,99939,100,100091,100,99930,100,100108,100,99917,100,100152,100,99916,200
2019-06-28 09:38:03.914769456,100026,167,100010,267,100035,167,100005,467,100048,67,99995,167,100057,167,99991,167,100074,100,99985,100,100079,100,99940,100,100083,100,99939,100,100091,100,99930,100,100108,100,99917,100,100152,100,99916,200
2019-06-28 09:38:06.394711971,100026,167,100010,267,100035,167,100005,367,100048,67,99995,167,100057,167,99991,167,100074,100,99985,100,100079,100,99940,100,100083,100,99939,100,100091,100,99930,100,100108,100,99917,100,100152,100,99916,200
2019-06-28 09:38:10.000000000,100026,369,100010,469,100035,100,100005,300,100057,100,99995,100,100074,100,99991,100,100079,100,99985,100,100083,100,99940,100,100091,100,99939,100,100108,100,99930,100,100152,100,99917,100,100184,100,99916,200
2019-06-28 09:38:20.000000000,100026,154,100010,254,100035,154,100005,354,100057,154,99995,154,100074,154,99991,154,100079,154,99985,154,100083,100,99940,100,100091,100,99939,100,100108,100,99930,100,100152,100,99917,100,100184,100,99916,200
2019-06-28 09:38:30.000000000,100026,191,100010,291,100035,189,100005,389,100057,189,99995,189,100074,100,99991,100,100079,100,99985,100,100083,100,99940,100,100091,100,99939,100,100108,100,99930,100,100152,100,99917,100,100184,100,99916,200
2019-06-28 09:38:40.000000000,100026,167,100010,267,100035,167,100005,367,100057,167,99995,167,100074,167,99991,167,100079,100,99985,100,100083,100,99940,100,100091,100,99939,100,100108,100,99930,100,100152,100,99917,100,100184,100,99916,200
2019-06-28 09:38:48.655206731,100026,167,100010,267,100035,167,100005,367,100057,167,99995,167,100074,167,99991,167,100079,100,99985,100,100083,100,99940,100,100091,100,99939,100,100108,100,99930,100,100152,100,99917,100,100184,100,99916,200
2019-06-28 09:38:50.000000000,100026,154,100010,254,100035,154,100005,354,100057,154,99995,154,100074,154,99991,154,100079,154,99985,154,100083,100,99940,100,100091,100,99939,100,100108,100,99930,100,100152,100,99917,100,100184,100,99916,200
2019-06-28 09:38:55.774590462,100026,54,100010,254,100035,154,100005,354,100057,154,99995,154,100074,154,99991,154,100079,154,99985,154,100083,100,99940,100,100091,100,99939,100,100108,100,99930,100,100152,100,99917,100,100184,100,99916,200
2019-06-28 09:39:00.000000000,100035,369,100010,469,100057,100,100005,300,100074,100,99995,100,100079,100,99991,100,100083,100,99985,100,100091,100,99940,100,100108,100,99939,100,100152,100,99930,100,100184,100,99917,100,100193,100,99916,200
2019-06-28 09:39:08.572669204,100035,369,100010,469,100057,100,100005,300,100074,100,99995,100,100079,100,99991,100,100083,100,99985,100,100091,100,99940,100,100108,100,99939,100,100152,100,99930,100,100184,100,99916,200,100193,100,99907,100
2019-06-28 09:39:10.000000000,100035,369,100010,469,100057,100,100005,300,100074,100,99995,100,100079,100,99991,100,100083,100,99985,100,100091,100,99940,100,100108,100,99939,100,100152,100,99930,100,100184,100,99916,200,100193,100,99907,100
2019-06-28 09:39:20.000000000,100035,167,100010,267,100057,167,100005,367,100074,167,99995,167,100079,167,99991,167,100083,100,99985,100,100091,100,99940,100,100108,100,99939,100,100152,100,99930,100,100184,100,99916,200,100193,100,99907,100
2019-06-28 09:39:30.000000000,100035,234,100010,334,100057,234,100005,434,100074,100,99995,100,100079,100,99991,100,100083,100,99985,100,100091,100,99940,100,100108,100,99939,100,100152,100,99930,100,100184,100,99916,200,100193,100,99907,100
2019-06-28 09:39:40.000000000,100035,154,100010,254,100057,154,100005,354,100074,154,99995,154,100079,154,99991,154,100083,154,99985,154,100091,100,99940,100,100108,100,99939,100,100152,100,99930,100,100184,100,99916,200,100193,100,99907,100
2019-06-28 09:39:44.546328873,100035,54,100010,254,100057,154,100005,354,100074,154,99995,154,100079,154,99991,154,100083,154,99985,154,100091,100,99940,100,100108,100,99939,100,100152,100,99930,100,100184,100,99916,200,100193,100,99907,100
2019-06-28 09:39:50.000000000,100057,234,100010,334,100074,234,100005,434,100079,100,99995,100,100083,100,99991,100,100091,100,99985,100,100108,100,99940,100,100152,100,99939,100,100184,100,99930,100,100193,100,99916,200,100228,100,99907,100
2019-06-28 09:40:00.000000000,100057,191,100010,291,100074,189,100005,389,100079,189,99995,189,100083,100,99991,100,100091,100,99985,100,100108,100,99940,100,100152,100,99939,100,100184,100,99930,100,100193,100,99916,200,100228,100,99907,100
2019-06-28 09:40:04.850373375,100057,91,100010,291,100074,189,100005,389,100079,189,99995,189,100083,100,99991,100,100091,100,99985,100,100108,100,99940,100,100152,100,99939,100,100184,100,99930,100,100193,100,99916,200,100228,100,99907,100
2019-06-28 09:40:10.000000000,100074,234,100010,334,100079,234,100005,434,100083,100,99995,100,100091,100,99991,100,100108,100,99985,100,100152,100,99940,100,100184,100,99939,100,100193,100,99930,100,100228,100,99916,200,100487,100,99907,100
2019-06-28 09:40:16.106757497,100074,134,100010,334,100079,234,100005,434,100083,100,99995,100,100091,100,99991,100,100108,100,99985,100,100152,100,99940,100,100184,100,99939,100,100193,100,99930,100,100228,100,99916,200,100487,100,99907,100
2019-06-28 09:40:17.448904218,100074,134,100057,100,100079,234,100010,334,100083,100,100005,434,100091,100,99995,100,100108,100,99991,100,100152,100,99985,100,100184,100,99940,100,100193,100,99939,100,100228,100,99930,100,100487,100,99916,200
2019-06-28 09:40:20.000000000,100079,234,100057,234,100083,234,100010,334,100091,100,100005,300,100108,100,99995,100,100152,100,99991,100,100184,100,99985,100,100193,100,99940,100,100228,100,99939,100,100487,100,99930,100,100546,100,99916,200
2019-06-28 09:40:30.000000000,100079,167,100057,167,100083,167,100010,267,100091,167,100005,367,100108,167,99995,167,100152,100,99991,100,100184,100,99985,100,100193,100,99940,100,100228,100,99939,100,100487,100,99930,100,100546,100,99916,200
2019-06-28 09:40:31.368012329,100079,67,100057,167,100083,167,100010,267,100091,167,100005,367,100108,167,99995,167,100152,100,99991,100,100184,100,99985,100,100193,100,99939,100,100228,100,99930,100,100487,100,99916,200,100546,100,99907,100
2019-06-28 09:40:32.927793762,100079,67,100057,167,100083,167,100010,267,100091,167,100005,367,100108,167,99995,167,100152,100,99991,100,100184,100,99985,100,100193,100,99939,100,100228,100,99930,100,100476,100,99916,200,100487,100,99907,100
2019-06-28 09:40:33.021700605,100079,67,100074,100,100083,167,100057,67,100091,167,100010,267,100108,167,100005,367,100152,100,99995,167,100184,100,99991,100,100193,100,99985,100,100228,100,99939,100,100476,100,99930,100,100487,100,99916,200
2019-06-28 09:40:35.069970790,100079,67,100074,200,100083,167,100057,67,100091,167,100010,267,100108,167,100005,367,100152,100,99995,167,100184,100,99991,100,100193,100,99985,100,100228,100,99939,100,100476,100,99930,100,100487,100,99916,200
2019-06-28 09:40:40.000000000,100083,234,100074,334,100091,234,100010,334,100108,100,100005,300,100152,100,99995,100,100184,100,99991,100,100193,100,99985,100,100228,100,99939,100,100476,100,99930,100,100487,100,99916,200,100546,100,99907,100
2019-06-28 09:40:42.639469586,100083,234,100074,334,100091,234,100010,334,100108,100,100005,300,100152,100,99995,100,100184,100,99991,100,100193,100,99985,100,100228,100,99939,100,100266,100,99930,100,100476,100,99916,200,100487,100,99907,100
2019-06-28 09:40:50.000000000,100083,369,100074,469,100091,100,100010,200,100108,100,100005,300,100152,100,99995,100,100184,100,99991,100,100193,100,99985,100,100228,100,99939,100,100266,100,99930,100,100476,100,99916,200,100487,100,99907,100
2019-06-28 09:40:56.532483784,100083,269,100074,469,100091,100,100010,200,100108,100,100005,300,100152,100,99995,100,100184,100,99991,100,100193,100,99985,100,100228,100,99939,100,100266,100,99930,100,100476,100,99916,200,100487,100,99907,100
2019-06-28 09:41:00.000000000,100091,167,100074,267,100108,167,100010,267,100152,167,100005,367,100184,167,99995,167,100193,100,99991,100,100228,100,99985,100,100266,100,99939,100,100476,100,99930,100,100487,100,99916,200,100546,100,99907,100
2019-06-28 09:41:10.000000000,100091,234,100074,334,100108,234,100010,334,100152,100,100005,300,100184,100,99995,100,100193,100,99991,100,100228,100,99985,100,100266,100,99939,100,100476,100,99930,100,100487,100,99916,200,100546,100,99907,100
2019-06-28 09:41:20.000000000,100091,191,100074,291,100108,189,100010,289,100152,189,100005,389,100184,100,99995,100,100193,100,99991,100,100228,100,99985,100,100266,100,99939,100,100476,100,99930,100,100487,100,99916,200,100546,100,99907,100
2019-06-28 09:41:22.077179307,100091,191,100074,291,100108,189,100010,289,100152,189,100005,389,100184,100,99995,100,100193,100,99991,100,100228,100,99985,100,100266,100,99939,100,100476,100,99930,100,100487,100,99916,200,100546,100,99907,100
2019-06-28 09:41:23.755196567,100091,191,100074,291,100108,189,100010,289,100152,189,100005,389,100184,100,99995,100,100193,100,99991,100,100228,100,99985,100,100266,100,99939,100,100347,100,99930,100,100476,100,99916,200,100487,100,99907,100
2019-06-28 09:41:30.000000000,100091,369,100074,469,100108,100,100010,200,100152,100,100005,300,100184,100,99995,100,100193,100,99991,100,100228,100,99985,100,100266,100,99939,100,100347,100,99930,100,100476,100,99916,200,100487,100,99907,100
2019-06-28 09:41:33.001688283,100091,269,100074,469,100108,100,100010,200,100152,100,100005,300,100184,100,99995,100,100193,100,99991,100,100228,100,99985,100,100266,100,99939,100,100347,100,99930,100,100476,100,99916,100,100487,100,99907,100
2019-06-28 09:41:37.569381434,100091,169,100074,469,100108,100,100010,200,100152,100,100005,300,100184,100,99995,100,100193,100,99991,100,100228,100,99985,100,100266,100,99939,100,100347,100,99930,100,100476,100,99916,100,100487,100,99907,100
2019-06-28 09:41:40.000000000,100108,191,100074,291,100152,189,100010,289,100184,189,100005,389,100193,100,99995,100,100228,100,99991,100,100266,100,99985,100,100347,100,99939,100,100476,100,99930,100,100487,100,99916,100,100546,100,99907,100
2019-06-28 09:41:46.801265588,100108,191,100074,291,100152,89,100010,289,100184,189,100005,389,100193,100,99995,100,100228,100,99991,100,100266,100,99985,100,100347,100,99939,100,100476,100,99930,100,100487,100,99916,100,100546,100,99907,100
2019-06-28 09:41:50.000000000,100108,191,100074,291,100184,189,100010,289,100193,189,100005,389,100228,100,99995,100,100266,100,99991,100,100347,100,99985,100,100476,100,99939,100,100487,100,99930,100,100546,100,99916,100,100566,100,99907,100
2019-06-28 09:42:00.000000000,100108,154,100074,254,100184,154,100010,254,100193,154,100005,354,100228,154,99995,154,100266,154,99991,154,100347,100,99985,100,100476,100,99939,100,100487,100,99930,100,100546,100,99916,100,100566,100,99907,100
2019-06-28 09:42:03.083557285,100108,154,100091,100,100184,154,100074,254,100193,154,100010,254,100228,154,100005,354,100266,154,99995,154,100347,100,99991,154,100476,100,99985,100,100487,100,99939,100,100546,100,99930,100,100566,100,99916,100
2019-06-28 09:42:10.000000000,100108,369,100091,369,100184,100,100074,200,100193,100,100010,200,100228,100,100005,300,100266,100,99995,100,100347,100,99991,100,100476,100,99985,100,100487,100,99939,100,100546,100,99930,100,100566,100,99916,100
2019-06-28 09:42:16.566701711,100108,369,100091,369,100184,100,100074,200,100193,100,100010,200,100228,100,100005,300,100266,100,99991,100,100347,100,99985,100,100476,100,99939,100,100487,100,99930,100,100546,100,99916,100,100566,100,99907,100
2019-06-28 09:42:20.000000000,100108,369,100091,369,100184,100,100074,200,100193,100,100010,200,100228,100,100005,300,100266,100,99991,100,100347,100,99985,100,100476,100,99939,100,100487,100,99930,100,100546,100,99916,100,100566,100,99907,100
2019-06-28 09:42:30.000000000,100108,369,100091,369,100184,100,100074,200,100193,100,100010,200,100228,100,100005,300,100266,100,99991,100,100347,100,99985,100,100476,100,99939,100,100487,100,99930,100,100546,100,99916,100,100566,100,99907,100
2019-06-28 09:42:40.000000000,100108,154,100091,154,100184,154,100074,254,100193,154,100010,254,100228,154,100005,354,100266,154,99991,154,100347,100,99985,100,100476,100,99939,100,100487,100,99930,100,100546,100,99916,100,100566,100,99907,100
2019-06-28 09:42:41.311683544,100108,154,100091,154,100184,154,100074,254,100193,154,100010,254,100228,154,100005,354,100266,154,99991,154,100347,100,99985,100,100407,100,99939,100,100476,100,99930,100,100487,100,99916,100,100546,100,99907,100
2019-06-28 09:42:50.000000000,100108,369,100091,369,100184,100,100074,200,100193,100,100010,200,100228,100,100005,300,100266,100,99991,100,100347,100,99985,100,100407,100,99939,100,100476,100,99930,100,100487,100,99916,100,100546,100,99907,100
2019-06-28 09:43:00.000000000,100108,167,100091,167,100184,167,100074,267,100193,167,100010,267,100228,167,100005,367,100266,100,99991,100,100347,100,99985,100,100407,100,99939,100,100476,100,99930,100,100487,100,99916,100,100546,100,99907,100
2019-06-28 09:43:00.244667076,100108,167,100091,267,100184,167,100074,267,100193,167,100010,167,100228,167,100005,367,100266,100,99991,100,100347,100,99985,100,100407,100,99939,100,100476,100,99930,100,100487,100,99916,100,100546,100,99907,100
2019-06-28 09:43:02.607534465,100108,167,100091,267,100184,167,100074,267,100193,167,100010,167,100228,167,100005,367,100266,100,99991,100,100347,100,99985,100,100407,100,99939,100,100476,100,99930,100,100487,100,99916,100,100546,100,99907,100
2019-06-28 09:43:10.000000000,100108,191,100091,291,100184,189,100074,289,100193,189,100010,189,100228,100,100005,300,100266,100,99991,100,100347,100,99985,100,100407,100,99939,100,100476,100,99930,100,100487,100,99916,100,100546,100,99907,100
2019-06-28 09:43:10.244433148,100108,191,100091,291,100184,189,100074,289,100193,189,100010,189,100228,100,100005,300,100266,100,99991,100,100347,100,99985,100,100407,100,99939,100,100476,100,99930,100,100487,100,99916,100,100546,100,99907,100
2019-06-28 09:43:16.567552431,100108,91,100091,291,100184,189,100074,289,100193,189,100010,189,100228,100,100005,300,100266,100,99991,100,100347,100,99985,100,100407,100,99939,100,100476,100,99930,100,100546,100,99916,100,100566,100,99907,100
2019-06-28 09:43:20.000000000,100184,154,100091,254,100193,154,100074,254,100228,154,100010,154,100266,154,100005,354,100347,154,99991,154,100407,100,99985,100,100476,100,99939,100,100546,100,99930,100,100566,100,99916,100,100620,100,99907,100
2019-06-28 09:43:30.000000000,100184,167,100091,267,100193,167,100074,267,100228,167,100010,167,100266,167,100005,367,100347,100,99991,100,100407,100,99985,100,100476,100,99939,100,100546,100,99930,100,100566,100,99916,100,100620,100,99907,100
2019-06-28 09:43:33.865537489,100184,67,100091,267,100193,167,100074,267,100228,167,100010,167,100266,167,100005,367,100347,100,99991,100,100407,100,99985,100,100476,100,99939,100,100546,100,99930,100,100566,100,99916,100,100620,100,99907,100
2019-06-28 09:43:40.000000000,100193,154,100091,254,100228,154,100074,254,100266,154,100010,154,100347,154,100005,354,100407,154,99991,154,100476,100,99985,100,100546,100,99939,100,100566,100,99930,100,100620,100,99916,100,100673,100,99907,100
2019-06-28 09:43:48.450999192,100193,54,100091,254,100228,154,100074,254,100266,154,100010,154,100347,154,100005,354,100407,154,99991,154,100476,100,99985,100,100546,100,99939,100,100566,100,99930,100,100620,100,99916,100,100673,100,99907,100
2019-06-28 09:43:50.000000000,100228,154,100091,254,100266,154,100074,254,100347,154,100010,154,100407,154,100005,354,100476,154,99991,154,100546,100,99985,100,100566,100,99939,100,100620,100,99930,100,100673,100,99916,100,100698,100,99907,100
2019-06-28 09:44:00.000000000,100228,167,100091,267,100266,167,100074,267,100347,167,100010,167,100407,167,100005,367,100476,100,99991,100,100546,100,99985,100,100566,100,99939,100,100620,100,99930,100,100673,100,99916,100,100698,100,99907,100
2019-06-28 09:44:00.382965311,100228,167,100091,267,100266,167,100074,267,100347,167,100010,167,100407,167,100005,367,100476,100,99991,100,100546,100,99985,100,100566,100,99939,100,100620,100,99930,100,100673,100,99916,100,100698,100,99907,100
2019-06-28 09:44:10.000000000,100228,154,100091,254,100266,154,100074,254,100347,154,100010,154,100407,154,100005,354,100476,154,99991,154,100546,100,99985,100,100566,100,99939,100,100620,100,99930,100,100673,100,99916,100,100698,100,99907,100
2019-06-28 09:44:19.685453328,100228,54,100091,254,100266,154,100074,254,100347,154,100010,154,100407,154,100005,354,100476,154,99991,154,100546,100,99985,100,100566,100,99939,100,100620,100,99930,100,100673,100,99916,100,100698,100,99907,100
2019-06-28 09:44:20.000000000,100266,154,100091,254,100347,154,100074,254,100407,154,100010,154,100476,154,100005,354,100546,154,99991,154,100566,100,99985,100,100620,100,99939,100,100673,100,99930,100,100698,100,99916,100,100768,100,99907,100
2019-06-28 09:44:21.971123892,100266,54,100091,254,100347,154,100074,254,100407,154,100010,154,100476,154,100005,354,100546,154,99991,154,100566,100,99985,100,100620,100,99939,100,100673,100,99930,100,100698,100,99916,100,100768,100,99907,100
2019-06-28 09:44:24.143103131,100347,154,100266,46,100407,154,100091,254,100476,154,100074,254,100546,154,100010,154,100566,100,100005,354,100620,100,99991,154,100673,100,99985,100,100698,100,99939,100,100768,100,99930,100,100852,100,99916,100
2019-06-28 09:44:30.000000000,100347,154,100266,100,100407,154,100091,254,100476,154,100074,254,100546,154,100010,154,100566,154,100005,354,100620,100,99991,100,100673,100,99985,100,100698,100,99939,100,100768,100,99930,100,100852,100,99916,100
2019-06-28 09:44:40.000000000,100347,191,100266,137,100407,189,100091,289,100476,189,100074,289,100546,100,100010,100,100566,100,100005,300,100620,100,99991,100,100673,100,99985,100,100698,100,99939,100,100768,100,99930,100,100852,100,99916,100
2019-06-28 09:44:50.000000000,100347,167,100266,113,100407,167,100091,267,100476,167,100074,267,100546,167,100010,167,100566,100,100005,300,100620,100,99991,100,100673,100,99985,100,100698,100,99939,100,100768,100,99930,100,100852,100,99916,100
2019-06-28 09:45:00.000000000,100347,234,100266,180,100407,234,100091,334,100476,100,100074,200,100546,100,100010,100,100566,100,100005,300,100620,100,99991,100,100673,100,99985,100,100698,100,99939,100,100768,100,99930,100,100852,100,99916,100
2019-06-28 09:45:10.000000000,100347,369,100266,315,100407,100,100091,200,100476,100,100074,200,100546,100,100010,100,100566,100,100005,300,100620,100,99991,100,100673,100,99985,100,100698,100,99939,100,100768,100,99930,100,100852,100,99916,100
2019-06-28 09:45:15.594053843,100347,269,100266,315,100407,100,100091,200,100476,100,100074,200,100546,100,100010,100,100566,100,100005,300,100620,100,99991,100,100673,100,99985,100,100698,100,99939,100,100768,100,99930,100,100852,100,99916,100
2019-06-28 09:45:18.497885271,100347,269,100319,100,100407,100,100266,315,100476,100,100091,200,100546,100,100074,200,100566,100,100010,100,100620,100,100005,300,100673,100,99991,100,100698,100,99985,100,100768,100,99939,100,100852,100,99930,100
2019-06-28 09:45:20.000000000,100407,191,100319,191,100476,189,100266,135,100546,189,100091,289,100566,100,100074,200,100620,100,100010,100,100673,100,100005,300,100698,100,99991,100,100768,100,99985,100,100852,100,99939,100,100866,100,99930,100
2019-06-28 09:45:25.307837313,100407,191,100319,191,100476,189,100266,135,100485,100,100091,289,100546,189,100074,200,100566,100,100010,100,100620,100,100005,300,100673,100,99991,100,100698,100,99985,100,100768,100,99939,100,100852,100,99930,100
2019-06-28 09:45:30.000000000,100407,191,100319,191,100476,189,100266,135,100485,189,100091,289,100546,100,100074,200,100566,100,100010,100,100620,100,100005,300,100673,100,99991,100,100698,100,99985,100,100768,100,99939,100,100852,100,99930,100
2019-06-28 09:45:40.000000000,100407,167,100319,167,100476,167,100266,113,100485,167,100091,267,100546,167,100074,267,100566,100,100010,100,100620,100,100005,300,100673,100,99991,100,100698,100,99985,100,100768,100,99939,100,100852,100,99930,100
2019-06-28 09:45:50.000000000,100407,167,100319,167,100476,167,100266,113,100485,167,100091,267,100546,167,100074,267,100566,100,100010,100,100620,100,100005,300,100673,100,99991,100,100698,100,99985,100,100768,100,99939,100,100852,100,99930,100
2019-06-28 09:45:58.173659166,100407,167,100319,167,100476,167,100266,113,100485,167,100091,267,100546,167,100074,267,100566,100,100010,100,100620,100,100005,300,100673,100,99991,100,100698,100,99985,100,100768,100,99939,100,100852,100,99930,100
2019-06-28 09:45:59.800627717,100407,167,100319,67,100476,167,100266,113,100485,167,100091,267,100546,167,100074,267,100566,100,100010,100,100620,100,100005,300,100673,100,99991,100,100698,100,99985,100,100768,100,99939,100,100852,100,99930,100
2019-06-28 09:46:00.000000000,100407,369,100266,315,100476,100,100091,200,100485,100,100074,200,100546,100,100010,100,100566,100,100005,300,100620,100,99991,100,100673,100,99985,100,100698,100,99939,100,100768,100,99930,100,100852,100,99916,100
2019-06-28 09:46:06.891234489,100407,369,100266,315,100476,100,100091,200,100485,100,100074,200,100546,100,100010,100,100566,100,100005,300,100620,100,99991,100,100673,100,99985,100,100698,100,99939,100,100852,100,99930,100,100866,100,99916,100
2019-06-28 09:46:10.000000000,100407,167,100266,113,100476,167,100091,267,100485,167,100074,267,100546,167,100010,167,100566,100,100005,300,100620,100,99991,100,100673,100,99985,100,100698,100,99939,100,100852,100,99930,100,100866,100,99916,100
2019-06-28 09:46:11.583891769,100407,67,100266,113,100476,167,100091,267,100485,167,100074,267,100546,167,100010,167,100566,100,100005,300,100620,100,99991,100,100673,100,99985,100,100698,100,99939,100,100852,100,99930,100,100866,100,99916,100
2019-06-28 09:46:17.968657951,100476,167,100407,33,100485,167,100266,113,100546,167,100091,267,100566,100,100074,267,100620,100,100010,167,100673,100,100005,300,100698,100,99991,100,100852,100,99985,100,100866,100,99939,100,100872,100,99930,100
2019-06-28 09:46:20.000000000,100476,154,100407,87,100485,154,100266,100,100546,154,100091,254,100566,154,100074,254,100620,154,100010,154,100673,100,100005,300,100698,100,99991,100,100852,100,99985,100,100866,100,99939,100,100872,100,99930,100
2019-06-28 09:46:30.000000000,100476,154,100407,87,100485,154,100266,100,100546,154,100091,254,100566,154,100074,254,100620,154,100010,154,100673,100,100005,300,100698,100,99991,100,100852,100,99985,100,100866,100,99939,100,100872,100,99930,100
2019-06-28 09:46:40.000000000,100476,234,100407,167,100485,234,100266,180,100546,100,100091,200,100566,100,100074,200,100620,100,100010,100,100673,100,100005,300,100698,100,99991,100,100852,100,99985,100,100866,100,99939,100,100872,100,99930,100
2019-06-28 09:46:45.069883429,100476,34,100407,167,100485,234,100266,180,100546,100,100091,200,100566,100,100074,200,100620,100,100010,100,100673,100,100005,300,100698,100,99991,100,100852,100,99985,100,100866,100,99939,100,100872,100,99930,100
2019-06-28 09:46:50.000000000,100485,191,100407,124,100546,189,100266,135,100566,189,100091,289,100620,100,100074,200,100673,100,100010,100,100698,100,100005,300,100852,100,99991,100,100866,100,99985,100,100872,100,99939,100,100873,100,99930,100
2019-06-28 09:47:00.000000000,100485,369,100407,302,100546,100,100266,46,100566,100,100091,200,100620,100,100074,200,100673,100,100010,100,100698,100,100005,300,100852,100,99991,100,100866,100,99985,100,100872,100,99939,100,100873,100,99930,100
2019-06-28 09:47:10.000000000,100485,167,100407,100,100546,167,100266,113,100566,167,100091,267,100620,167,100074,267,100673,100,100010,100,100698,100,100005,300,100852,100,99991,100,100866,100,99985,100,100872,100,99939,100,100873,100,99930,100
2019-06-28 09:47:16.558568865,100485,167,100407,100,100546,167,100266,113,100566,167,100091,267,100620,167,100074,267,100673,100,100010,100,100698,100,100005,300,100852,100,99991,100,100866,100,99985,100,100872,100,99939,100,100873,100,99930,100
2019-06-28 09:47:20.000000000,100485,234,100407,167,100546,234,100266,180,100566,100,100091,200,100620,100,100074,200,100673,100,100010,100,100698,100,100005,300,100852,100,99991,100,100866,100,99985,100,100872,100,99939,100,100873,100,99930,100
2019-06-28 09:47:20.881203851,100485,234,100407,167,100546,234,100266,180,100566,100,100091,200,100620,100,100074,200,100698,100,100010,100,100852,100,100005,300,100866,100,99991,100,100872,100,99985,100,100873,100,99939,100,100931,100,99930,100
2019-06-28 09:47:30.000000000,100485,191,100407,124,100546,189,100266,135,100566,189,100091,289,100620,100,100074,200,100698,100,100010,100,100852,100,100005,300,100866,100,99991,100,100872,100,99985,100,100873,100,99939,100,100931,100,99930,100
2019-06-28 09:47:40.000000000,100485,234,100407,167,100546,234,100266,180,100566,100,100091,200,100620,100,100074,200,100698,100,100010,100,100852,100,100005,300,100866,100,99991,100,100872,100,99985,100,100873,100,99939,100,100931,100,99930,100
2019-06-28 09:47:50.000000000,100485,234,100407,167,100546,234,100266,180,100566,100,100091,200,100620,100,100074,200,100698,100,100010,100,100852,100,100005,300,100866,100,99991,100,100872,100,99985,100,100873,100,99939,100,100931,100,99930,100
2019-06-28 09:47:58.054480768,100485,234,100407,167,100546,234,100266,180,100566,100,100091,200,100620,100,100074,200,100698,100,100010,100,100852,100,100005,300,100866,100,99991,100,100872,100,99985,100,100873,100,99939,100,100931,100,99930,100
2019-06-28 09:48:00.000000000,100485,167,100407,100,100546,167,100266,113,100566,167,100091,267,100620,167,100074,267,100698,100,100010,100,100852,100,100005,300,100866,100,99991,100,100872,100,99985,100,100873,100,99939,100,100931,100,99930,100
2019-06-28 09:48:10.000000000,100485,191,100407,124,100546,189,100266,135,100566,189,100091,289,100620,100,100074,200,100698,100,100010,100,100852,100,100005,300,100866,100,99991,100,100872,100,99985,100,100873,100,99939,100,100931,100,99930,100
2019-06-28 09:48:15.164558454,100485,91,100407,124,100546,189,100266,135,100566,189,100091,289,100620,100,100074,200,100698,100,100010,100,100852,100,100005,300,100866,100,99991,100,100872,100,99985,100,100873,100,99939,100,100931,100,99930,100
2019-06-28 09:48:20.000000000,100546,167,100407,100,100566,167,100266,113,100620,167,100091,267,100698,167,100074,267,100852,100,100010,100,100866,100,100005,300,100872,100,99991,100,100873,100,99985,100,100931,100,99939,100,100965,100,99930,100
2019-06-28 09:48:30.000000000,100546,191,100407,124,100566,189,100266,135,100620,189,100091,289,100698,100,100074,200,100852,100,100010,100,100866,100,100005,300,100872,100,99991,100,100873,100,99985,100,100931,100,99939,100,100965,100,99930,100
2019-06-28 09:48:34.082910654,100546,91,100407,124,100566,189,100266,135,100620,189,100091,289,100698,100,100074,200,100852,100,100010,100,100866,100,100005,300,100872,100,99991,100,100873,100,99985,100,100931,100,99939,100,100965,100,99930,100
2019-06-28 09:48:35.738933946,100546,91,100407,124,100566,189,100266,135,100620,189,100091,289,100698,100,100074,200,100852,100,100010,100,100866,100,100005,300,100872,100,99991,100,100873,100,99985,100,100931,100,99939,100,100965,100,99930,100
2019-06-28 09:48:40.000000000,100566,154,100407,87,100620,154,100266,100,100698,154,100091,254,100852,154,100074,254,100866,154,100010,154,100872,100,100005,300,100873,100,99991,100,100931,100,99985,100,100965,100,99939,100,100968,100,99930,100
2019-06-28 09:48:44.581996127,100566,154,100407,87,100620,154,100266,100,100698,154,100091,254,100852,154,100074,254,100866,154,100010,154,100872,100,100005,300,100873,100,99991,100,100931,100,99985,100,100965,100,99939,100,100968,100,99930,100
2019-06-28 09:48:50.000000000,100566,154,100407,87,100620,154,100266,100,100698,154,100091,254,100852,154,100074,254,100866,154,100010,154,100872,100,100005,300,100873,100,99991,100,100931,100,99985,100,100965,100,99939,100,100968,100,99930,100
2019-06-28 09:48:54.065490507,100566,154,100407,87,100620,154,100266,100,100698,154,100091,254,100852,154,100074,154,100866,154,100010,154,100872,100,100005,300,100873,100,99991,100,100931,100,99985,100,100965,100,99939,100,100968,100,99930,100
2019-06-28 09:49:00.000000000,100566,154,100407,87,100620,154,100266,100,100698,154,100091,254,100852,154,100074,154,100866,154,100010,154,100872,100,100005,300,100873,100,99991,100,100931,100,99985,100,100965,100,99939,100,100968,100,99930,100
2019-06-28 09:49:10.000000000,100566,191,100407,124,100620,189,100266,135,100698,189,100091,289,100852,100,100074,100,100866,100,100010,100,100872,100,100005,300,100873,100,99991,100,100931,100,99985,100,100965,100,99939,100,100968,100,99930,100
2019-06-28 09:49:10.834910581,100566,91,100407,124,100620,189,100266,89,100698,189,100091,289,100852,100,100074,100,100866,100,100010,100,100872,100,100005,300,100873,100,99991,100,100931,100,99985,100,100965,100,99939,100,100968,100,99930,100
2019-06-28 09:49:13.298056689,100566,91,100546,100,100620,189,100407,124,100698,189,100266,89,100852,100,100091,289,100866,100,100074,100,100872,100,100010,100,100873,100,100005,300,100931,100,99985,100,100965,100,99939,100,100968,100,99930,100
2019-06-28 09:49:18.677464256,100566,91,100546,100,100620,189,100407,124,100698,189,100266,89,100852,100,100091,289,100866,100,100074,100,100872,100,100010,100,100873,100,100005,300,100931,100,99985,100,100965,100,99939,100,100968,100,99930,100
2019-06-28 09:49:19.013207094,100566,91,100546,100,100620,189,100407,124,100698,189,100266,89,100852,100,100091,289,100866,100,100074,100,100872,100,100010,100,100873,100,100005,300,100931,100,99985,100,100965,100,99939,100,100968,100,99930,100
2019-06-28 09:49:20.000000000,100620,234,100546,234,100698,234,100407,167,100852,100,100091,200,100866,100,100074,100,100872,100,100010,100,100873,100,100005,300,100931,100,99985,100,100965,100,99939,100,100968,100,99930,100,101024,100,99916,100
2019-06-28 09:49:30.000000000,100620,167,100546,167,100698,167,100407,100,100852,167,100091,267,100866,167,100074,167,100872,100,100010,100,100873,100,100005,300,100931,100,99985,100,100965,100,99939,100,100968,100,99930,100,101024,100,99916,100
2019-06-28 09:49:40.000000000,100620,191,100546,191,100698,189,100407,122,100852,189,100091,289,100866,100,100074,100,100872,100,100010,100,100873,100,100005,300,100931,100,99985,100,100965,100,99939,100,100968,100,99930,100,101024,100,99916,100
2019-06-28 09:49:50.000000000,100620,191,100546,191,100698,189,100407,122,100852,189,100091,289,100866,100,100074,100,100872,100,100010,100,100873,100,100005,300,100931,100,99985,100,100965,100,99939,100,100968,100,99930,100,101024,100,99916,100
2019-06-28 09:50:00.000000000,100620,167,100546,167,100698,167,100407,100,100852,167,100091,267,100866,167,100074,167,100872,100,100010,100,100873,100,100005,300,100931,100,99985,100,100965,100,99939,100,100968,100,99930,100,101024,100,99916,100
2019-06-28 09:50:10.000000000,100620,167,100546,167,100698,167,100407,100,100852,167,100091,267,100866,167,100074,167,100872,100,100010,100,100873,100,100005,300,100931,100,99985,100,100965,100,99939,100,100968,100,99930,100,101024,100,99916,100
2019-06-28 09:50:19.314853923,100620,67,100546,167,100698,167,100407,100,100852,167,100091,267,100866,167,100074,167,100872,100,100010,100,100931,100,100005,300,100965,100,99985,100,100968,100,99939,100,101024,100,99930,100,101057,100,99916,100
2019-06-28 09:50:20.000000000,100698,234,100546,234,100852,234,100407,167,100866,100,100091,200,100872,100,100074,100,100931,100,100010,100,100965,100,100005,300,100968,100,99985,100,101024,100,99939,100,101057,100,99930,100,101086,100,99916,100
2019-06-28 09:50:27.667308881,100565,100,100546,234,100698,234,100407,167,100852,234,100091,200,100866,100,100074,100,100872,100,100010,100,100931,100,100005,300,100965,100,99985,100,100968,100,99939,100,101024,100,99930,100,101057,100,99916,100
2019-06-28 09:50:30.000000000,100565,234,100546,234,100698,234,100407,167,100852,100,100091,200,100866,100,100074,100,100872,100,100010,100,100931,100,100005,300,100965,100,99985,100,100968,100,99939,100,101024,100,99930,100,101057,100,99916,100
2019-06-28 09:50:40.000000000,100565,154,100546,154,100698,154,100407,87,100852,154,100091,254,100866,154,100074,154,100872,154,100010,154,100931,100,100005,300,100965,100,99985,100,100968,100,99939,100,101024,100,99930,100,101057,100,99916,100
2019-06-28 09:50:50.000000000,100565,369,100546,369,100698,100,100407,33,100852,100,100091,200,100866,100,100074,100,100872,100,100010,100,100931,100,100005,300,100965,100,99985,100,100968,100,99939,100,101024,100,99930,100,101057,100,99916,100
2019-06-28 09:51:00.000000000,100565,234,100546,234,100698,234,100407,167,100852,100,100091,200,100866,100,100074,100,100872,100,100010,100,100931,100,100005,300,100965,100,99985,100,100968,100,99939,100,101024,100,99930,100,101057,100,99916,100
2019-06-28 09:51:10.000000000,100565,369,100546,369,100698,100,100407,33,100852,100,100091,200,100866,100,100074,100,100872,100,100010,100,100931,100,100005,300,100965,100,99985,100,100968,100,99939,100,101024,100,99930,100,101057,100,99916,100
2019-06-28 09:51:20.000000000,100565,167,100546,167,100698,167,100407,100,100852,167,100091,267,100866,167,100074,167,100872,100,100010,100,100931,100,100005,300,100965,100,99985,100,100968,100,99939,100,101024,100,99930,100,101057,100,99916,100
2019-06-28 09:51:21.265024967,100565,267,100546,167,100698,167,100407,100,100852,167,100091,267,100866,167,100074,167,100872,100,100010,100,100931,100,100005,300,100965,100,99985,100,100968,100,99939,100,101024,100,99930,100,101057,100,99916,100
2019-06-28 09:51:30.000000000,100565,291,100546,191,100698,189,100407,122,100852,189,100091,289,100866,100,100074,100,100872,100,100010,100,100931,100,100005,300,100965,100,99985,100,100968,100,99939,100,101024,100,99930,100,101057,100,99916,100
2019-06-28 09:51:40.000000000,100565,267,100546,167,100698,167,100407,100,100852,167,100091,267,100866,167,100074,167,100872,100,100010,100,100931,100,100005,300,100965,100,99985,100,100968,100,99939,100,101024,100,99930,100,101057,100,99916,100
2019-06-28 09:51:50.000000000,100565,291,100546,191,100698,189,100407,122,100852,189,100091,289,100866,100,100074,100,100872,100,100010,100,100931,100,100005,300,100965,100,99985,100,100968,100,99939,100,101024,100,99930,100,101057,100,99916,100
2019-06-28 09:51:54.366261629,100565,291,100546,191,100698,189,100407,122,100852,189,100091,289,100866,100,100074,100,100872,100,100010,100,100931,100,100005,300,100965,100,99985,100,100968,100,99939,100,101024,100,99930,100,101057,100,99916,100
2019-06-28 09:52:00.000000000,100565,334,100546,234,100698,234,100407,167,100852,100,100091,200,100866,100,100074,100,100872,100,100010,100,100931,100,100005,300,100965,100,99985,100,100968,100,99939,100,101024,100,99930,100,101057,100,99916,100
2019-06-28 09:52:05.647886928,100565,334,100546,234,100698,234,100407,167,100852,100,100091,200,100866,100,100074,100,100872,100,100010,100,100931,100,100005,300,100965,100,99985,100,100968,100,99939,100,101024,100,99930,100,101057,100,99916,100
2019-06-28 09:52:10.000000000,100565,291,100546,191,100698,189,100407,122,100852,189,100091,289,100866,100,100074,100,100872,100,100010,100,100931,100,100005,300,100965,100,99985,100,100968,100,99939,100,101024,100,99930,100,101057,100,99916,100
2019-06-28 09:52:20.000000000,100565,291,100546,191,100698,189,100407,122,100852,189,100091,289,100866,100,100074,100,100872,100,100010,100,100931,100,100005,300,100965,100,99985,100,100968,100,99939,100,101024,100,99930,100,101057,100,99916,100
2019-06-28 09:52:30.000000000,100565,254,100546,154,100698,154,100407,87,100852,154,100091,254,100866,154,100074,154,100872,154,100010,154,100931,100,100005,300,100965,100,99985,100,100968,100,99939,100,101024,100,99930,100,101057,100,99916,100
2019-06-28 09:52:31.068558503,100565,254,100546,54,100698,154,100407,87,100852,154,100091,254,100866,154,100074,154,100872,154,100010,154,100931,100,100005,300,100965,100,99985,100,100968,100,99939,100,101024,100,99930,100,101057,100,99916,100
2019-06-28 09:52:40.000000000,100565,254,100407,87,100698,154,100091,254,100852,154,100074,154,100866,154,100010,154,100872,154,100005,354,100931,100,99985,100,100965,100,99939,100,100968,100,99930,100,101024,100,99916,100,101057,100,99907,100
2019-06-28 09:52:42.123528516,100565,254,100407,87,100698,154,100091,254,100852,154,100074,154,100866,154,100010,154,100872,154,100005,354,100931,100,99985,100,100965,100,99939,100,100968,100,99930,100,101024,100,99916,100,101057,100,99907,100
2019-06-28 09:52:50.000000000,100565,267,100407,100,100698,167,100091,267,100852,167,100074,167,100866,167,100010,167,100872,100,100005,300,100931,100,99985,100,100965,100,99939,100,100968,100,99930,100,101024,100,99916,100,101057,100,99907,100
2019-06-28 09:53:00.000000000,100565,291,100407,124,100698,189,100091,289,100852,189,100074,189,100866,100,100010,100,100872,100,100005,300,100931,100,99985,100,100965,100,99939,100,100968,100,99930,100,101024,100,99916,100,101057,100,99907,100
2019-06-28 09:53:10.000000000,100565,254,100407,87,100698,154,100091,254,100852,154,100074,154,100866,154,100010,154,100872,154,100005,354,100931,100,99985,100,100965,100,99939,100,100968,100,99930,100,101024,100,99916,100,101057,100,99907,100
2019-06-28 09:53:20.000000000,100565,291,100407,124,100698,189,100091,289,100852,189,100074,189,100866,100,100010,100,100872,100,100005,300,100931,100,99985,100,100965,100,99939,100,100968,100,99930,100,101024,100,99916,100,101057,100,99907,100
2019-06-28 09:53:21.557874912,100565,291,100407,24,100698,189,100091,289,100852,189,100074,189,100866,100,100010,100,100872,100,100005,300,100931,100,99985,100,100965,100,99939,100,100968,100,99930,100,101024,100,99916,100,101057,100,99907,100
2019-06-28 09:53:30.000000000,100565,267,100091,267,100698,167,100074,167,100852,167,100010,167,100866,167,100005,367,100872,100,99985,100,100931,100,99939,100,100965,100,99930,100,100968,100,99916,100,101024,100,99907,100,101057,100,99883,200
2019-06-28 09:53:40.000000000,100565,291,100091,291,100698,189,100074,189,100852,189,100010,189,100866,100,100005,300,100872,100,99985,100,100931,100,99939,100,100965,100,99930,100,100968,100,99916,100,101024,100,99907,100,101057,100,99883,200
2019-06-28 09:53:40.474545329,100565,291,100091,291,100698,189,100074,189,100852,189,100010,89,100866,100,100005,300,100872,100,99985,100,100931,100,99939,100,100965,100,99930,100,100968,100,99916,100,101024,100,99907,100,101057,100,99883,200
2019-06-28 09:53:50.000000000,100565,267,100091,267,100698,167,100074,167,100852,167,100005,367,100866,167,99985,167,100872,100,99939,100,100931,100,99930,100,100965,100,99916,100,100968,100,99907,100,101024,100,99883,200,101057,100,99881,100
2019-06-28 09:53:56.940793251,100565,267,100091,267,100698,167,100074,167,100852,167,100005,367,100866,167,99985,167,100872,100,99939,100,100931,100,99930,100,100965,100,99916,100,100968,100,99907,100,101024,100,99883,200,101057,100,99881,100
2019-06-28 09:54:00.000000000,100565,334,100091,334,100698,234,100074,234,100852,100,100005,300,100866,100,99985,100,100872,100,99939,100,100931,100,99930,100,100965,100,99916,100,100968,100,99907,100,101024,100,99883,200,101057,100,99881,100
2019-06-28 09:54:10.000000000,100565,334,100091,334,100698,234,100074,234,100852,100,100005,300,100866,100,99985,100,100872,100,99939,100,100931,100,99930,100,100965,100,99916,100,100968,100,99907,100,101024,100,99883,200,101057,100,99881,100
2019-06-28 09:54:20.000000000,100565,334,100091,334,100698,234,100074,234,100852,100,100005,300,100866,100,99985,100,100872,100,99939,100,100931,100,99930,100,100965,100,99916,100,100968,100,99907,100,101024,100,99883,200,101057,100,99881,100
2019-06-28 09:54:30.000000000,100565,267,100091,267,100698,167,100074,167,100852,167,100005,367,100866,167,99985,167,100872,100,99939,100,100931,100,99930,100,100965,100,99916,100,100968,100,99907,100,101024,100,99883,200,101057,100,99881,100
2019-06-28 09:54:40.000000000,100565,334,100091,334,100698,234,100074,234,100852,100,100005,300,100866,100,99985,100,100872,100,99939,100,100931,100,99930,100,100965,100,99916,100,100968,100,99907,100,101024,100,99883,200,101057,100,99881,100
2019-06-28 09:54:45.994890413,100546,100,100091,334,100565,234,100074,234,100698,234,100005,300,100852,100,99985,100,100866,100,99939,100,100872,100,99930,100,100931,100,99916,100,100965,100,99907,100,100968,100,99883,200,101024,100,99881,100
2019-06-28 09:54:50.000000000,100546,167,100091,267,100565,167,100074,167,100698,167,100005,367,100852,167,99985,167,100866,100,99939,100,100872,100,99930,100,100931,100,99916,100,100965,100,99907,100,100968,100,99883,200,101024,100,99881,100
2019-06-28 09:55:00.000000000,100546,369,100091,469,100565,100,100074,100,100698,100,100005,300,100852,100,99985,100,100866,100,99939,100,100872,100,99930,100,100931,100,99916,100,100965,100,99907,100,100968,100,99883,200,101024,100,99881,100
2019-06-28 09:55:01.088968260,100546,369,100091,369,100565,100,100074,100,100698,100,100005,300,100852,100,99985,100,100866,100,99939,100,100872,100,99930,100,100931,100,99916,100,100965,100,99907,100,100968,100,99883,200,101024,100,99881,100
2019-06-28 09:55:09.362983463,100546,369,100091,269,100565,100,100074,100,100698,100,100005,300,100852,100,99985,100,100866,100,99939,100,100872,100,99930,100,100931,100,99916,100,100965,100,99907,100,100968,100,99883,100,101024,100,99881,100
2019-06-28 09:55:10.000000000,100546,191,100074,191,100565,189,100005,389,100698,189,99985,189,100852,100,99939,100,100866,100,99930,100,100872,100,99916,100,100931,100,99907,100,100965,100,99883,100,100968,100,99881,100,101024,100,99880,100
2019-06-28 09:55:10.772058855,100091,100,100074,191,100546,191,100005,389,100565,189,99985,189,100698,189,99939,100,100852,100,99930,100,100866,100,99916,100,100872,100,99907,100,100931,100,99883,100,100965,100,99881,100,100968,100,99880,100
2019-06-28 09:55:16.749409576,100091,100,100074,91,100546,191,100005,389,100565,189,99985,189,100698,189,99939,100,100852,100,99930,100,100866,100,99916,100,100872,100,99907,100,100931,100,99883,100,100965,100,99881,100,100968,100,99880,100
2019-06-28 09:55:20.000000000,100091,191,100005,391,100546,189,99985,189,100565,189,99939,189,100698,100,99930,100,100852,100,99916,100,100866,100,99907,100,100872,100,99883,100,100931,100,99881,100,100965,100,99880,100,100968,100,99827,100
2019-06-28 09:55:30.000000000,100091,234,100005,434,100546,234,99985,234,100565,100,99939,100,100698,100,99930,100,100852,100,99916,100,100866,100,99907,100,100872,100,99883,100,100931,100,99881,100,100965,100,99880,100,100968,100,99827,100
2019-06-28 09:55:30.636545196,100090,100,100005,434,100091,234,99985,234,100546,234,99939,100,100565,100,99930,100,100698,100,99916,100,100852,100,99907,100,100866,100,99883,100,100872,100,99881,100,100931,100,99880,100,100965,100,99827,100
2019-06-28 09:55:40.000000000,100090,167,100005,367,100091,167,99985,167,100546,167,99939,167,100565,167,99930,167,100698,100,99916,100,100852,100,99907,100,100866,100,99883,100,100872,100,99881,100,100931,100,99880,100,100965,100,99827,100
2019-06-28 09:55:42.621268120,100090,167,100005,267,100091,167,99985,167,100546,167,99939,167,100565,167,99930,167,100698,100,99916,100,100852,100,99907,100,100866,100,99883,100,100872,100,99881,100,100931,100,99880,100,100965,100,99827,100
2019-06-28 09:55:46.062412454,100090,167,100005,267,100091,167,99985,167,100546,167,99939,167,100565,167,99930,167,100698,100,99916,100,100852,100,99907,100,100866,100,99883,100,100872,100,99881,100,100931,100,99880,100,100965,100,99827,100
2019-06-28 09:55:46.590084488,100090,167,100005,267,100091,167,99985,167,100546,167,99939,167,100565,167,99930,167,100698,100,99916,100,100852,100,99907,100,100866,100,99883,100,100872,100,99881,100,100931,100,99880,100,100965,100,99827,100
2019-06-28 09:55:50.000000000,100090,167,100005,267,100091,167,99985,167,100546,167,99939,167,100565,167,99930,167,100698,100,99916,100,100852,100,99907,100,100866,100,99883,100,100872,100,99881,100,100931,100,99880,100,100965,100,99827,100
2019-06-28 09:56:00.000000000,100090,234,100005,334,100091,234,99985,234,100546,100,99939,100,100565,100,99930,100,100698,100,99916,100,100852,100,99907,100,100866,100,99883,100,100872,100,99881,100,100931,100,99880,100,100965,100,99827,100
2019-06-28 09:56:10.000000000,100090,167,100005,267,100091,167,99985,167,100546,167,99939,167,100565,167,99930,167,100698,100,99916,100,100852,100,99907,100,100866,100,99883,100,100872,100,99881,100,100931,100,99880,100,100965,100,99827,100
2019-06-28 09:56:20.000000000,100090,154,100005,254,100091,154,99985,154,100546,154,99939,154,100565,154,99930,154,100698,154,99916,154,100852,100,99907,100,100866,100,99883,100,100872,100,99881,100,100931,100,99880,100,100965,100,99827,100
2019-06-28 09:56:29.803906084,100090,154,100005,154,100091,154,99985,154,100546,154,99939,154,100565,154,99930,154,100698,154,99916,154,100852,100,99907,100,100866,100,99883,100,100872,100,99881,100,100931,100,99880,100,100965,100,99827,100
2019-06-28 09:56:30.000000000,100090,191,100005,191,100091,189,99985,189,100546,189,99939,189,100565,100,99930,100,100698,100,99916,100,100852,100,99907,100,100866,100,99883,100,100872,100,99881,100,100931,100,99880,100,100965,100,99827,100
2019-06-28 09:56:40.000000000,100090,167,100005,167,100091,167,99985,167,100546,167,99939,167,100565,167,99930,167,100698,100,99916,100,100852,100,99907,100,100866,100,99883,100,100872,100,99881,100,100931,100,99880,100,100965,100,99827,100
2019-06-28 09:56:50.000000000,100090,234,100005,234,100091,234,99985,234,100546,100,99939,100,100565,100,99930,100,100698,100,99916,100,100852,100,99907,100,100866,100,99883,100,100872,100,99881,100,100931,100,99880,100,100965,100,99827,100
2019-06-28 09:56:52.711121512,100090,234,100005,234,100091,234,99985,234,100546,100,99939,100,100565,100,99930,100,100698,100,99916,100,100852,100,99907,100,100866,100,99883,100,100872,100,99881,100,100931,100,99880,100,100965,100,99827,100
2019-06-28 09:57:00.000000000,100090,154,100005,154,100091,154,99985,154,100546,154,99939,154,100565,154,99930,154,100698,154,99916,154,100852,100,99907,100,100866,100,99883,100,100872,100,99881,100,100931,100,99880,100,100965,100,99827,100
2019-06-28 09:57:10.000000000,100090,154,100005,154,100091,154,99985,154,100546,154,99939,154,100565,154,99930,154,100698,154,99916,154,100852,100,99907,100,100866,100,99883,100,100872,100,99881,100,100931,100,99880,100,100965,100,99827,100
2019-06-28 09:57:20.000000000,100090,369,100005,369,100091,100,99985,100,100546,100,99939,100,100565,100,99930,100,100698,100,99916,100,100852,100,99907,100,100866,100,99883,100,100872,100,99881,100,100931,100,99880,100,100965,100,99827,100
2019-06-28 09:57:22.463092041,100090,369,100005,369,100091,100,99985,100,100546,100,99939,100,100565,100,99930,100,100698,100,99907,100,100852,100,99883,100,100866,100,99881,100,100872,100,99880,100,100931,100,99827,100,100965,100,99735,100
2019-06-28 09:57:30.000000000,100090,154,100005,154,100091,154,99985,154,100546,154,99939,154,100565,154,99930,154,100698,154,99907,154,100852,100,99883,100,100866,100,99881,100,100872,100,99880,100,100931,100,99827,100,100965,100,99735,100
2019-06-28 09:57:40.000000000,100090,234,100005,234,100091,234,99985,234,100546,100,99939,100,100565,100,99930,100,100698,100,99907,100,100852,100,99883,100,100866,100,99881,100,100872,100,99880,100,100931,100,99827,100,100965,100,99735,100
2019-06-28 09:57:49.913263312,100090,234,100005,134,100091,234,99985,234,100546,100,99939,100,100565,100,99930,100,100698,100,99907,100,100852,100,99881,100,100866,100,99880,100,100872,100,99827,100,100931,100,99735,100,100965,100,99626,100
2019-06-28 09:57:50.000000000,100090,167,99985,167,100091,167,99939,167,100546,167,99930,167,100565,167,99907,167,100698,100,99881,100,100852,100,99880,100,100866,100,99827,100,100872,100,99735,100,100931,100,99626,100,100965,100,99554,100
2019-06-28 09:58:00.000000000,100090,167,99985,167,100091,167,99939,167,100546,167,99930,167,100565,167,99907,167,100698,100,99881,100,100852,100,99880,100,100866,100,99827,100,100872,100,99735,100,100931,100,99626,100,100965,100,99554,100
2019-06-28 09:58:01.625206641,100090,167,99985,67,100091,167,99939,167,100546,167,99930,167,100565,167,99907,167,100698,100,99881,100,100852,100,99880,100,100866,100,99827,100,100872,100,99735,100,100931,100,99626,100,100965,100,99554,100
2019-06-28 09:58:10.000000000,100090,369,99939,369,100091,100,99930,100,100546,100,99907,100,100565,100,99881,100,100698,100,99880,100,100852,100,99827,100,100866,100,99735,100,100872,100,99626,100,100931,100,99554,100,100965,100,99373,100
2019-06-28 09:58:12.156423060,100005,100,99939,369,100090,369,99930,100,100091,100,99907,100,100546,100,99881,100,100565,100,99880,100,100698,100,99827,100,100852,100,99735,100,100866,100,99626,100,100872,100,99554,100,100931,100,99373,100
2019-06-28 09:58:14.807517701,100005,100,99939,269,100090,369,99930,100,100091,100,99907,100,100546,100,99881,100,100565,100,99880,100,100698,100,99827,100,100852,100,99735,100,100866,100,99554,100,100872,100,99373,100,100931,100,99084,100
2019-06-28 09:58:17.418822751,100005,100,99939,169,100090,369,99930,100,100091,100,99907,100,100546,100,99881,100,100565,100,99880,100,100698,100,99827,100,100852,100,99735,100,100866,100,99554,100,100872,100,99373,100,100931,100,99084,100
2019-06-28 09:58:20.000000000,100005,369,99930,369,100090,100,99907,100,100091,100,99881,100,100546,100,99880,100,100565,100,99827,100,100698,100,99735,100,100852,100,99554,100,100866,100,99373,100,100872,100,99084,100,100931,100,98998,100
2019-06-28 09:58:24.846760873,100005,369,99930,269,100090,100,99907,100,100091,100,99881,100,100546,100,99880,100,100565,100,99827,100,100698,100,99735,100,100852,100,99554,100,100866,100,99373,100,100872,100,99084,100,100931,100,98851,100
2019-06-28 09:58:30.000000000,100005,191,99907,191,100090,189,99881,189,100091,189,99880,189,100546,100,99827,100,100565,100,99735,100,100698,100,99554,100,100852,100,99373,100,100866,100,99084,100,100872,100,98851,100,100931,100,,
2019-06-28 09:58:33.880349386,100005,191,99907,191,100090,189,99881,189,100091,89,99880,189,100546,100,99827,100,100565,100,99735,100,100698,100,99554,100,100852,100,99373,100,100866,100,99084,100,100872,100,98851,100,100931,100,,
2019-06-28 09:58:35.253464630,100005,191,99907,191,100090,189,99881,189,100091,89,99880,189,100546,100,99735,100,100565,100,99554,100,100698,100,99373,100,100852,100,99190,100,100866,100,99084,100,100872,100,98851,100,100931,100,,
2019-06-28 09:58:39.278091745,100005,191,99907,91,100090,189,99881,189,100091,89,99880,189,100546,100,99735,100,100565,100,99554,100,100698,100,99373,100,100852,100,99190,100,100866,100,99084,100,100872,100,98851,100,100931,100,,
2019-06-28 09:58:40.000000000,100005,234,99881,234,100090,234,99880,234,100546,100,99735,100,100565,100,99554,100,100698,100,99373,100,100852,100,99190,100,100866,100,99084,100,100872,100,98851,100,100931,100,,,100965,100,,
2019-06-28 09:58:50.000000000,100005,154,99881,154,100090,154,99880,154,100546,154,99735,154,100565,154,99554,154,100698,154,99373,154,100852,100,99190,100,100866,100,99084,100,100872,100,98851,100,100931,100,,,100965,100,,
2019-06-28 09:59:00.000000000,100005,369,99881,369,100090,100,99880,100,100546,100,99735,100,100565,100,99554,100,100698,100,99373,100,100852,100,99190,100,100866,100,99084,100,100872,100,98851,100,100931,100,,,100965,100,,
2019-06-28 09:59:08.353301628,100005,369,99881,369,100090,100,99880,100,100546,100,99864,100,100565,100,99735,100,100698,100,99554,100,100852,100,99373,100,100866,100,99190,100,100872,100,99084,100,100931,100,98851,100,100965,100,,
2019-06-28 09:59:09.979157166,100005,369,99881,369,100023,100,99880,100,100090,100,99864,100,100546,100,99735,100,100565,100,99554,100,100698,100,99373,100,100852,100,99190,100,100866,100,99084,100,100931,100,98851,100,100965,100,,
2019-06-28 09:59:10.000000000,100005,167,99881,167,100023,167,99880,167,100090,167,99864,167,100546,167,99735,167,100565,100,99554,100,100698,100,99373,100,100852,100,99190,100,100866,100,99084,100,100931,100,98851,100,100965,100,,
2019-06-28 09:59:13.533294308,99917,100,99881,167,100005,167,99880,167,100023,67,99864,167,100090,167,99735,167,100546,167,99554,100,100565,100,99373,100,100698,100,99190,100,100852,100,99084,100,100866,100,98851,100,100931,100,,
2019-06-28 09:59:20.000000000,99917,369,99881,369,100005,100,99880,100,100090,100,99864,100,100546,100,99735,100,100565,100,99554,100,100698,100,99373,100,100852,100,99190,100,100866,100,99084,100,100931,100,98851,100,100965,100,,
2019-06-28 09:59:24.450616554,99917,369,99907,100,100090,100,99881,369,100546,100,99880,100,100565,100,99864,100,100698,100,99735,100,100852,100,99554,100,100866,100,99373,100,100931,100,99190,100,100965,100,99084,100,100968,100,98851,100
2019-06-28 09:59:28.078200173,99917,369,99907,100,100058,100,99881,369,100090,100,99880,100,100546,100,99864,100,100565,100,99735,100,100698,100,99554,100,100852,100,99373,100,100866,100,99190,100,100931,100,99084,100,100965,100,98851,100
2019-06-28 09:59:30.000000000,99917,234,99907,234,100058,234,99881,234,100090,100,99880,100,100546,100,99864,100,100565,100,99735,100,100698,100,99554,100,100852,100,99373,100,100866,100,99190,100,100931,100,99084,100,100965,100,98851,100
2019-06-28 09:59:40.000000000,99917,234,99907,234,100058,234,99881,234,100090,100,99880,100,100546,100,99864,100,100565,100,99735,100,100698,100,99554,100,100852,100,99373,100,100866,100,99190,100,100931,100,99084,100,100965,100,98851,100
2019-06-28 09:59:50.000000000,99917,167,99907,167,100058,167,99881,167,100090,167,99880,167,100546,167,99864,167,100565,100,99735,100,100698,100,99554,100,100852,100,99373,100,100866,100,99190,100,100931,100,99084,100,100965,100,98851,100
2019-06-28 09:59:53.251002429,99917,167,99907,167,100058,167,99881,167,100090,167,99880,167,100546,167,99864,167,100565,100,99830,100,100698,100,99554,100,100852,100,99373,100,100866,100,99190,100,100931,100,99084,100,100965,100,98851,100
2019-06-28 10:00:00.000000000,99917,154,99907,154,100058,154,99881,154,100090,154,99880,154,100546,154,99864,154,100565,154,99830,154,100698,100,99554,100,100852,100,99373,100,100866,100,99190,100,100931,100,99084,100,100965,100,98851,100
2019-06-28 10:00:10.000000000,99917,369,99907,369,100058,100,99881,100,100090,100,99880,100,100546,100,99864,100,100565,100,99830,100,100698,100,99554,100,100852,100,99373,100,100866,100,99190,100,100931,100,99084,100,100965,100,98851,100
2019-06-28 10:00:20.000000000,99917,369,99907,369,100058,100,99881,100,100090,100,99880,100,100546,100,99864,100,100565,100,99830,100,100698,100,99554,100,100852,100,99373,100,100866,100,99190,100,100931,100,99084,100,100965,100,98851,100
2019-06-28 10:00:26.391661149,99917,369,99907,369,100058,100,99881,100,100090,100,99880,100,100546,100,99864,100,100565,100,99830,100,100698,100,99703,100,100852,100,99554,100,100866,100,99373,100,100931,100,99190,100,100965,100,99084,100
2019-06-28 10:00:30.000000000,99917,167,99907,167,100058,167,99881,167,100090,167,99880,167,100546,167,99864,167,100565,100,99830,100,100698,100,99703,100,100852,100,99554,100,100866,100,99373,100,100931,100,99190,100,100965,100,99084,100
2019-06-28 10:00:40.000000000,99917,369,99907,369,100058,100,99881,100,100090,100,99880,100,100546,100,99864,100,100565,100,99830,100,100698,100,99703,100,100852,100,99554,100,100866,100,99373,100,100931,100,99190,100,100965,100,99084,100
2019-06-28 10:00:41.418134598,99917,369,99907,369,99930,100,99881,100,100058,100,99880,100,100090,100,99864,100,100546,100,99830,100,100565,100,99703,100,100698,100,99554,100,100852,100,99373,100,100866,100,99190,100,100931,100,99084,100
2019-06-28 10:00:46.777556174,99917,369,99907,369,99930,200,99881,100,100058,100,99880,100,100090,100,99864,100,100546,100,99830,100,100565,100,99703,100,100698,100,99554,100,100852,100,99373,100,100866,100,99190,100,100931,100,99084,100
2019-06-28 10:00:50.000000000,99917,191,99907,191,99930,289,99881,189,100058,189,99880,189,100090,100,99864,100,100546,100,99830,100,100565,100,99703,100,100698,100,99554,100,100852,100,99373,100,100866,100,99190,100,100931,100,99084,100
2019-06-28 10:01:00.000000000,99917,167,99907,167,99930,267,99881,167,100058,167,99880,167,100090,167,99864,167,100546,100,99830,100,100565,100,99703,100,100698,100,99554,100,100852,100,99373,100,100866,100,99190,100,100931,100,99084,100
2019-06-28 10:01:04.979559190,99917,167,99907,167,99930,267,99881,167,100058,167,99880,167,100090,167,99864,167,100546,100,99830,100,100565,100,99703,100,100698,100,99554,100,100852,100,99448,100,100866,100,99373,100,100931,100,99190,100
2019-06-28 10:01:07.715279435,99917,167,99907,167,99930,267,99881,167,100058,167,99880,167,100090,167,99864,167,100546,100,99830,100,100565,100,99703,100,100698,100,99554,100,100852,100,99448,100,100866,100,99373,100,100931,100,99306,100
2019-06-28 10:01:10.000000000,99917,191,99907,191,99930,289,99881,189,100058,189,99880,189,100090,100,99864,100,100546,100,99830,100,100565,100,99703,100,100698,100,99554,100,100852,100,99448,100,100866,100,99373,100,100931,100,99306,100
2019-06-28 10:01:20.000000000,99917,234,99907,234,99930,334,99881,234,100058,100,99880,100,100090,100,99864,100,100546,100,99830,100,100565,100,99703,100,100698,100,99554,100,100852,100,99448,100,100866,100,99373,100,100931,100,99306,100
2019-06-28 10:01:27.031154884,99917,234,99907,234,99930,334,99881,234,100058,100,99880,100,100090,100,99864,100,100546,100,99830,100,100565,100,99703,100,100698,100,99677,100,100852,100,99554,100,100866,100,99373,100,100931,100,99306,100
2019-06-28 10:01:27.306559073,99917,234,99907,234,99930,434,99881,234,100058,100,99880,100,100090,100,99864,100,100546,100,99830,100,100565,100,99703,100,100698,100,99677,100,100852,100,99554,100,100866,100,99373,100,100931,100,99306,100
2019-06-28 10:01:30.000000000,99917,369,99907,369,99930,300,99881,100,100058,100,99880,100,100090,100,99864,100,100546,100,99830,100,100565,100,99703,100,100698,100,99677,100,100852,100,99554,100,100866,100,99373,100,100931,100,99306,100
2019-06-28 10:01:30.015314543,99917,369,99907,369,99930,200,99881,100,100058,100,99880,100,100090,100,99864,100,100546,100,99830,100,100565,100,99703,100,100698,100,99677,100,100852,100,99554,100,100866,100,99373,100,100931,100,99306,100
2019-06-28 10:01:32.319181837,99917,369,99907,369,99930,200,99881,100,100058,100,99880,100,100090,100,99864,100,100546,100,99830,100,100565,100,99703,100,100698,100,99677,100,100852,100,99645,100,100866,100,99554,100,100931,100,99373,100
2019-06-28 10:01:40.000000000,99917,234,99907,234,99930,334,99881,234,100058,100,99880,100,100090,100,99864,100,100546,100,99830,100,100565,100,99703,100,100698,100,99677,100,100852,100,99645,100,100866,100,99554,100,100931,100,99373,100
2019-06-28 10:01:50.000000000,99917,167,99907,167,99930,267,99881,167,100058,167,99880,167,100090,167,99864,167,100546,100,99830,100,100565,100,99703,100,100698,100,99677,100,100852,100,99645,100,100866,100,99554,100,100931,100,99373,100
2019-06-28 10:01:53.369446176,99917,167,99907,167,99926,100,99881,167,99930,267,99880,167,100058,167,99864,167,100090,167,99830,100,100546,100,99703,100,100565,100,99677,100,100698,100,99645,100,100852,100,99554,100,100866,100,99373,100
2019-06-28 10:01:59.477410793,99917,167,99907,167,99926,100,99881,167,99930,367,99880,167,100058,167,99864,167,100090,167,99830,100,100546,100,99703,100,100565,100,99677,100,100698,100,99645,100,100852,100,99554,100,100866,100,99373,100
2019-06-28 10:02:00.000000000,99917,154,99907,154,99926,154,99881,154,99930,354,99880,154,100058,154,99864,154,100090,154,99830,154,100546,100,99703,100,100565,100,99677,100,100698,100,99645,100,100852,100,99554,100,100866,100,99373,100
2019-06-28 10:02:10.000000000,99917,154,99907,154,99926,154,99881,154,99930,354,99880,154,100058,154,99864,154,100090,154,99830,154,100546,100,99703,100,100565,100,99677,100,100698,100,99645,100,100852,100,99554,100,100866,100,99373,100
2019-06-28 10:02:16.542355174,99917,154,99907,154,99926,154,99881,154,99930,454,99880,154,100058,154,99864,154,100090,154,99830,154,100546,100,99703,100,100565,100,99677,100,100698,100,99645,100,100852,100,99554,100,100866,100,99373,100
2019-06-28 10:02:20.000000000,99917,234,99907,234,99926,234,99881,234,99930,400,99880,100,100058,100,99864,100,100090,100,99830,100,100546,100,99703,100,100565,100,99677,100,100698,100,99645,100,100852,100,99554,100,100866,100,99373,100
2019-06-28 10:02:26.921531807,99917,234,99907,134,99926,234,99881,234,99930,400,99880,100,100058,100,99864,100,100090,100,99830,100,100546,100,99703,100,100565,100,99677,100,100698,100,99645,100,100852,100,99554,100,100866,100,99373,100
2019-06-28 10:02:30.000000000,99917,191,99881,191,99926,189,99880,189,99930,489,99864,189,100058,100,99830,100,100090,100,99703,100,100546,100,99677,100,100565,100,99645,100,100698,100,99554,100,100852,100,99373,100,100866,100,99306,100
2019-06-28 10:02:35.092782173,99917,191,99881,91,99926,189,99880,189,99930,489,99864,189,100058,100,99830,100,100090,100,99703,100,100546,100,99677,100,100565,100,99645,100,100698,100,99554,100,100852,100,99373,100,100866,100,99306,100
2019-06-28 10:02:40.000000000,99917,369,99880,369,99926,100,99864,100,99930,400,99830,100,100058,100,99703,100,100090,100,99677,100,100546,100,99645,100,100565,100,99554,100,100698,100,99373,100,100852,100,99306,100,100866,100,99190,100
2019-06-28 10:02:50.000000000,99917,154,99880,154,99926,154,99864,154,99930,454,99830,154,100058,154,99703,154,100090,154,99677,154,100546,100,99645,100,100565,100,99554,100,100698,100,99373,100,100852,100,99306,100,100866,100,99190,100
2019-06-28 10:03:00.000000000,99917,234,99880,234,99926,234,99864,234,99930,400,99830,100,100058,100,99703,100,100090,100,99677,100,100546,100,99645,100,100565,100,99554,100,100698,100,99373,100,100852,100,99306,100,100866,100,99190,100
2019-06-28 10:03:01.978569936,99917,234,99880,234,99926,234,99864,234,99930,400,99830,100,99933,100,99703,100,100058,100,99677,100,100090,100,99645,100,100546,100,99554,100,100565,100,99373,100,100698,100,99306,100,100852,100,99190,100
2019-06-28 10:03:10.000000000,99917,234,99880,234,99926,234,99864,234,99930,400,99830,100,99933,100,99703,100,100058,100,99677,100,100090,100,99645,100,100546,100,99554,100,100565,100,99373,100,100698,100,99306,100,100852,100,99190,100
2019-06-28 10:03:13.110251262,99907,100,99880,234,99917,234,99864,234,99926,234,99830,100,99930,400,99703,100,99933,100,99677,100,100058,100,99645,100,100090,100,99554,100,100546,100,99373,100,100698,100,99306,100,100852,100,99190,100
2019-06-28 10:03:20.000000000,99907,167,99880,167,99917,167,99864,167,99926,167,99830,167,99930,467,99703,167,99933,100,99677,100,100058,100,99645,100,100090,100,99554,100,100546,100,99373,100,100698,100,99306,100,100852,100,99190,100
2019-06-28 10:03:20.345621104,99907,167,99880,67,99917,167,99864,167,99926,167,99830,167,99930,467,99703,167,99933,100,99677,100,100058,100,99645,100,100090,100,99554,100,100546,100,99373,100,100698,100,99306,100,100852,100,99190,100
2019-06-28 10:03:20.754731663,99907,167,99880,67,99917,167,99864,167,99926,167,99830,167,99930,467,99703,167,99933,100,99677,100,100058,100,99645,100,100090,100,99554,100,100546,100,99452,100,100698,100,99373,100,100852,100,99190,100
2019-06-28 10:03:30.000000000,99907,369,99864,369,99917,100,99830,100,99926,100,99703,100,99930,400,99677,100,99933,100,99645,100,100058,100,99554,100,100090,100,99452,100,100546,100,99373,100,100698,100,99190,100,100852,100,99084,100
2019-06-28 10:03:40.000000000,99907,191,99864,191,99917,189,99830,189,99926,189,99703,189,99930,400,99677,100,99933,100,99645,100,100058,100,99554,100,100090,100,99452,100,100546,100,99373,100,100698,100,99190,100,100852,100,99084,100
2019-06-28 10:03:50.000000000,99907,191,99864,191,99917,189,99830,189,99926,189,99703,189,99930,400,99677,100,99933,100,99645,100,100058,100,99554,100,100090,100,99452,100,100546,100,99373,100,100698,100,99190,100,100852,100,99084,100
2019-06-28 10:03:54.860001201,99907,91,99864,191,99917,189,99830,189,99926,189,99703,189,99930,400,99677,100,99933,100,99645,100,100058,100,99554,100,100090,100,99452,100,100546,100,99373,100,100698,100,99190,100,100852,100,99084,100
2019-06-28 10:04:00.000000000,99917,154,99864,154,99926,154,99830,154,99930,454,99703,154,99933,154,99677,154,100058,154,99645,154,100090,100,99554,100,100546,100,99452,100,100698,100,99373,100,100852,100,99190,100,100866,100,99084,100
2019-06-28 10:04:10.000000000,99917,191,99864,191,99926,189,99830,189,99930,489,99703,189,99933,100,99677,100,100058,100,99645,100,100090,100,99554,100,100546,100,99452,100,100698,100,99373,100,100852,100,99190,100,100866,100,99084,100
2019-06-28 10:04:20.000000000,99917,234,99864,234,99926,234,99830,234,99930,400,99703,100,99933,100,99677,100,100058,100,99645,100,100090,100,99554,100,100546,100,99452,100,100698,100,99373,100,100852,100,99190,100,100866,100,99084,100
2019-06-28 10:04:26.958330054,99917,234,99864,234,99926,234,99830,234,99930,400,99703,100,99933,100,99677,100,100058,100,99645,100,100090,100,99554,100,100546,100,99452,100,100698,100,99373,100,100852,100,99190,100,100866,100,99084,100
2019-06-28 10:04:30.000000000,99917,191,99864,191,99926,189,99830,189,99930,489,99703,189,99933,100,99677,100,100058,100,99645,100,100090,100,99554,100,100546,100,99452,100,100698,100,99373,100,100852,100,99190,100,100866,100,99084,100
2019-06-28 10:04:40.000000000,99917,369,99864,369,99926,100,99830,100,99930,400,99703,100,99933,100,99677,100,100058,100,99645,100,100090,100,99554,100,100546,100,99452,100,100698,100,99373,100,100852,100,99190,100,100866,100,99084,100
2019-06-28 10:04:40.845934299,99917,369,99864,269,99926,100,99830,100,99930,400,99703,100,99933,100,99677,100,100058,100,99645,100,100090,100,99554,100,100546,100,99452,100,100698,100,99373,100,100866,100,99190,100,100931,100,99084,100
2019-06-28 10:04:50.000000000,99917,369,99830,369,99926,100,99703,100,99930,400,99677,100,99933,100,99645,100,100058,100,99554,100,100090,100,99452,100,100546,100,99373,100,100698,100,99190,100,100866,100,99084,100,100931,100,99028,100
2019-06-28 10:05:00.000000000,99917,167,99830,167,99926,167,99703,167,99930,467,99677,167,99933,167,99645,167,100058,100,99554,100,100090,100,99452,100,100546,100,99373,100,100698,100,99190,100,100866,100,99084,100,100931,100,99028,100
2019-06-28 10:05:00.793091308,99917,167,99830,167,99926,167,99703,167,99930,467,99677,167,99933,167,99645,167,100058,100,99554,100,100090,100,99464,100,100546,100,99452,100,100698,100,99373,100,100866,100,99190,100,100965,100,99084,100
2019-06-28 10:05:10.000000000,99917,369,99830,369,99926,100,99703,100,99930,400,99677,100,99933,100,99645,100,100058,100,99554,100,100090,100,99464,100,100546,100,99452,100,100698,100,99373,100,100866,100,99190,100,100965,100,99084,100
2019-06-28 10:05:20.000000000,99917,369,99830,369,99926,100,99703,100,99930,400,99677,100,99933,100,99645,100,100058,100,99554,100,100090,100,99464,100,100546,100,99452,100,100698,100,99373,100,100866,100,99190,100,100965,100,99084,100
2019-06-28 10:05:20.116500470,99917,269,99830,269,99926,100,99703,100,99930,400,99677,100,99933,100,99645,100,100058,100,99554,100,100090,100,99464,100,100546,100,99452,100,100698,100,99373,100,100866,100,99190,100,100965,100,99084,100
2019-06-28 10:05:30.000000000,99926,154,99703,154,99930,454,99677,154,99933,154,99645,154,100058,154,99554,154,100090,154,99464,154,100546,100,99452,100,100698,100,99373,100,100866,100,99190,100,100965,100,99084,100,100968,100,99028,100
2019-06-28 10:05:40.000000000,99926,191,99703,191,99930,489,99677,189,99933,189,99645,189,100058,100,99554,100,100090,100,99464,100,100546,100,99452,100,100698,100,99373,100,100866,100,99190,100,100965,100,99084,100,100968,100,99028,100
2019-06-28 10:05:43.887390471,99864,100,99703,191,99926,191,99677,189,99930,489,99645,189,99933,189,99554,100,100058,100,99464,100,100090,100,99452,100,100546,100,99373,100,100698,100,99190,100,100866,100,99084,100,100965,100,99028,100
2019-06-28 10:05:46.887403024,99864,100,99703,191,99926,191,99677,189,99930,489,99645,189,99933,189,99554,100,100058,100,99464,100,100090,100,99452,100,100546,100,99443,100,100698,100,99373,100,100866,100,99190,100,100965,100,99084,100
2019-06-28 10:05:49.409182974,99864,100,99738,100,99926,191,99703,191,99930,489,99677,189,99933,189,99645,189,100058,100,99554,100,100090,100,99464,100,100546,100,99452,100,100698,100,99443,100,100866,100,99373,100,100965,100,99190,100
2019-06-28 10:05:50.000000000,99864,369,99738,369,99926,100,99703,100,99930,400,99677,100,99933,100,99645,100,100058,100,99554,100,100090,100,99464,100,100546,100,99452,100,100698,100,99443,100,100866,100,99373,100,100965,100,99190,100
2019-06-28 10:06:00.000000000,99864,369,99738,369,99926,100,99703,100,99930,400,99677,100,99933,100,99645,100,100058,100,99554,100,100090,100,99464,100,100546,100,99452,100,100698,100,99443,100,100866,100,99373,100,100965,100,99190,100
2019-06-28 10:06:05.079427840,99864,369,99738,369,99926,100,99703,100,99930,400,99645,100,99933,100,99554,100,99974,100,99464,100,100058,100,99452,100,100090,100,99443,100,100546,100,99373,100,100698,100,99190,100,100866,100,99084,100
2019-06-28 10:06:06.774504511,99864,369,99738,369,99926,100,99703,100,99930,300,99645,100,99933,100,99554,100,99974,100,99464,100,100058,100,99452,100,100090,100,99443,100,100546,100,99373,100,100698,100,99190,100,100866,100,99084,100
2019-06-28 10:06:10.000000000,99864,191,99738,191,99926,189,99703,189,99930,389,99645,189,99933,100,99554,100,99974,100,99464,100,100058,100,99452,100,100090,100,99443,100,100546,100,99373,100,100698,100,99190,100,100866,100,99084,100
2019-06-28 10:06:11.112541987,99769,100,99738,191,99864,191,99703,189,99926,189,99645,189,99930,389,99554,100,99933,100,99464,100,99974,100,99452,100,100058,100,99443,100,100090,100,99373,100,100546,100,99190,100,100698,100,99084,100
