,ask_price_1,ask_size_1,bid_price_1,bid_size_1,ask_price_2,ask_size_2,bid_price_2,bid_size_2,ask_price_3,ask_size_3,bid_price_3,bid_size_3,ask_price_4,ask_size_4,bid_price_4,bid_size_4,ask_price_5,ask_size_5,bid_price_5,bid_size_5,ask_price_6,ask_size_6,bid_price_6,bid_size_6,ask_price_7,ask_size_7,bid_price_7,bid_size_7,ask_price_8,ask_size_8,bid_price_8,bid_size_8,ask_price_9,ask_size_9,bid_price_9,bid_size_9,ask_price_10,ask_size_10,bid_price_10,bid_size_10
2019-06-28 09:30:00.000000003,,,100010,100,,,,,,,,,,,,,,,,,,,,,,,,,,,,,,,,,,,,
2019-06-28 09:30:00.000000006,100030,100,,,,,,,,,,,,,,,,,,,,,,,,,,,,,,,,,,,,,,
2019-06-28 09:30:00.000000007,100003,100,,,100015,100,,,100030,100,,,,,,,,,,,,,,,,,,,,,,,,,,,,,,
2019-06-28 09:30:00.000000008,100003,100,99933,100,100015,100,,,100030,100,,,,,,,,,,,,,,,,,,,,,,,,,,,,,,
2019-06-28 09:30:00.000000010,100003,100,99933,100,100015,100,99900,100,100030,100,,,,,,,,,,,,,,,,,,,,,,,,,,,,,,
2019-06-28 09:30:00.000000013,100003,100,99933,100,100015,100,99900,100,100024,100,,,100030,100,,,100040,100,,,,,,,,,,,,,,,,,,,,,,
2019-06-28 09:30:00.000000014,100003,100,99989,100,100015,100,99933,100,100024,100,99917,100,100030,100,99900,100,100040,100,,,100177,100,,,,,,,,,,,,,,,,,,
2019-06-28 09:30:00.000000019,100003,100,99989,100,100015,100,99933,100,100024,100,99917,100,100030,100,99900,100,100040,100,99897,100,100177,100,99842,100,,,,,,,,,,,,,,,,
2019-06-28 09:30:00.000000020,100003,100,99989,100,100015,100,99933,100,100024,100,99917,100,100030,100,99900,100,100040,100,99897,100,100081,100,99842,100,100177,100,,,,,,,,,,,,,,
2019-06-28 09:30:00.000000021,99998,100,99989,100,100003,100,99933,100,100015,100,99917,100,100024,100,99900,100,100030,100,99897,100,100040,100,99842,100,100081,100,,,100177,100,,,,,,,,,,
2019-06-28 09:30:00.000000022,99998,100,99989,100,100003,100,99933,100,100015,100,99917,100,100024,100,99900,100,100030,100,99897,100,100040,100,99842,100,100081,100,,,100085,100,,,100177,100,,,,,,
2019-06-28 09:30:00.000000023,99998,100,99989,100,100003,100,99933,100,100015,100,99917,100,100024,100,99900,100,100030,100,99897,100,100034,100,99842,100,100040,100,,,100042,100,,,100081,100,,,100085,100,,
2019-06-28 09:30:00.000000025,99998,100,99989,100,100003,100,99933,100,100015,100,99917,100,100024,100,99900,100,100030,100,99897,100,100034,100,99842,100,100040,100,,,100042,100,,,100045,100,,,100078,100,,
2019-06-28 09:30:00.000000028,99998,100,99989,100,100003,100,99933,100,100015,100,99917,100,100024,100,99900,100,100030,100,99897,100,100034,100,99842,100,100040,100,,,100042,100,,,100045,100,,,100078,100,,
2019-06-28 09:30:00.000000031,99990,100,99989,100,99998,100,99933,100,100003,100,99917,100,100015,100,99900,100,100024,100,99897,100,100030,100,99842,100,100034,100,,,100040,100,,,100042,100,,,100045,100,,
2019-06-28 09:30:00.000000033,99990,100,99989,100,99998,100,99933,100,100003,100,99917,100,100015,100,99900,100,100024,100,99897,100,100030,100,99883,100,100034,100,99842,100,100040,100,,,100042,100,,,100045,100,,
2019-06-28 09:30:00.000000036,99990,100,99989,100,99998,100,99933,100,100003,100,99917,100,100015,100,99900,100,100024,100,99897,100,100030,100,99883,100,100034,100,99842,100,100040,100,,,100042,100,,,100045,100,,
2019-06-28 09:30:00.000000037,99990,100,99989,100,99997,100,99933,100,99998,200,99917,100,100003,100,99900,100,100015,100,99897,100,100024,100,99883,100,100030,100,99842,100,100034,100,,,100040,100,,,100042,100,,
2019-06-28 09:30:00.000000040,99990,100,99989,100,99997,100,99933,100,99998,200,99917,100,100003,100,99900,100,100015,100,99897,100,100021,100,99883,100,100024,100,99842,100,100030,100,,,100034,100,,,100040,100,,
2019-06-28 09:30:00.000000041,99990,100,99933,100,99997,100,99917,100,99998,200,99900,100,100003,100,99897,100,100015,100,99883,100,100021,100,99842,100,100024,100,,,100030,100,,,100034,100,,,100040,100,,
2019-06-28 09:30:00.000000042,99989,100,99933,100,99990,100,99917,100,99997,100,99900,100,99998,200,99897,100,100003,100,99883,100,100015,100,99842,100,100021,100,,,100024,100,,,100030,100,,,100034,100,,
2019-06-28 09:30:00.000000043,99983,100,99933,100,99989,100,99917,100,99990,100,99900,100,99997,100,99897,100,99998,200,99883,100,100003,100,99842,100,100015,100,,,100021,100,,,100024,100,,,100030,100,,
2019-06-28 09:30:00.000000044,99983,100,99933,100,99989,100,99917,100,99990,100,99900,100,99997,100,99897,100,99998,200,99883,100,100003,100,99842,100,100015,100,,,100021,100,,,100024,100,,,100030,100,,
2019-06-28 09:30:00.000000046,99983,100,99980,100,99989,100,99933,100,99990,100,99917,100,99997,100,99900,100,99998,200,99897,100,100003,100,99883,100,100015,100,99842,100,100021,100,,,100024,100,,,100030,100,,
2019-06-28 09:30:00.000000049,99983,100,99980,100,99989,300,99933,100,99990,100,99917,100,99997,100,99900,100,99998,200,99897,100,100003,100,99883,100,100015,100,99842,100,100021,100,,,100024,100,,,100030,100,,
2019-06-28 09:30:00.000000050,99989,300,99980,100,99990,100,99941,100,99997,100,99933,100,99998,200,99917,100,100003,100,99900,100,100015,100,99897,100,100021,100,99883,100,100024,100,99842,100,100030,100,,,100034,100,,
2019-06-28 09:30:00.000000051,99989,300,99980,100,99990,100,99941,100,99997,100,99933,100,99998,200,99917,100,100003,100,99900,100,100015,100,99897,100,100021,100,99883,100,100024,100,99842,100,100030,100,,,100034,100,,
2019-06-28 09:30:00.000000053,99989,300,99980,100,99990,100,99967,100,99997,100,99941,100,99998,200,99933,100,100003,100,99917,100,100015,100,99900,100,100021,100,99897,100,100024,100,99883,100,100030,100,99842,100,100034,100,99800,100
2019-06-28 09:30:00.000000058,99989,300,99983,100,99990,100,99980,100,99997,100,99967,100,99998,200,99941,100,100003,100,99933,100,100015,100,99917,100,100021,100,99900,100,100024,100,99897,100,100030,100,99883,100,100034,100,99842,100
2019-06-28 09:30:00.000000059,99989,300,99983,100,99990,100,99980,100,99997,100,99967,100,99998,200,99941,100,100003,100,99933,100,100015,100,99917,100,100021,100,99900,100,100022,100,99897,100,100024,100,99883,100,100030,100,99842,100
2019-06-28 09:30:00.000000061,99989,300,99983,100,99990,100,99980,100,99997,100,99967,100,99998,200,99941,100,100003,100,99933,200,100015,100,99917,100,100021,100,99900,100,100022,100,99897,100,100024,100,99883,100,100030,100,99842,100
2019-06-28 09:30:00.000000062,99989,300,99983,200,99990,100,99980,100,99997,100,99967,100,99998,200,99941,100,100003,100,99933,200,100015,100,99917,100,100021,100,99900,100,100022,100,99897,100,100024,100,99883,100,100030,100,99842,100
2019-06-28 09:30:00.000000063,99989,300,99983,200,99990,100,99980,100,99997,100,99967,100,99998,200,99941,100,100003,100,99936,100,100015,100,99933,200,100021,100,99917,100,100022,100,99900,100,100024,100,99897,100,100030,100,99883,100
2019-06-28 09:30:00.000000064,99989,300,99983,200,99990,100,99980,100,99997,100,99967,100,99998,200,99941,100,100003,100,99936,100,100015,100,99933,200,100021,100,99917,100,100022,100,99900,100,100024,100,99897,100,100030,100,99883,100
2019-06-28 09:30:00.000000065,99989,200,99984,100,99990,100,99983,200,99997,100,99980,100,99998,200,99967,100,100003,100,99941,100,100015,100,99936,100,100021,100,99933,200,100022,100,99917,100,100024,100,99914,100,100030,100,99900,100
2019-06-28 09:30:00.000000067,99989,200,99984,100,99990,100,99983,200,99997,100,99981,100,99998,200,99980,100,100003,100,99967,100,100015,100,99941,100,100021,100,99936,100,100022,100,99933,200,100024,100,99917,100,100030,100,99914,100
2019-06-28 09:30:00.000000070,99989,200,99984,100,99990,100,99983,200,99997,100,99981,100,99998,200,99980,100,100003,100,99967,100,100015,100,99941,100,100021,100,99936,100,100022,100,99933,200,100024,100,99917,100,100030,100,99914,100
2019-06-28 09:30:00.000000071,99989,200,99984,100,99990,100,99983,200,99997,100,99981,100,99998,200,99980,100,100003,100,99967,100,100015,100,99941,100,100021,100,99936,100,100022,100,99933,200,100024,100,99917,100,100030,100,99914,100
2019-06-28 09:30:00.000000072,99988,100,99984,100,99989,200,99983,200,99990,100,99981,100,99997,100,99980,100,99998,200,99967,100,100003,100,99941,100,100015,100,99936,100,100021,100,99933,200,100022,100,99917,100,100024,100,99914,100
2019-06-28 09:30:00.000000074,99988,100,99984,100,99989,200,99983,200,99990,100,99981,100,99997,100,99980,100,99998,200,99967,100,100003,100,99941,100,100015,100,99936,100,100021,100,99933,200,100022,100,99917,100,100024,100,99914,100
2019-06-28 09:30:00.000000075,99988,200,99984,100,99989,200,99983,200,99990,100,99981,100,99997,100,99980,100,99998,200,99967,100,100003,100,99941,100,100015,100,99936,100,100021,100,99933,200,100022,100,99917,100,100024,100,99914,100
2019-06-28 09:30:00.000000081,99988,200,99984,100,99989,200,99983,200,99990,100,99981,100,99997,100,99980,100,99998,200,99967,100,100003,100,99941,100,100015,100,99936,100,100021,100,99933,200,100022,100,99917,100,100024,100,99914,100
2019-06-28 09:30:00.000000085,99988,200,99983,200,99989,200,99981,100,99990,100,99980,100,99997,100,99967,100,99998,200,99941,100,100003,100,99936,100,100015,100,99933,200,100021,100,99917,100,100022,100,99914,100,100024,100,99900,100
2019-06-28 09:30:00.000000091,99988,200,99983,200,99989,200,99981,100,99990,100,99980,100,99997,100,99967,100,99998,200,99941,100,100003,100,99936,100,100015,100,99933,200,100021,100,99917,100,100022,100,99914,100,100024,100,99900,100
2019-06-28 09:30:00.000000092,99988,200,99983,200,99989,200,99981,100,99990,100,99980,100,99997,100,99967,100,99998,200,99941,100,100003,100,99936,100,100015,100,99933,200,100021,100,99917,100,100022,100,99914,100,100024,100,99900,100
2019-06-28 09:30:00.000000098,99988,200,99983,200,99989,200,99981,100,99990,100,99980,100,99997,100,99967,100,99998,200,99941,100,100003,100,99936,100,100015,100,99933,200,100021,100,99917,100,100022,100,99914,100,100024,100,99900,100
2019-06-28 09:30:08.429632639,99988,200,99983,200,99989,200,99981,100,99990,100,99980,100,99997,100,99976,100,99998,200,99967,100,100003,100,99941,100,100015,100,99936,100,100021,100,99933,200,100022,100,99917,100,100024,100,99914,100
2019-06-28 09:30:10.000000000,99988,458,99983,458,99989,200,99981,100,99990,100,99980,100,99997,100,99976,100,99998,200,99967,100,100003,100,99941,100,100015,100,99936,100,100021,100,99933,200,100022,100,99917,100,100024,100,99914,100
2019-06-28 09:30:20.000000000,99988,252,99983,252,99989,252,99981,152,99990,152,99980,152,99997,152,99976,152,99998,252,99967,152,100003,100,99941,100,100015,100,99936,100,100021,100,99933,200,100022,100,99917,100,100024,100,99914,100
2019-06-28 09:30:30.000000000,99988,458,99983,458,99989,200,99981,100,99990,100,99980,100,99997,100,99976,100,99998,200,99967,100,100003,100,99941,100,100015,100,99936,100,100021,100,99933,200,100022,100,99917,100,100024,100,99914,100
2019-06-28 09:30:40.000000000,99988,288,99983,288,99989,285,99981,185,99990,185,99980,185,99997,100,99976,100,99998,200,99967,100,100003,100,99941,100,100015,100,99936,100,100021,100,99933,200,100022,100,99917,100,100024,100,99914,100
2019-06-28 09:30:44.257937952,99988,288,99983,288,99989,285,99981,185,99990,185,99980,185,99997,100,99976,100,99998,200,99967,100,100003,100,99941,100,100021,100,99936,100,100022,100,99933,200,100024,100,99917,100,100030,100,99914,100
2019-06-28 09:30:50.000000000,99988,288,99983,288,99989,285,99981,185,99990,185,99980,185,99997,100,99976,100,99998,200,99967,100,100003,100,99941,100,100021,100,99936,100,100022,100,99933,200,100024,100,99917,100,100030,100,99914,100
2019-06-28 09:30:55.291989841,99988,288,99983,288,99989,285,99981,185,99990,185,99980,185,99997,100,99967,100,99998,200,99941,100,100003,100,99936,100,100021,100,99933,200,100022,100,99917,100,100024,100,99914,100,100030,100,99900,100
2019-06-28 09:30:56.358270301,99988,288,99983,188,99989,285,99981,185,99990,185,99980,185,99997,100,99967,100,99998,200,99941,100,100003,100,99936,100,100021,100,99933,200,100022,100,99917,100,100024,100,99914,100,100030,100,99900,100
2019-06-28 09:31:00.000000000,99988,329,99983,229,99989,329,99981,229,99990,100,99980,100,99997,100,99967,100,99998,200,99941,100,100003,100,99936,100,100021,100,99933,200,100022,100,99917,100,100024,100,99914,100,100030,100,99900,100
2019-06-28 09:31:04.224623149,99988,329,99983,129,99989,329,99981,229,99990,100,99980,100,99997,100,99967,100,99998,200,99941,100,100003,100,99936,100,100021,100,99933,200,100022,100,99917,100,100024,100,99914,100,100030,100,99900,100
2019-06-28 09:31:10.000000000,99988,252,99981,152,99989,252,99980,152,99990,152,99967,152,99997,152,99941,152,99998,252,99936,152,100003,100,99933,200,100021,100,99917,100,100022,100,99914,100,100024,100,99900,100,100030,100,99897,100
2019-06-28 09:31:20.000000000,99988,458,99981,358,99989,200,99980,100,99990,100,99967,100,99997,100,99941,100,99998,200,99936,100,100003,100,99933,200,100021,100,99917,100,100022,100,99914,100,100024,100,99900,100,100030,100,99897,100
2019-06-28 09:31:30.000000000,99988,252,99981,152,99989,252,99980,152,99990,152,99967,152,99997,152,99941,152,99998,252,99936,152,100003,100,99933,200,100021,100,99917,100,100022,100,99914,100,100024,100,99900,100,100030,100,99897,100
2019-06-28 09:31:32.848380553,99983,100,99981,152,99988,252,99980,152,99989,252,99967,152,99990,152,99941,152,99997,152,99936,152,99998,252,99933,200,100003,100,99917,100,100021,100,99914,100,100022,100,99900,100,100024,100,99897,100
2019-06-28 09:31:40.000000000,99983,358,99981,358,99988,200,99980,100,99989,200,99967,100,99990,100,99941,100,99997,100,99936,100,99998,200,99933,200,100003,100,99917,100,100021,100,99914,100,100022,100,99900,100,100024,100,99897,100
2019-06-28 09:31:50.000000000,99983,164,99981,164,99988,264,99980,164,99989,264,99967,164,99990,164,99941,164,99997,100,99936,100,99998,200,99933,200,100003,100,99917,100,100021,100,99914,100,100022,100,99900,100,100024,100,99897,100
2019-06-28 09:32:00.000000000,99983,229,99981,229,99988,329,99980,229,99989,200,99967,100,99990,100,99941,100,99997,100,99936,100,99998,200,99933,200,100003,100,99917,100,100021,100,99914,100,100022,100,99900,100,100024,100,99897,100
2019-06-28 09:32:10.000000000,99983,152,99981,152,99988,252,99980,152,99989,252,99967,152,99990,152,99941,152,99997,152,99936,152,99998,200,99933,200,100003,100,99917,100,100021,100,99914,100,100022,100,99900,100,100024,100,99897,100
2019-06-28 09:32:20.000000000,99983,358,99981,358,99988,200,99980,100,99989,200,99967,100,99990,100,99941,100,99997,100,99936,100,99998,200,99933,200,100003,100,99917,100,100021,100,99914,100,100022,100,99900,100,100024,100,99897,100
2019-06-28 09:32:30.000000000,99983,229,99981,229,99988,329,99980,229,99989,200,99967,100,99990,100,99941,100,99997,100,99936,100,99998,200,99933,200,100003,100,99917,100,100021,100,99914,100,100022,100,99900,100,100024,100,99897,100
2019-06-28 09:32:40.000000000,99983,164,99981,164,99988,264,99980,164,99989,264,99967,164,99990,164,99941,164,99997,100,99936,100,99998,200,99933,200,100003,100,99917,100,100021,100,99914,100,100022,100,99900,100,100024,100,99897,100
2019-06-28 09:32:50.000000000,99983,152,99981,152,99988,252,99980,152,99989,252,99967,152,99990,152,99941,152,99997,152,99936,152,99998,200,99933,200,100003,100,99917,100,100021,100,99914,100,100022,100,99900,100,100024,100,99897,100
2019-06-28 09:33:00.000000000,99983,229,99981,229,99988,329,99980,229,99989,200,99967,100,99990,100,99941,100,99997,100,99936,100,99998,200,99933,200,100003,100,99917,100,100021,100,99914,100,100022,100,99900,100,100024,100,99897,100
2019-06-28 09:33:10.000000000,99983,188,99981,188,99988,285,99980,185,99989,285,99967,185,99990,100,99941,100,99997,100,99936,100,99998,200,99933,200,100003,100,99917,100,100021,100,99914,100,100022,100,99900,100,100024,100,99897,100
2019-06-28 09:33:11.569834302,99983,288,99981,188,99988,285,99980,185,99989,185,99967,185,99990,100,99941,100,99997,100,99936,100,99998,200,99933,200,100003,100,99917,100,100021,100,99914,100,100022,100,99900,100,100024,100,99897,100
2019-06-28 09:33:20.000000000,99983,458,99981,358,99988,200,99980,100,99989,100,99967,100,99990,100,99941,100,99997,100,99936,100,99998,200,99933,200,100003,100,99917,100,100021,100,99914,100,100022,100,99900,100,100024,100,99897,100
2019-06-28 09:33:29.558286972,99983,458,99981,258,99988,200,99980,100,99989,100,99967,100,99990,100,99941,100,99997,100,99936,100,99998,200,99933,200,100003,100,99917,100,100021,100,99914,100,100022,100,99900,100,100024,100,99897,100
2019-06-28 09:33:30.000000000,99983,264,99980,164,99988,264,99967,164,99989,164,99941,164,99990,164,99936,164,99997,100,99933,200,99998,200,99917,100,100003,100,99914,100,100021,100,99900,100,100022,100,99897,100,100024,100,99888,100
2019-06-28 09:33:40.000000000,99983,458,99980,358,99988,200,99967,100,99989,100,99941,100,99990,100,99936,100,99997,100,99933,200,99998,200,99917,100,100003,100,99914,100,100021,100,99900,100,100022,100,99897,100,100024,100,99888,100
2019-06-28 09:33:50.000000000,99983,458,99980,358,99988,200,99967,100,99989,100,99941,100,99990,100,99936,100,99997,100,99933,200,99998,200,99917,100,100003,100,99914,100,100021,100,99900,100,100022,100,99897,100,100024,100,99888,100
2019-06-28 09:34:00.000000000,99983,264,99980,164,99988,264,99967,164,99989,164,99941,164,99990,164,99936,164,99997,100,99933,200,99998,200,99917,100,100003,100,99914,100,100021,100,99900,100,100022,100,99897,100,100024,100,99888,100
2019-06-28 09:34:01.106870686,99983,264,99980,64,99988,264,99967,164,99989,164,99941,164,99990,164,99936,164,99997,100,99933,200,99998,200,99917,100,100003,100,99914,100,100021,100,99900,100,100022,100,99897,100,100024,100,99888,100
2019-06-28 09:34:07.724825710,99983,264,99980,64,99988,264,99967,164,99989,164,99941,164,99990,164,99936,164,99997,100,99933,200,99998,200,99917,100,100003,100,99914,100,100021,100,99900,100,100022,100,99897,100,100024,100,99888,100
2019-06-28 09:34:10.000000000,99983,264,99967,164,99988,264,99941,164,99989,164,99936,164,99990,164,99933,264,99997,100,99917,100,99998,200,99914,100,100003,100,99900,100,100021,100,99897,100,100022,100,99888,100,100024,100,99883,100
2019-06-28 09:34:16.881816969,99983,264,99967,64,99988,264,99941,164,99989,164,99936,164,99990,164,99933,264,99997,100,99917,100,99998,200,99914,100,100003,100,99900,100,100021,100,99897,100,100022,100,99888,100,100024,100,99883,100
2019-06-28 09:34:20.000000000,99983,288,99941,188,99988,285,99936,185,99989,185,99933,285,99990,100,99917,100,99997,100,99914,100,99998,200,99900,100,100003,100,99897,100,100021,100,99888,100,100022,100,99883,100,100024,100,99842,100
2019-06-28 09:34:30.000000000,99983,458,99941,358,99988,200,99936,100,99989,100,99933,200,99990,100,99917,100,99997,100,99914,100,99998,200,99900,100,100003,100,99897,100,100021,100,99888,100,100022,100,99883,100,100024,100,99842,100
2019-06-28 09:34:38.781893257,99983,458,99941,258,99988,200,99936,100,99989,100,99933,200,99990,100,99917,100,99997,100,99914,100,99998,200,99900,100,100003,100,99897,100,100021,100,99888,100,100022,100,99883,100,100024,100,99842,100
2019-06-28 09:34:40.000000000,99983,264,99936,164,99988,264,99933,264,99989,164,99917,164,99990,164,99914,164,99997,100,99900,100,99998,200,99897,100,100003,100,99888,100,100021,100,99883,100,100022,100,99842,100,100024,100,99827,100
2019-06-28 09:34:41.790777083,99967,100,99936,164,99983,264,99933,264,99988,264,99917,164,99989,164,99914,164,99990,164,99900,100,99997,100,99897,100,99998,200,99888,100,100003,100,99883,100,100021,100,99842,100,100022,100,99827,100
2019-06-28 09:34:50.000000000,99967,229,99936,229,99983,329,99933,329,99988,200,99917,100,99989,100,99914,100,99990,100,99900,100,99997,100,99897,100,99998,200,99888,100,100003,100,99883,100,100021,100,99842,100,100022,100,99827,100
2019-06-28 09:35:00.000000000,99967,188,99936,188,99983,285,99933,285,99988,285,99917,185,99989,100,99914,100,99990,100,99900,100,99997,100,99897,100,99998,200,99888,100,100003,100,99883,100,100021,100,99842,100,100022,100,99827,100
2019-06-28 09:35:10.000000000,99967,188,99936,188,99983,285,99933,285,99988,285,99917,185,99989,100,99914,100,99990,100,99900,100,99997,100,99897,100,99998,200,99888,100,100003,100,99883,100,100021,100,99842,100,100022,100,99827,100
2019-06-28 09:35:20.000000000,99967,229,99936,229,99983,329,99933,329,99988,200,99917,100,99989,100,99914,100,99990,100,99900,100,99997,100,99897,100,99998,200,99888,100,100003,100,99883,100,100021,100,99842,100,100022,100,99827,100
2019-06-28 09:35:25.013985985,99967,229,99936,129,99983,329,99933,329,99988,200,99917,100,99989,100,99914,100,99990,100,99900,100,99997,100,99897,100,99998,100,99888,100,100003,100,99883,100,100021,100,99842,100,100022,100,99827,100
2019-06-28 09:35:30.000000000,99967,229,99933,329,99983,329,99917,229,99988,200,99914,100,99989,100,99900,100,99990,100,99897,100,99997,100,99888,100,99998,100,99883,100,100003,100,99842,100,100021,100,99827,100,100022,100,99810,100
2019-06-28 09:35:40.000000000,99967,229,99933,329,99983,329,99917,229,99988,200,99914,100,99989,100,99900,100,99990,100,99897,100,99997,100,99888,100,99998,100,99883,100,100003,100,99842,100,100021,100,99827,100,100022,100,99810,100
2019-06-28 09:35:45.580447008,99941,100,99933,329,99967,229,99917,129,99983,329,99914,100,99988,200,99900,100,99989,100,99897,100,99990,100,99888,100,99997,100,99883,100,99998,100,99842,100,100003,100,99827,100,100021,100,99810,100
2019-06-28 09:35:47.735651525,99941,100,99933,329,99967,229,99917,129,99983,329,99914,100,99988,200,99900,100,99989,100,99897,100,99990,100,99888,100,99997,100,99883,100,99998,100,99842,100,100003,100,99827,100,100021,100,99810,100
2019-06-28 09:35:50.000000000,99941,164,99933,264,99967,164,99914,164,99983,264,99900,164,99988,264,99897,164,99989,100,99888,100,99990,100,99883,100,99997,100,99842,100,99998,100,99827,100,100003,100,99810,100,100021,100,99800,100
2019-06-28 09:36:00.000000000,99941,358,99933,458,99967,100,99914,100,99983,200,99900,100,99988,200,99897,100,99989,100,99888,100,99990,100,99883,100,99997,100,99842,100,99998,100,99827,100,100003,100,99810,100,100021,100,99800,100
2019-06-28 09:36:10.000000000,99941,188,99933,288,99967,185,99914,185,99983,285,99900,185,99988,200,99897,100,99989,100,99888,100,99990,100,99883,100,99997,100,99842,100,99998,100,99827,100,100003,100,99810,100,100021,100,99800,100
2019-06-28 09:36:20.000000000,99941,229,99933,329,99967,229,99914,229,99983,200,99900,100,99988,200,99897,100,99989,100,99888,100,99990,100,99883,100,99997,100,99842,100,99998,100,99827,100,100003,100,99810,100,100021,100,99800,100
2019-06-28 09:36:28.287030986,99941,229,99933,329,99967,229,99914,229,99983,200,99900,100,99988,200,99897,100,99989,100,99888,100,99990,100,99883,100,99997,100,99842,100,99998,100,99827,100,100003,100,99810,100,100021,100,99800,100
2019-06-28 09:36:30.000000000,99941,164,99933,264,99967,164,99914,164,99983,264,99900,164,99988,264,99897,164,99989,100,99888,100,99990,100,99883,100,99997,100,99842,100,99998,100,99827,100,100003,100,99810,100,100021,100,99800,100
2019-06-28 09:36:40.000000000,99941,188,99933,288,99967,185,99914,185,99983,285,99900,185,99988,200,99897,100,99989,100,99888,100,99990,100,99883,100,99997,100,99842,100,99998,100,99827,100,100003,100,99810,100,100021,100,99800,100
2019-06-28 09:36:50.000000000,99941,229,99933,329,99967,229,99914,229,99983,200,99900,100,99988,200,99897,100,99989,100,99888,100,99990,100,99883,100,99997,100,99842,100,99998,100,99827,100,100003,100,99810,100,100021,100,99800,100
2019-06-28 09:36:59.155170880,99941,229,99933,329,99967,229,99914,229,99983,200,99900,100,99988,200,99897,100,99989,100,99888,100,99990,100,99883,100,99997,100,99842,100,99998,100,99827,100,100003,100,99810,100,100021,100,99800,100
2019-06-28 09:37:00.000000000,99941,188,99933,288,99967,185,99914,185,99983,285,99900,185,99988,200,99897,100,99989,100,99888,100,99990,100,99883,100,99997,100,99842,100,99998,100,99827,100,100003,100,99810,100,100021,100,99800,100
2019-06-28 09:37:10.000000000,99941,229,99933,329,99967,229,99914,229,99983,200,99900,100,99988,200,99897,100,99989,100,99888,100,99990,100,99883,100,99997,100,99842,100,99998,100,99827,100,100003,100,99810,100,100021,100,99800,100
2019-06-28 09:37:20.000000000,99941,358,99933,458,99967,100,99914,100,99983,200,99900,100,99988,200,99897,100,99989,100,99888,100,99990,100,99883,100,99997,100,99842,100,99998,100,99827,100,100003,100,99810,100,100021,100,99800,100
2019-06-28 09:37:29.894315246,99941,258,99933,458,99967,100,99914,100,99983,200,99900,100,99988,200,99897,100,99989,100,99888,100,99990,100,99883,100,99997,100,99842,100,99998,100,99827,100,100003,100,99810,100,100021,100,99800,100
2019-06-28 09:37:30.000000000,99967,358,99933,458,99983,200,99914,100,99988,200,99900,100,99989,100,99897,100,99990,100,99888,100,99997,100,99883,100,99998,100,99842,100,100003,100,99827,100,100021,100,99810,100,100022,100,99800,100
2019-06-28 09:37:40.000000000,99967,152,99933,252,99983,252,99914,152,99988,252,99900,152,99989,152,99897,152,99990,152,99888,152,99997,100,99883,100,99998,100,99842,100,100003,100,99827,100,100021,100,99810,100,100022,100,99800,100
2019-06-28 09:37:40.125637746,99967,152,99933,252,99983,252,99914,152,99988,252,99900,152,99989,152,99897,152,99990,152,99888,152,99997,100,99883,100,99998,100,99842,100,100003,100,99827,100,100021,100,99810,100,100022,100,99800,100
2019-06-28 09:37:40.373468403,99967,152,99933,252,99983,252,99914,152,99988,252,99900,152,99989,152,99897,152,99990,152,99888,152,99997,100,99883,100,99998,100,99842,100,100003,100,99827,100,100021,100,99810,100,100022,100,99800,100
2019-06-28 09:37:50.000000000,99967,188,99933,288,99983,285,99914,185,99988,285,99900,185,99989,100,99897,100,99990,100,99888,100,99997,100,99883,100,99998,100,99842,100,100003,100,99827,100,100021,100,99810,100,100022,100,99800,100
2019-06-28 09:37:53.680224512,99967,188,99933,288,99983,285,99914,185,99988,285,99900,185,99989,100,99897,100,99990,100,99888,100,99997,100,99883,100,99998,100,99842,100,99999,100,99827,100,100003,100,99810,100,100021,100,99800,100
2019-06-28 09:37:58.477686634,99967,88,99933,288,99983,285,99914,185,99988,285,99900,185,99989,100,99897,100,99990,100,99888,100,99997,100,99883,100,99998,100,99842,100,99999,100,99827,100,100003,100,99810,100,100021,100,99800,100
2019-06-28 09:38:00.000000000,99983,264,99933,264,99988,264,99914,164,99989,164,99900,164,99990,164,99897,164,99997,100,99888,100,99998,100,99883,100,99999,100,99842,100,100003,100,99827,100,100021,100,99810,100,100022,100,99800,100
2019-06-28 09:38:10.000000000,99983,264,99933,264,99988,264,99914,164,99989,164,99900,164,99990,164,99897,164,99997,100,99888,100,99998,100,99883,100,99999,100,99842,100,100003,100,99827,100,100021,100,99810,100,100022,100,99800,100
2019-06-28 09:38:20.000000000,99983,329,99933,329,99988,329,99914,229,99989,100,99900,100,99990,100,99897,100,99997,100,99888,100,99998,100,99883,100,99999,100,99842,100,100003,100,99827,100,100021,100,99810,100,100022,100,99800,100
2019-06-28 09:38:30.000000000,99983,458,99933,458,99988,200,99914,100,99989,100,99900,100,99990,100,99897,100,99997,100,99888,100,99998,100,99883,100,99999,100,99842,100,100003,100,99827,100,100021,100,99810,100,100022,100,99800,100
2019-06-28 09:38:40.000000000,99983,458,99933,458,99988,200,99914,100,99989,100,99900,100,99990,100,99897,100,99997,100,99888,100,99998,100,99883,100,99999,100,99842,100,100003,100,99827,100,100021,100,99810,100,100022,100,99800,100
2019-06-28 09:38:50.000000000,99983,264,99933,264,99988,264,99914,164,99989,164,99900,164,99990,164,99897,164,99997,100,99888,100,99998,100,99883,100,99999,100,99842,100,100003,100,99827,100,100021,100,99810,100,100022,100,99800,100
2019-06-28 09:38:53.009111161,99940,100,99933,264,99983,264,99914,164,99988,264,99900,164,99989,164,99897,64,99990,164,99888,100,99997,100,99883,100,99998,100,99842,100,99999,100,99827,100,100003,100,99810,100,100021,100,99800,100
2019-06-28 09:39:00.000000000,99940,164,99933,264,99983,264,99914,164,99988,264,99900,164,99989,164,99888,164,99990,100,99883,100,99997,100,99842,100,99998,100,99827,100,99999,100,99810,100,100003,100,99800,100,100021,100,99769,100
2019-06-28 09:39:01.680071842,99940,164,99933,164,99983,264,99914,164,99988,264,99900,164,99989,164,99888,164,99990,100,99883,100,99997,100,99842,100,99998,100,99827,100,99999,100,99810,100,100003,100,99800,100,100021,100,99769,100
2019-06-28 09:39:10.000000000,99940,188,99933,188,99983,285,99914,185,99988,285,99900,185,99989,100,99888,100,99990,100,99883,100,99997,100,99842,100,99998,100,99827,100,99999,100,99810,100,100003,100,99800,100,100021,100,99769,100
2019-06-28 09:39:20.000000000,99940,229,99933,229,99983,329,99914,229,99988,200,99900,100,99989,100,99888,100,99990,100,99883,100,99997,100,99842,100,99998,100,99827,100,99999,100,99810,100,100003,100,99800,100,100021,100,99769,100
2019-06-28 09:39:20.597868324,99940,229,99933,229,99983,329,99914,229,99988,200,99900,100,99989,100,99888,100,99990,100,99883,100,99997,100,99842,100,99998,100,99827,100,99999,100,99810,100,100003,100,99800,100,100021,100,99769,100
2019-06-28 09:39:28.320888347,99940,229,99933,129,99983,329,99914,229,99988,200,99900,100,99989,100,99888,100,99990,100,99883,100,99997,100,99842,100,99998,100,99827,100,99999,100,99810,100,100003,100,99800,100,100021,100,99769,100
2019-06-28 09:39:30.000000000,99940,229,99914,229,99983,329,99900,229,99988,200,99888,100,99989,100,99883,100,99990,100,99842,100,99997,100,99827,100,99998,100,99810,100,99999,100,99800,100,100003,100,99769,100,100021,100,99576,100
2019-06-28 09:39:40.000000000,99940,164,99914,164,99983,264,99900,164,99988,264,99888,164,99989,164,99883,164,99990,100,99842,100,99997,100,99827,100,99998,100,99810,100,99999,100,99800,100,100003,100,99769,100,100021,100,99576,100
2019-06-28 09:39:50.000000000,99940,152,99914,152,99983,252,99900,152,99988,252,99888,152,99989,152,99883,152,99990,152,99842,152,99997,100,99827,100,99998,100,99810,100,99999,100,99800,100,100003,100,99769,100,100021,100,99576,100
2019-06-28 09:39:55.397541019,99933,100,99914,152,99940,152,99900,152,99983,252,99888,152,99988,252,99883,152,99989,152,99842,152,99990,152,99827,100,99997,100,99810,100,99998,100,99800,100,99999,100,99769,100,100003,100,99576,100
2019-06-28 09:39:55.716957523,99940,152,99914,152,99983,252,99900,152,99988,252,99888,152,99989,152,99883,152,99990,152,99842,152,99997,100,99827,100,99998,100,99810,100,99999,100,99800,100,100003,100,99769,100,100021,100,99576,100
2019-06-28 09:40:00.000000000,99940,229,99914,229,99983,329,99900,229,99988,200,99888,100,99989,100,99883,100,99990,100,99842,100,99997,100,99827,100,99998,100,99810,100,99999,100,99800,100,100003,100,99769,100,100021,100,99576,100
2019-06-28 09:40:03.537776149,99940,229,99914,229,99983,329,99900,229,99988,200,99888,100,99989,100,99883,100,99990,100,99842,100,99997,100,99827,100,99998,100,99810,100,99999,100,99800,100,100003,100,99769,100,100021,100,99576,100
2019-06-28 09:40:05.416308107,99933,100,99914,229,99940,229,99900,229,99983,329,99888,100,99988,200,99883,100,99989,100,99842,100,99990,100,99827,100,99997,100,99810,100,99998,100,99800,100,99999,100,99769,100,100003,100,99576,100
2019-06-28 09:40:10.000000000,99933,164,99914,164,99940,164,99900,164,99983,264,99888,164,99988,264,99883,164,99989,100,99842,100,99990,100,99827,100,99997,100,99810,100,99998,100,99800,100,99999,100,99769,100,100003,100,99576,100
2019-06-28 09:40:14.163593833,99933,164,99914,64,99940,164,99900,164,99983,264,99888,64,99988,264,99883,164,99989,100,99842,100,99990,100,99827,100,99997,100,99810,100,99998,100,99800,100,99999,100,99769,100,100003,100,99576,100
2019-06-28 09:40:20.000000000,99933,229,99900,229,99940,229,99883,229,99983,200,99842,100,99988,200,99827,100,99989,100,99810,100,99990,100,99800,100,99997,100,99769,100,99998,100,99576,100,99999,100,99332,100,100003,100,,
2019-06-28 09:40:30.000000000,99933,229,99900,229,99940,229,99883,229,99983,200,99842,100,99988,200,99827,100,99989,100,99810,100,99990,100,99800,100,99997,100,99769,100,99998,100,99576,100,99999,100,99332,100,100003,100,,
2019-06-28 09:40:31.203466620,99933,229,99900,229,99940,229,99883,229,99983,200,99842,100,99988,200,99827,100,99989,100,99810,100,99990,100,99800,100,99997,100,99769,100,99998,100,99576,100,99999,100,99397,100,100003,100,99332,100
2019-06-28 09:40:40.000000000,99933,188,99900,188,99940,185,99883,185,99983,285,99842,185,99988,200,99827,100,99989,100,99810,100,99990,100,99800,100,99997,100,99769,100,99998,100,99576,100,99999,100,99397,100,100003,100,99332,100
2019-06-28 09:40:41.475593904,99933,188,99900,188,99940,185,99883,185,99983,285,99842,185,99988,200,99827,100,99989,100,99810,100,99990,100,99800,100,99997,100,99769,100,99998,100,99576,100,99999,100,99397,100,100003,100,99332,100
2019-06-28 09:40:50.000000000,99933,229,99900,229,99940,229,99883,229,99983,200,99842,100,99988,200,99827,100,99989,100,99810,100,99990,100,99800,100,99997,100,99769,100,99998,100,99576,100,99999,100,99397,100,100003,100,99332,100
2019-06-28 09:41:00.000000000,99933,188,99900,188,99940,185,99883,185,99983,285,99842,185,99988,200,99827,100,99989,100,99810,100,99990,100,99800,100,99997,100,99769,100,99998,100,99576,100,99999,100,99397,100,100003,100,99332,100
2019-06-28 09:41:10.000000000,99933,164,99900,164,99940,164,99883,164,99983,264,99842,164,99988,264,99827,164,99989,100,99810,100,99990,100,99800,100,99997,100,99769,100,99998,100,99576,100,99999,100,99397,100,100003,100,99332,100
2019-06-28 09:41:20.000000000,99933,164,99900,164,99940,164,99883,164,99983,264,99842,164,99988,264,99827,164,99989,100,99810,100,99990,100,99800,100,99997,100,99769,100,99998,100,99576,100,99999,100,99397,100,100003,100,99332,100
2019-06-28 09:41:28.043531815,99933,164,99900,64,99940,164,99883,164,99983,264,99842,164,99988,264,99827,164,99989,100,99810,100,99990,100,99800,100,99997,100,99769,100,99998,100,99576,100,99999,100,99397,100,100003,100,99332,100
2019-06-28 09:41:30.000000000,99933,358,99883,358,99940,100,99842,100,99983,200,99827,100,99988,200,99810,100,99989,100,99800,100,99990,100,99769,100,99997,100,99576,100,99998,100,99397,100,99999,100,99332,100,100003,100,99232,100
2019-06-28 09:41:40.000000000,99933,229,99883,229,99940,229,99842,229,99983,200,99827,100,99988,200,99810,100,99989,100,99800,100,99990,100,99769,100,99997,100,99576,100,99998,100,99397,100,99999,100,99332,100,100003,100,99232,100
2019-06-28 09:41:50.000000000,99933,152,99883,152,99940,152,99842,152,99983,252,99827,152,99988,252,99810,152,99989,152,99800,152,99990,100,99769,100,99997,100,99576,100,99998,100,99397,100,99999,100,99332,100,100003,100,99232,100
2019-06-28 09:41:55.277565277,99933,152,99883,52,99940,152,99842,152,99983,252,99827,152,99988,252,99810,152,99989,152,99800,152,99990,100,99769,100,99997,100,99576,100,99998,100,99397,100,99999,100,99332,100,100003,100,99232,100
2019-06-28 09:41:57.779387996,99883,48,99842,152,99933,152,99827,152,99940,152,99810,152,99983,252,99800,152,99988,252,99769,100,99989,152,99576,100,99990,100,99397,100,99997,100,99332,100,99998,100,99232,100,99999,100,,
2019-06-28 09:42:00.000000000,99883,306,99842,358,99933,100,99827,100,99940,100,99810,100,99983,200,99800,100,99988,200,99769,100,99989,100,99576,100,99990,100,99397,100,99997,100,99332,100,99998,100,99232,100,99999,100,,
2019-06-28 09:42:10.000000000,99883,100,99842,152,99933,152,99827,152,99940,152,99810,152,99983,252,99800,152,99988,252,99769,152,99989,100,99576,100,99990,100,99397,100,99997,100,99332,100,99998,100,99232,100,99999,100,,
2019-06-28 09:42:20.000000000,99883,100,99842,152,99933,152,99827,152,99940,152,99810,152,99983,252,99800,152,99988,252,99769,152,99989,100,99576,100,99990,100,99397,100,99997,100,99332,100,99998,100,99232,100,99999,100,,
2019-06-28 09:42:26.160236507,99883,52,99842,52,99933,152,99827,152,99940,152,99810,152,99983,252,99800,152,99988,252,99769,152,99989,100,99576,100,99990,100,99397,100,99997,100,99332,100,99998,100,99232,100,99999,100,,
2019-06-28 09:42:29.360600401,99883,52,99842,52,99933,152,99827,152,99940,152,99810,152,99983,252,99800,152,99988,252,99769,152,99989,100,99576,100,99990,100,99397,100,99997,100,99332,100,99998,100,99254,100,99999,100,99232,100
2019-06-28 09:42:30.000000000,99933,164,99827,164,99940,164,99810,164,99983,264,99800,164,99988,264,99769,164,99989,100,99576,100,99990,100,99397,100,99997,100,99332,100,99998,100,99254,100,99999,100,99232,100,100003,100,,
2019-06-28 09:42:38.417349048,99882,100,99827,164,99933,164,99810,164,99940,164,99800,164,99983,264,99769,164,99988,264,99576,100,99989,100,99397,100,99990,100,99332,100,99997,100,99254,100,99998,100,99232,100,99999,100,,
2019-06-28 09:42:40.000000000,99882,164,99827,164,99933,164,99810,164,99940,164,99800,164,99983,264,99769,164,99988,200,99576,100,99989,100,99397,100,99990,100,99332,100,99997,100,99254,100,99998,100,99232,100,99999,100,,
2019-06-28 09:42:50.000000000,99882,164,99827,164,99933,164,99810,164,99940,164,99800,164,99983,264,99769,164,99988,200,99576,100,99989,100,99397,100,99990,100,99332,100,99997,100,99254,100,99998,100,99232,100,99999,100,,
2019-06-28 09:42:54.152900603,99882,164,99827,164,99933,164,99810,164,99940,164,99800,164,99983,264,99769,164,99988,200,99576,100,99989,100,99397,100,99990,100,99332,100,99996,100,99254,100,99997,100,99232,100,99998,100,,
2019-06-28 09:43:00.000000000,99882,229,99827,229,99933,229,99810,229,99940,100,99800,100,99983,200,99769,100,99988,200,99576,100,99989,100,99397,100,99990,100,99332,100,99996,100,99254,100,99997,100,99232,100,99998,100,,
2019-06-28 09:43:10.000000000,99882,188,99827,188,99933,185,99810,185,99940,185,99800,185,99983,200,99769,100,99988,200,99576,100,99989,100,99397,100,99990,100,99332,100,99996,100,99254,100,99997,100,99232,100,99998,100,,
2019-06-28 09:43:20.000000000,99882,229,99827,229,99933,229,99810,229,99940,100,99800,100,99983,200,99769,100,99988,200,99576,100,99989,100,99397,100,99990,100,99332,100,99996,100,99254,100,99997,100,99232,100,99998,100,,
2019-06-28 09:43:30.000000000,99882,358,99827,358,99933,100,99810,100,99940,100,99800,100,99983,200,99769,100,99988,200,99576,100,99989,100,99397,100,99990,100,99332,100,99996,100,99254,100,99997,100,99232,100,99998,100,,
2019-06-28 09:43:40.000000000,99882,358,99827,358,99933,100,99810,100,99940,100,99800,100,99983,200,99769,100,99988,200,99576,100,99989,100,99397,100,99990,100,99332,100,99996,100,99254,100,99997,100,99232,100,99998,100,,
2019-06-28 09:43:46.612689519,99882,258,99827,358,99933,100,99810,100,99940,100,99800,100,99983,200,99769,100,99988,200,99576,100,99989,100,99397,100,99990,100,99332,100,99996,100,99254,100,99997,100,99232,100,99998,100,,
2019-06-28 09:43:47.638428431,99882,158,99827,358,99933,100,99810,100,99940,100,99800,100,99983,200,99769,100,99988,200,99576,100,99989,100,99397,100,99990,100,99332,100,99996,100,99254,100,99997,100,99232,100,99998,100,,
2019-06-28 09:43:50.000000000,99933,164,99827,164,99940,164,99810,164,99983,264,99800,164,99988,264,99769,164,99989,100,99576,100,99990,100,99397,100,99996,100,99332,100,99997,100,99254,100,99998,100,99232,100,99999,100,,
2019-06-28 09:44:00.000000000,99933,358,99827,358,99940,100,99810,100,99983,200,99800,100,99988,200,99769,100,99989,100,99576,100,99990,100,99397,100,99996,100,99332,100,99997,100,99254,100,99998,100,99232,100,99999,100,,
2019-06-28 09:44:10.000000000,99933,358,99827,358,99940,100,99810,100,99983,200,99800,100,99988,200,99769,100,99989,100,99576,100,99990,100,99397,100,99996,100,99332,100,99997,100,99254,100,99998,100,99232,100,99999,100,,
2019-06-28 09:44:13.227187536,99933,258,99827,358,99940,100,99810,100,99983,200,99800,100,99988,200,99769,100,99989,100,99576,100,99990,100,99397,100,99996,100,99332,100,99997,100,99254,100,99998,100,99232,100,99999,100,,
2019-06-28 09:44:20.000000000,99940,152,99827,152,99983,252,99810,152,99988,252,99800,152,99989,152,99769,152,99990,152,99576,152,99996,100,99397,100,99997,100,99332,100,99998,100,99254,100,99999,100,99232,100,100003,100,,
2019-06-28 09:44:24.646261040,99940,152,99827,152,99983,252,99810,152,99988,252,99800,152,99989,152,99769,152,99990,152,99576,152,99996,100,99397,100,99997,100,99332,100,99998,100,99254,100,99999,100,99232,100,100003,100,,
2019-06-28 09:44:24.752344457,99940,52,99827,152,99983,252,99810,152,99988,252,99800,152,99989,152,99769,152,99990,152,99576,152,99996,100,99397,100,99997,100,99332,100,99998,100,99254,100,99999,100,99232,100,100022,100,,
2019-06-28 09:44:25.784902031,99940,52,99933,100,99983,252,99827,152,99988,252,99810,152,99989,152,99800,152,99990,152,99769,152,99996,100,99576,152,99997,100,99397,100,99998,100,99332,100,99999,100,99254,100,100022,100,99232,100
2019-06-28 09:44:29.494695720,99940,52,99933,200,99983,252,99827,152,99988,252,99810,152,99989,152,99800,152,99990,152,99769,152,99996,100,99576,152,99997,100,99397,100,99998,100,99332,100,99999,100,99254,100,100022,100,99232,100
2019-06-28 09:44:30.000000000,99983,252,99933,252,99988,252,99827,152,99989,152,99810,152,99990,152,99800,152,99996,152,99769,152,99997,100,99576,100,99998,100,99397,100,99999,100,99332,100,100022,100,99254,100,100030,100,99232,100
2019-06-28 09:44:40.000000000,99983,288,99933,288,99988,285,99827,185,99989,185,99810,185,99990,100,99800,100,99996,100,99769,100,99997,100,99576,100,99998,100,99397,100,99999,100,99332,100,100022,100,99254,100,100030,100,99232,100
2019-06-28 09:44:50.000000000,99983,288,99933,288,99988,285,99827,185,99989,185,99810,185,99990,100,99800,100,99996,100,99769,100,99997,100,99576,100,99998,100,99397,100,99999,100,99332,100,100022,100,99254,100,100030,100,99232,100
2019-06-28 09:44:54.496027197,99983,288,99933,388,99988,285,99827,185,99989,185,99810,185,99990,100,99800,100,99996,100,99769,100,99997,100,99576,100,99998,100,99397,100,99999,100,99332,100,100022,100,99254,100,100030,100,99232,100
2019-06-28 09:45:00.000000000,99983,252,99933,352,99988,252,99827,152,99989,152,99810,152,99990,152,99800,152,99996,152,99769,152,99997,100,99576,100,99998,100,99397,100,99999,100,99332,100,100022,100,99254,100,100030,100,99232,100
2019-06-28 09:45:10.000000000,99983,288,99933,388,99988,285,99827,185,99989,185,99810,185,99990,100,99800,100,99996,100,99769,100,99997,100,99576,100,99998,100,99397,100,99999,100,99332,100,100022,100,99254,100,100030,100,99232,100
2019-06-28 09:45:12.689268692,99983,188,99933,388,99988,285,99827,185,99989,185,99810,185,99990,100,99769,100,99996,100,99576,100,99997,100,99397,100,99998,100,99332,100,99999,100,99254,100,100022,100,99232,100,100030,100,,
2019-06-28 09:45:20.000000000,99983,188,99933,388,99988,285,99827,185,99989,185,99810,185,99990,100,99769,100,99996,100,99576,100,99997,100,99397,100,99998,100,99332,100,99999,100,99254,100,100022,100,99232,100,100030,100,,
2019-06-28 09:45:30.000000000,99983,358,99933,558,99988,200,99827,100,99989,100,99810,100,99990,100,99769,100,99996,100,99576,100,99997,100,99397,100,99998,100,99332,100,99999,100,99254,100,100022,100,99232,100,100030,100,,
2019-06-28 09:45:37.906525832,99983,358,99933,558,99988,200,99827,100,99989,100,99810,100,99990,100,99769,100,99996,100,99576,100,99997,100,99397,100,99998,100,99332,100,99999,100,99254,100,100022,100,99232,100,100030,100,,
2019-06-28 09:45:40.000000000,99983,152,99933,352,99988,252,99827,152,99989,152,99810,152,99990,152,99769,152,99996,152,99576,152,99997,100,99397,100,99998,100,99332,100,99999,100,99254,100,100022,100,99232,100,100030,100,,
2019-06-28 09:45:50.000000000,99983,358,99933,558,99988,200,99827,100,99989,100,99810,100,99990,100,99769,100,99996,100,99576,100,99997,100,99397,100,99998,100,99332,100,99999,100,99254,100,100022,100,99232,100,100030,100,,
2019-06-28 09:45:59.642197392,99983,358,99933,558,99988,200,99827,100,99989,100,99810,100,99990,100,99769,100,99996,100,99576,100,99997,100,99397,100,99998,100,99332,100,99999,100,99254,100,100022,100,99232,100,100030,100,,
2019-06-28 09:46:00.000000000,99983,229,99933,429,99988,329,99827,229,99989,100,99810,100,99990,100,99769,100,99996,100,99576,100,99997,100,99397,100,99998,100,99332,100,99999,100,99254,100,100022,100,99232,100,100030,100,,
2019-06-28 09:46:10.000000000,99983,164,99933,364,99988,264,99827,164,99989,164,99810,164,99990,164,99769,164,99996,100,99576,100,99997,100,99397,100,99998,100,99332,100,99999,100,99254,100,100022,100,99232,100,100030,100,,
2019-06-28 09:46:20.000000000,99983,358,99933,558,99988,200,99827,100,99989,100,99810,100,99990,100,99769,100,99996,100,99576,100,99997,100,99397,100,99998,100,99332,100,99999,100,99254,100,100022,100,99232,100,100030,100,,
2019-06-28 09:46:30.000000000,99983,188,99933,388,99988,285,99827,185,99989,185,99810,185,99990,100,99769,100,99996,100,99576,100,99997,100,99397,100,99998,100,99332,100,99999,100,99254,100,100022,100,99232,100,100030,100,,
2019-06-28 09:46:39.387724486,99983,188,99933,388,99988,285,99827,185,99989,185,99810,185,99990,100,99769,100,99996,100,99576,100,99997,100,99397,100,99998,100,99332,100,99999,100,99254,100,100022,100,99232,100,100030,100,,
2019-06-28 09:46:40.000000000,99983,229,99933,429,99988,329,99827,229,99989,100,99810,100,99990,100,99769,100,99996,100,99576,100,99997,100,99397,100,99998,100,99332,100,99999,100,99254,100,100022,100,99232,100,100030,100,,
2019-06-28 09:46:50.000000000,99983,229,99933,429,99988,329,99827,229,99989,100,99810,100,99990,100,99769,100,99996,100,99576,100,99997,100,99397,100,99998,100,99332,100,99999,100,99254,100,100022,100,99232,100,100030,100,,
2019-06-28 09:46:58.038083850,99983,129,99933,429,99988,329,99827,229,99989,100,99810,100,99990,100,99769,100,99996,100,99576,100,99997,100,99397,100,99998,100,99332,100,99999,100,99254,100,100022,100,99232,100,100030,100,,
2019-06-28 09:47:00.000000000,99988,264,99933,364,99989,164,99827,164,99990,164,99810,164,99996,164,99769,164,99997,100,99576,100,99998,100,99397,100,99999,100,99332,100,100022,100,99254,100,100030,100,99232,100,100034,100,,
2019-06-28 09:47:10.000000000,99988,288,99933,388,99989,185,99827,185,99990,185,99810,185,99996,100,99769,100,99997,100,99576,100,99998,100,99397,100,99999,100,99332,100,100022,100,99254,100,100030,100,99232,100,100034,100,,
2019-06-28 09:47:11.160474622,99988,188,99983,100,99989,185,99933,388,99990,185,99827,185,99996,100,99810,185,99997,100,99769,100,99998,100,99576,100,99999,100,99397,100,100022,100,99332,100,100030,100,99254,100,100034,100,99232,100
2019-06-28 09:47:19.734794914,99988,188,99983,100,99989,85,99933,388,99990,185,99827,185,99996,100,99810,185,99997,100,99769,100,99998,100,99576,100,99999,100,99397,100,100022,100,99332,100,100030,100,99254,100,100034,100,99232,100
2019-06-28 09:47:20.000000000,99988,188,99983,188,99990,185,99933,385,99996,185,99827,185,99997,100,99810,100,99998,100,99769,100,99999,100,99576,100,100022,100,99397,100,100030,100,99332,100,100034,100,99254,100,100047,100,99232,100
2019-06-28 09:47:30.000000000,99988,164,99983,164,99990,164,99933,364,99996,164,99827,164,99997,164,99810,164,99998,100,99769,100,99999,100,99576,100,100022,100,99397,100,100030,100,99332,100,100034,100,99254,100,100047,100,99232,100
2019-06-28 09:47:40.000000000,99988,188,99983,188,99990,185,99933,385,99996,185,99827,185,99997,100,99810,100,99998,100,99769,100,99999,100,99576,100,100022,100,99397,100,100030,100,99332,100,100034,100,99254,100,100047,100,99232,100
2019-06-28 09:47:42.687135969,99988,88,99983,188,99990,185,99933,385,99996,185,99827,185,99997,100,99810,100,99998,100,99769,100,99999,100,99576,100,100022,100,99397,100,100030,100,99332,100,100034,100,99254,100,100047,100,99232,100
2019-06-28 09:47:50.000000000,99990,164,99983,164,99996,164,99933,364,99997,164,99827,164,99998,164,99810,164,99999,100,99769,100,100022,100,99576,100,100030,100,99397,100,100034,100,99332,100,100047,100,99254,100,100052,100,99232,100
2019-06-28 09:47:54.891086390,99990,164,99984,100,99996,164,99983,164,99997,164,99933,364,99998,164,99827,164,99999,100,99810,164,100022,100,99769,100,100030,100,99576,100,100034,100,99397,100,100047,100,99332,100,100052,100,99254,100
2019-06-28 09:48:00.000000000,99990,358,99984,358,99996,100,99983,100,99997,100,99933,300,99998,100,99827,100,99999,100,99810,100,100022,100,99769,100,100030,100,99576,100,100034,100,99397,100,100047,100,99332,100,100052,100,99254,100
2019-06-28 09:48:10.000000000,99990,152,99984,152,99996,152,99983,152,99997,152,99933,352,99998,152,99827,152,99999,152,99810,152,100022,100,99769,100,100030,100,99576,100,100034,100,99397,100,100047,100,99332,100,100052,100,99254,100
2019-06-28 09:48:16.875407599,99990,152,99984,152,99996,152,99983,152,99997,152,99933,352,99998,152,99827,152,99999,152,99810,152,100022,100,99769,100,100030,100,99397,100,100034,100,99332,100,100047,100,99254,100,100052,100,99232,100
2019-06-28 09:48:20.000000000,99990,188,99984,188,99996,185,99983,185,99997,185,99933,385,99998,100,99827,100,99999,100,99810,100,100022,100,99769,100,100030,100,99397,100,100034,100,99332,100,100047,100,99254,100,100052,100,99232,100
2019-06-28 09:48:30.000000000,99990,358,99984,358,99996,100,99983,100,99997,100,99933,300,99998,100,99827,100,99999,100,99810,100,100022,100,99769,100,100030,100,99397,100,100034,100,99332,100,100047,100,99254,100,100052,100,99232,100
2019-06-28 09:48:36.265872611,99990,358,99984,358,99996,100,99983,100,99997,100,99933,200,99998,100,99827,100,99999,100,99810,100,100022,100,99769,100,100030,100,99397,100,100034,100,99332,100,100047,100,99254,100,100052,100,99232,100
2019-06-28 09:48:40.000000000,99990,188,99984,188,99996,185,99983,185,99997,185,99933,285,99998,100,99827,100,99999,100,99810,100,100022,100,99769,100,100030,100,99397,100,100034,100,99332,100,100047,100,99254,100,100052,100,99232,100
2019-06-28 09:48:50.000000000,99990,358,99984,358,99996,100,99983,100,99997,100,99933,200,99998,100,99827,100,99999,100,99810,100,100022,100,99769,100,100030,100,99397,100,100034,100,99332,100,100047,100,99254,100,100052,100,99232,100
2019-06-28 09:49:00.000000000,99990,152,99984,152,99996,152,99983,152,99997,152,99933,252,99998,152,99827,152,99999,152,99810,152,100022,100,99769,100,100030,100,99397,100,100034,100,99332,100,100047,100,99254,100,100052,100,99232,100
2019-06-28 09:49:10.000000000,99990,164,99984,164,99996,164,99983,164,99997,164,99933,264,99998,164,99827,164,99999,100,99810,100,100022,100,99769,100,100030,100,99397,100,100034,100,99332,100,100047,100,99254,100,100052,100,99232,100
2019-06-28 09:49:14.180260737,99990,64,99984,164,99996,164,99983,164,99997,164,99933,264,99998,164,99827,164,99999,100,99810,100,100022,100,99769,100,100030,100,99397,100,100034,100,99332,100,100047,100,99254,100,100052,100,99232,100
2019-06-28 09:49:20.000000000,99996,152,99984,152,99997,152,99983,152,99998,152,99933,252,99999,152,99827,152,100022,152,99810,152,100030,100,99769,100,100034,100,99397,100,100047,100,99332,100,100052,100,99254,100,100067,100,99232,100
2019-06-28 09:49:30.000000000,99996,358,99984,358,99997,100,99983,100,99998,100,99933,200,99999,100,99827,100,100022,100,99810,100,100030,100,99769,100,100034,100,99397,100,100047,100,99332,100,100052,100,99254,100,100067,100,99232,100
2019-06-28 09:49:40.000000000,99996,164,99984,164,99997,164,99983,164,99998,164,99933,264,99999,164,99827,164,100022,100,99810,100,100030,100,99769,100,100034,100,99397,100,100047,100,99332,100,100052,100,99254,100,100067,100,99232,100
2019-06-28 09:49:50.000000000,99996,358,99984,358,99997,100,99983,100,99998,100,99933,200,99999,100,99827,100,100022,100,99810,100,100030,100,99769,100,100034,100,99397,100,100047,100,99332,100,100052,100,99254,100,100067,100,99232,100
2019-06-28 09:50:00.000000000,99996,164,99984,164,99997,164,99983,164,99998,164,99933,264,99999,164,99827,164,100022,100,99810,100,100030,100,99769,100,100034,100,99397,100,100047,100,99332,100,100052,100,99254,100,100067,100,99232,100
2019-06-28 09:50:10.000000000,99996,358,99984,358,99997,100,99983,100,99998,100,99933,200,99999,100,99827,100,100022,100,99810,100,100030,100,99769,100,100034,100,99397,100,100047,100,99332,100,100052,100,99254,100,100067,100,99232,100
2019-06-28 09:50:20.000000000,99996,188,99984,188,99997,185,99983,185,99998,185,99933,285,99999,100,99827,100,100022,100,99810,100,100030,100,99769,100,100034,100,99397,100,100047,100,99332,100,100052,100,99254,100,100067,100,99232,100
2019-06-28 09:50:30.000000000,99996,358,99984,358,99997,100,99983,100,99998,100,99933,200,99999,100,99827,100,100022,100,99810,100,100030,100,99769,100,100034,100,99397,100,100047,100,99332,100,100052,100,99254,100,100067,100,99232,100
2019-06-28 09:50:35.696334616,99996,358,99984,358,99997,100,99983,100,99998,100,99933,200,99999,100,99827,100,100022,100,99810,100,100030,100,99769,100,100034,100,99686,100,100047,100,99397,100,100052,100,99332,100,100067,100,99254,100
2019-06-28 09:50:40.000000000,99996,164,99984,164,99997,164,99983,164,99998,164,99933,264,99999,164,99827,164,100022,100,99810,100,100030,100,99769,100,100034,100,99686,100,100047,100,99397,100,100052,100,99332,100,100067,100,99254,100
2019-06-28 09:50:48.603918161,99996,164,99988,100,99997,164,99984,164,99998,164,99983,164,99999,164,99933,264,100022,100,99827,164,100030,100,99810,100,100034,100,99769,100,100047,100,99686,100,100052,100,99397,100,100067,100,99332,100
2019-06-28 09:50:50.000000000,99996,188,99988,188,99997,185,99984,185,99998,185,99983,185,99999,100,99933,200,100022,100,99827,100,100030,100,99810,100,100034,100,99769,100,100047,100,99686,100,100052,100,99397,100,100067,100,99332,100
2019-06-28 09:51:00.000000000,99996,188,99988,188,99997,185,99984,185,99998,185,99983,185,99999,100,99933,200,100022,100,99827,100,100030,100,99810,100,100034,100,99769,100,100047,100,99686,100,100052,100,99397,100,100067,100,99332,100
2019-06-28 09:51:06.018898435,99996,88,99988,188,99997,185,99984,185,99998,185,99983,185,99999,100,99933,200,100022,100,99827,100,100030,100,99810,100,100034,100,99769,100,100047,100,99686,100,100067,100,99397,100,100104,100,99332,100
2019-06-28 09:51:10.000000000,99997,188,99988,188,99998,185,99984,185,99999,185,99983,185,100022,100,99933,200,100030,100,99827,100,100034,100,99810,100,100047,100,99769,100,100067,100,99686,100,100104,100,99397,100,100110,100,99332,100
2019-06-28 09:51:11.244015590,99997,188,99990,100,99998,185,99988,188,99999,185,99984,185,100022,100,99983,185,100030,100,99933,200,100047,100,99827,100,100067,100,99810,100,100104,100,99769,100,100110,100,99686,100,100125,100,99397,100
2019-06-28 09:51:14.089766052,99997,88,99990,100,99998,185,99988,188,99999,185,99984,185,100022,100,99983,185,100030,100,99933,200,100047,100,99827,100,100067,100,99810,100,100104,100,99769,100,100110,100,99686,100,100125,100,99397,100
2019-06-28 09:51:20.000000000,99998,358,99990,358,99999,100,99988,100,100022,100,99984,100,100030,100,99983,100,100047,100,99933,200,100067,100,99827,100,100104,100,99810,100,100110,100,99769,100,100125,100,99686,100,100184,100,99397,100
2019-06-28 09:51:24.547285322,99998,358,99996,100,99999,100,99990,358,100022,100,99988,100,100030,100,99984,100,100047,100,99983,100,100067,100,99933,200,100104,100,99827,100,100110,100,99810,100,100125,100,99769,100,100184,100,99686,100
2019-06-28 09:51:30.000000000,99998,229,99996,229,99999,229,99990,229,100022,100,99988,100,100030,100,99984,100,100047,100,99983,100,100067,100,99933,200,100104,100,99827,100,100110,100,99810,100,100125,100,99769,100,100184,100,99686,100
2019-06-28 09:51:40.000000000,99998,152,99996,152,99999,152,99990,152,100022,152,99988,152,100030,152,99984,152,100047,152,99983,152,100067,100,99933,200,100104,100,99827,100,100110,100,99810,100,100125,100,99769,100,100184,100,99686,100
2019-06-28 09:51:50.000000000,99998,188,99996,188,99999,185,99990,185,100022,185,99988,185,100030,100,99984,100,100047,100,99983,100,100067,100,99933,200,100104,100,99827,100,100110,100,99810,100,100125,100,99769,100,100184,100,99686,100
2019-06-28 09:51:51.252889020,99998,188,99996,188,99999,185,99990,185,100022,185,99988,185,100030,100,99984,100,100031,100,99983,100,100047,100,99933,200,100067,100,99827,100,100104,100,99810,100,100110,100,99769,100,100125,100,99686,100
2019-06-28 09:51:57.083214227,99998,188,99996,88,99999,185,99990,185,100022,185,99988,185,100030,100,99984,100,100031,100,99983,100,100047,100,99933,200,100067,100,99827,100,100104,100,99810,100,100110,100,99769,100,100125,100,99686,100
2019-06-28 09:52:00.000000000,99998,229,99990,229,99999,229,99988,229,100022,100,99984,100,100030,100,99983,100,100031,100,99933,200,100047,100,99827,100,100067,100,99810,100,100104,100,99769,100,100110,100,99686,100,100125,100,99397,100
2019-06-28 09:52:06.626772014,99998,129,99990,229,99999,229,99988,229,100022,100,99984,100,100030,100,99983,100,100031,100,99933,200,100047,100,99827,100,100067,100,99810,100,100104,100,99769,100,100110,100,99686,100,100125,100,99397,100
2019-06-28 09:52:08.589797164,99998,129,99990,229,99999,229,99988,229,100022,100,99984,100,100030,100,99983,100,100031,100,99933,200,100047,100,99827,100,100103,100,99810,100,100104,100,99769,100,100110,100,99686,100,100125,100,99397,100
2019-06-28 09:52:10.000000000,99999,152,99990,152,100022,152,99988,152,100030,152,99984,152,100031,152,99983,152,100047,152,99933,252,100103,100,99827,100,100104,100,99810,100,100110,100,99769,100,100125,100,99686,100,100184,100,99397,100
2019-06-28 09:52:20.000000000,99999,188,99990,188,100022,185,99988,185,100030,185,99984,185,100031,100,99983,100,100047,100,99933,200,100103,100,99827,100,100104,100,99810,100,100110,100,99769,100,100125,100,99686,100,100184,100,99397,100
2019-06-28 09:52:30.000000000,99999,164,99990,164,100022,164,99988,164,100030,164,99984,164,100031,164,99983,164,100047,100,99933,200,100103,100,99827,100,100104,100,99810,100,100110,100,99769,100,100125,100,99686,100,100184,100,99397,100
2019-06-28 09:52:30.787432420,99999,164,99997,100,100022,164,99990,164,100030,164,99988,164,100031,164,99984,164,100047,100,99983,164,100103,100,99933,200,100104,100,99827,100,100110,100,99810,100,100125,100,99769,100,100184,100,99686,100
2019-06-28 09:52:34.213134488,99999,164,99997,100,100022,164,99990,164,100030,164,99988,164,100031,164,99984,164,100047,100,99983,164,100103,100,99933,200,100104,100,99827,100,100110,100,99810,100,100125,100,99769,100,100161,100,99686,100
2019-06-28 09:52:40.000000000,99999,164,99997,164,100022,164,99990,164,100030,164,99988,164,100031,164,99984,164,100047,100,99983,100,100103,100,99933,200,100104,100,99827,100,100110,100,99810,100,100125,100,99769,100,100161,100,99686,100
2019-06-28 09:52:50.000000000,99999,229,99997,229,100022,229,99990,229,100030,100,99988,100,100031,100,99984,100,100047,100,99983,100,100103,100,99933,200,100104,100,99827,100,100110,100,99810,100,100125,100,99769,100,100161,100,99686,100
2019-06-28 09:53:00.000000000,99999,152,99997,152,100022,152,99990,152,100030,152,99988,152,100031,152,99984,152,100047,152,99983,152,100103,100,99933,200,100104,100,99827,100,100110,100,99810,100,100125,100,99769,100,100161,100,99686,100
2019-06-28 09:53:10.000000000,99999,152,99997,152,100022,152,99990,152,100030,152,99988,152,100031,152,99984,152,100047,152,99983,152,100103,100,99933,200,100104,100,99827,100,100110,100,99810,100,100125,100,99769,100,100161,100,99686,100
2019-06-28 09:53:20.000000000,99999,164,99997,164,100022,164,99990,164,100030,164,99988,164,100031,164,99984,164,100047,100,99983,100,100103,100,99933,200,100104,100,99827,100,100110,100,99810,100,100125,100,99769,100,100161,100,99686,100
2019-06-28 09:53:30.000000000,99999,152,99997,152,100022,152,99990,152,100030,152,99988,152,100031,152,99984,152,100047,152,99983,152,100103,100,99933,200,100104,100,99827,100,100110,100,99810,100,100125,100,99769,100,100161,100,99686,100
2019-06-28 09:53:37.589942182,99999,152,99997,52,100022,152,99990,152,100030,152,99988,152,100031,152,99984,152,100047,152,99983,152,100103,100,99933,200,100104,100,99827,100,100110,100,99810,100,100125,100,99769,100,100161,100,99686,100
2019-06-28 09:53:40.000000000,99999,164,99990,164,100022,164,99988,164,100030,164,99984,164,100031,164,99983,164,100047,100,99933,200,100103,100,99827,100,100104,100,99810,100,100110,100,99769,100,100125,100,99686,100,100161,100,99397,100
2019-06-28 09:53:50.000000000,99999,152,99990,152,100022,152,99988,152,100030,152,99984,152,100031,152,99983,152,100047,152,99933,252,100103,100,99827,100,100104,100,99810,100,100110,100,99769,100,100125,100,99686,100,100161,100,99397,100
2019-06-28 09:54:00.000000000,99999,188,99990,188,100022,185,99988,185,100030,185,99984,185,100031,100,99983,100,100047,100,99933,200,100103,100,99827,100,100104,100,99810,100,100110,100,99769,100,100125,100,99686,100,100161,100,99397,100
2019-06-28 09:54:10.000000000,99999,358,99990,358,100022,100,99988,100,100030,100,99984,100,100031,100,99983,100,100047,100,99933,200,100103,100,99827,100,100104,100,99810,100,100110,100,99769,100,100125,100,99686,100,100161,100,99397,100
2019-06-28 09:54:11.029837747,99997,100,99990,358,99999,358,99988,100,100022,100,99984,100,100030,100,99983,100,100031,100,99933,200,100047,100,99827,100,100103,100,99810,100,100104,100,99769,100,100110,100,99686,100,100125,100,99397,100
2019-06-28 09:54:12.617354223,99997,100,99990,258,99999,358,99988,100,100022,100,99984,100,100030,100,99983,100,100031,100,99933,200,100047,100,99810,100,100103,100,99769,100,100104,100,99686,100,100110,100,99397,100,100125,100,99332,100
2019-06-28 09:54:19.158294749,99996,100,99990,258,99997,100,99988,100,99999,358,99984,100,100022,100,99983,100,100030,100,99933,200,100031,100,99810,100,100047,100,99769,100,100103,100,99686,100,100104,100,99397,100,100110,100,99332,100
2019-06-28 09:54:20.000000000,99996,188,99988,188,99997,185,99984,185,99999,185,99983,185,100022,100,99933,200,100030,100,99810,100,100031,100,99769,100,100047,100,99686,100,100103,100,99397,100,100104,100,99332,100,100110,100,99254,100
2019-06-28 09:54:24.355477027,99996,188,99988,88,99997,185,99984,185,99999,185,99983,185,100022,100,99933,200,100030,100,99810,100,100031,100,99769,100,100047,100,99686,100,100103,100,99397,100,100104,100,99332,100,100110,100,99254,100
2019-06-28 09:54:30.000000000,99996,188,99984,188,99997,185,99983,185,99999,185,99933,285,100022,100,99810,100,100030,100,99769,100,100031,100,99686,100,100047,100,99397,100,100103,100,99332,100,100104,100,99254,100,100110,100,,
2019-06-28 09:54:40.000000000,99996,188,99984,188,99997,185,99983,185,99999,185,99933,285,100022,100,99810,100,100030,100,99769,100,100031,100,99686,100,100047,100,99397,100,100103,100,99332,100,100104,100,99254,100,100110,100,,
2019-06-28 09:54:50.000000000,99996,152,99984,152,99997,152,99983,152,99999,152,99933,252,100022,152,99810,152,100030,152,99769,152,100031,100,99686,100,100047,100,99397,100,100103,100,99332,100,100104,100,99254,100,100110,100,,
2019-06-28 09:54:53.044696427,99996,152,99984,152,99997,152,99983,152,99999,152,99933,252,100022,152,99810,152,100030,152,99769,152,100031,100,99686,100,100047,100,99397,100,100103,100,99254,100,100104,100,98268,100,100110,100,,
2019-06-28 09:55:00.000000000,99996,164,99984,164,99997,164,99983,164,99999,164,99933,264,100022,164,99810,164,100030,100,99769,100,100031,100,99686,100,100047,100,99397,100,100103,100,99254,100,100104,100,98268,100,100110,100,,
2019-06-28 09:55:05.401781090,99990,100,99984,164,99996,164,99983,164,99997,164,99933,264,99999,164,99810,164,100022,164,99769,100,100030,100,99686,100,100031,100,99397,100,100047,100,99254,100,100103,100,98268,100,100104,100,,
2019-06-28 09:55:10.000000000,99990,164,99984,164,99996,164,99983,164,99997,164,99933,264,99999,164,99810,164,100022,100,99769,100,100030,100,99686,100,100031,100,99397,100,100047,100,99254,100,100103,100,98268,100,100104,100,,
2019-06-28 09:55:20.000000000,99990,229,99984,229,99996,229,99983,229,99997,100,99933,200,99999,100,99810,100,100022,100,99769,100,100030,100,99686,100,100031,100,99397,100,100047,100,99254,100,100103,100,98268,100,100104,100,,
2019-06-28 09:55:27.440027744,99990,229,99984,229,99996,229,99983,229,99997,100,99933,200,99999,100,99810,100,100022,100,99769,100,100030,100,99686,100,100031,100,99254,100,100047,100,98498,100,100103,100,98268,100,100104,100,,
2019-06-28 09:55:30.000000000,99990,358,99984,358,99996,100,99983,100,99997,100,99933,200,99999,100,99810,100,100022,100,99769,100,100030,100,99686,100,100031,100,99254,100,100047,100,98498,100,100103,100,98268,100,100104,100,,
2019-06-28 09:55:40.000000000,99990,164,99984,164,99996,164,99983,164,99997,164,99933,264,99999,164,99810,164,100022,100,99769,100,100030,100,99686,100,100031,100,99254,100,100047,100,98498,100,100103,100,98268,100,100104,100,,
2019-06-28 09:55:50.000000000,99990,229,99984,229,99996,229,99983,229,99997,100,99933,200,99999,100,99810,100,100022,100,99769,100,100030,100,99686,100,100031,100,99254,100,100047,100,98498,100,100103,100,98268,100,100104,100,,
2019-06-28 09:56:00.000000000,99990,229,99984,229,99996,229,99983,229,99997,100,99933,200,99999,100,99810,100,100022,100,99769,100,100030,100,99686,100,100031,100,99254,100,100047,100,98498,100,100103,100,98268,100,100104,100,,
2019-06-28 09:56:00.507896417,99990,229,99984,229,99996,229,99983,229,99997,100,99933,200,99999,100,99810,100,100022,100,99769,100,100030,100,99686,100,100031,100,99254,100,100047,100,98793,100,100103,100,98498,100,100104,100,98268,100
2019-06-28 09:56:10.000000000,99990,188,99984,188,99996,185,99983,185,99997,185,99933,285,99999,100,99810,100,100022,100,99769,100,100030,100,99686,100,100031,100,99254,100,100047,100,98793,100,100103,100,98498,100,100104,100,98268,100
2019-06-28 09:56:11.440338231,99990,188,99984,188,99996,185,99983,185,99997,185,99933,285,99999,100,99810,100,100022,100,99769,100,100030,100,99686,100,100031,100,99254,100,100047,100,98902,100,100103,100,98793,100,100104,100,98498,100
2019-06-28 09:56:20.000000000,99990,229,99984,229,99996,229,99983,229,99997,100,99933,200,99999,100,99810,100,100022,100,99769,100,100030,100,99686,100,100031,100,99254,100,100047,100,98902,100,100103,100,98793,100,100104,100,98498,100
2019-06-28 09:56:22.392878381,99990,229,99984,129,99996,229,99983,229,99997,100,99933,200,99999,100,99810,100,100022,100,99769,100,100030,100,99686,100,100031,100,99254,100,100047,100,98902,100,100103,100,98793,100,100104,100,98498,100
2019-06-28 09:56:30.000000000,99990,358,99983,358,99996,100,99933,200,99997,100,99810,100,99999,100,99769,100,100022,100,99686,100,100030,100,99254,100,100031,100,98902,100,100047,100,98793,100,100103,100,98498,100,100104,100,98268,100
2019-06-28 09:56:34.208398191,99988,100,99983,358,99990,358,99933,200,99996,100,99810,100,99997,100,99769,100,99999,100,99686,100,100022,100,99254,100,100030,100,98902,100,100031,100,98793,100,100047,100,98498,100,100103,100,98268,100
2019-06-28 09:56:40.000000000,99988,164,99983,164,99990,164,99933,264,99996,164,99810,164,99997,164,99769,164,99999,100,99686,100,100022,100,99254,100,100030,100,98902,100,100031,100,98793,100,100047,100,98498,100,100103,100,98268,100
2019-06-28 09:56:40.679567442,99988,164,99983,164,99990,164,99933,264,99996,164,99810,164,99997,164,99769,164,99999,100,99686,100,100022,100,99254,100,100030,100,99055,100,100031,100,98902,100,100047,100,98793,100,100103,100,98498,100
2019-06-28 09:56:45.812344944,99988,164,99983,164,99990,164,99933,264,99996,164,99810,164,99997,164,99769,164,99999,100,99686,100,100022,100,99254,100,100030,100,99055,100,100031,100,98987,100,100047,100,98902,100,100104,100,98793,100
2019-06-28 09:56:50.000000000,99988,358,99983,358,99990,100,99933,200,99996,100,99810,100,99997,100,99769,100,99999,100,99686,100,100022,100,99254,100,100030,100,99055,100,100031,100,98987,100,100047,100,98902,100,100104,100,98793,100
2019-06-28 09:56:54.748747198,99988,358,99983,358,99990,100,99933,200,99996,100,99810,100,99997,100,99769,100,99999,100,99686,100,100022,100,99254,100,100030,100,99183,100,100031,100,99055,100,100047,100,98987,100,100104,100,98902,100
2019-06-28 09:57:00.000000000,99988,164,99983,164,99990,164,99933,264,99996,164,99810,164,99997,164,99769,164,99999,100,99686,100,100022,100,99254,100,100030,100,99183,100,100031,100,99055,100,100047,100,98987,100,100104,100,98902,100
2019-06-28 09:57:10.000000000,99988,188,99983,188,99990,185,99933,285,99996,185,99810,185,99997,100,99769,100,99999,100,99686,100,100022,100,99254,100,100030,100,99183,100,100031,100,99055,100,100047,100,98987,100,100104,100,98902,100
2019-06-28 09:57:20.000000000,99988,152,99983,152,99990,152,99933,252,99996,152,99810,152,99997,152,99769,152,99999,152,99686,152,100022,100,99254,100,100030,100,99183,100,100031,100,99055,100,100047,100,98987,100,100104,100,98902,100
2019-06-28 09:57:30.000000000,99988,229,99983,229,99990,229,99933,329,99996,100,99810,100,99997,100,99769,100,99999,100,99686,100,100022,100,99254,100,100030,100,99183,100,100031,100,99055,100,100047,100,98987,100,100104,100,98902,100
2019-06-28 09:57:40.000000000,99988,188,99983,188,99990,185,99933,285,99996,185,99810,185,99997,100,99769,100,99999,100,99686,100,100022,100,99254,100,100030,100,99183,100,100031,100,99055,100,100047,100,98987,100,100104,100,98902,100
2019-06-28 09:57:42.001565294,99988,188,99983,88,99990,185,99933,285,99996,185,99810,185,99997,100,99769,100,99999,100,99686,100,100022,100,99254,100,100030,100,99183,100,100031,100,98987,100,100047,100,98902,100,100104,100,98793,100
2019-06-28 09:57:50.000000000,99988,229,99933,329,99990,229,99810,229,99996,100,99769,100,99997,100,99686,100,99999,100,99254,100,100022,100,99183,100,100030,100,98987,100,100031,100,98902,100,100047,100,98793,100,100104,100,98498,100
2019-06-28 09:58:00.000000000,99988,229,99933,329,99990,229,99810,229,99996,100,99769,100,99997,100,99686,100,99999,100,99254,100,100022,100,99183,100,100030,100,98987,100,100031,100,98902,100,100047,100,98793,100,100104,100,98498,100
2019-06-28 09:58:10.000000000,99988,188,99933,288,99990,185,99810,185,99996,185,99769,185,99997,100,99686,100,99999,100,99254,100,100022,100,99183,100,100030,100,98987,100,100031,100,98902,100,100047,100,98793,100,100104,100,98498,100
2019-06-28 09:58:20.000000000,99988,358,99933,458,99990,100,99810,100,99996,100,99769,100,99997,100,99686,100,99999,100,99254,100,100022,100,99183,100,100030,100,98987,100,100031,100,98902,100,100047,100,98793,100,100104,100,98498,100
2019-06-28 09:58:28.523677635,99988,358,99933,458,99990,100,99810,100,99996,100,99769,100,99997,100,99686,100,99999,100,99254,100,100022,100,99183,100,100030,100,99080,100,100047,100,98987,100,100104,100,98902,100,100110,100,98793,100
2019-06-28 09:58:30.000000000,99988,188,99933,288,99990,185,99810,185,99996,185,99769,185,99997,100,99686,100,99999,100,99254,100,100022,100,99183,100,100030,100,99080,100,100047,100,98987,100,100104,100,98902,100,100110,100,98793,100
2019-06-28 09:58:37.635000304,99988,188,99933,288,99990,185,99810,185,99996,185,99769,185,99997,100,99686,100,99999,100,99254,100,100022,100,99183,100,100030,100,99080,100,100047,100,98987,100,100104,100,98956,100,100110,100,98902,100
2019-06-28 09:58:40.000000000,99988,152,99933,252,99990,152,99810,152,99996,152,99769,152,99997,152,99686,152,99999,152,99254,152,100022,100,99183,100,100030,100,99080,100,100047,100,98987,100,100104,100,98956,100,100110,100,98902,100
2019-06-28 09:58:50.000000000,99988,152,99933,252,99990,152,99810,152,99996,152,99769,152,99997,152,99686,152,99999,152,99254,152,100022,100,99183,100,100030,100,99080,100,100047,100,98987,100,100104,100,98956,100,100110,100,98902,100
2019-06-28 09:58:53.185503242,99984,100,99933,252,99988,52,99810,152,99990,152,99769,152,99996,152,99686,152,99997,152,99254,152,99999,152,99183,100,100022,100,99080,100,100030,100,98987,100,100047,100,98956,100,100104,100,98902,100
2019-06-28 09:58:55.032740929,99984,200,99933,252,99988,52,99810,152,99990,152,99769,152,99996,152,99686,152,99997,152,99254,152,99999,152,99183,100,100022,100,99080,100,100030,100,98987,100,100047,100,98956,100,100104,100,98902,100
2019-06-28 09:59:00.000000000,99984,252,99933,252,99990,152,99810,152,99996,152,99769,152,99997,152,99686,152,99999,152,99254,152,100022,100,99183,100,100030,100,99080,100,100047,100,98987,100,100104,100,98956,100,100110,100,98902,100
2019-06-28 09:59:10.000000000,99984,458,99933,458,99990,100,99810,100,99996,100,99769,100,99997,100,99686,100,99999,100,99254,100,100022,100,99183,100,100030,100,99080,100,100047,100,98987,100,100104,100,98956,100,100110,100,98902,100
2019-06-28 09:59:13.545142044,99934,100,99933,458,99984,458,99810,100,99990,100,99769,100,99996,100,99686,100,99997,100,99254,100,99999,100,99183,100,100022,100,99080,100,100030,100,98987,100,100104,100,98956,100,100110,100,98902,100
2019-06-28 09:59:15.126483629,99934,100,99933,458,99984,558,99810,100,99990,100,99769,100,99996,100,99686,100,99997,100,99254,100,99999,100,99183,100,100022,100,99080,100,100030,100,98987,100,100104,100,98956,100,100110,100,98902,100
2019-06-28 09:59:19.953099259,99934,100,99933,458,99984,658,99810,100,99990,100,99769,100,99996,100,99686,100,99997,100,99254,100,99999,100,99183,100,100022,100,99080,100,100030,100,98987,100,100104,100,98956,100,100110,100,98902,100
2019-06-28 09:59:20.000000000,99934,164,99933,264,99984,464,99810,164,99990,164,99769,164,99996,164,99686,164,99997,100,99254,100,99999,100,99183,100,100022,100,99080,100,100030,100,98987,100,100104,100,98956,100,100110,100,98902,100
2019-06-28 09:59:26.334407271,99934,164,99933,264,99984,464,99810,164,99990,164,99769,164,99996,164,99689,100,99997,100,99686,164,99999,100,99254,100,100022,100,99183,100,100030,100,99080,100,100104,100,98987,100,100110,100,98956,100
2019-06-28 09:59:30.000000000,99934,229,99933,329,99984,529,99810,229,99990,100,99769,100,99996,100,99689,100,99997,100,99686,100,99999,100,99254,100,100022,100,99183,100,100030,100,99080,100,100104,100,98987,100,100110,100,98956,100
2019-06-28 09:59:40.000000000,99934,152,99933,252,99984,452,99810,152,99990,152,99769,152,99996,152,99689,152,99997,152,99686,152,99999,100,99254,100,100022,100,99183,100,100030,100,99080,100,100104,100,98987,100,100110,100,98956,100
2019-06-28 09:59:47.548265402,99934,152,99933,152,99984,452,99810,152,99990,152,99769,152,99996,152,99689,152,99997,152,99686,152,99999,100,99254,100,100022,100,99183,100,100030,100,99080,100,100104,100,98987,100,100110,100,98956,100
2019-06-28 09:59:50.000000000,99934,188,99933,188,99984,485,99810,185,99990,185,99769,185,99996,100,99689,100,99997,100,99686,100,99999,100,99254,100,100022,100,99183,100,100030,100,99080,100,100104,100,98987,100,100110,100,98956,100
2019-06-28 10:00:00.000000000,99934,188,99933,188,99984,485,99810,185,99990,185,99769,185,99996,100,99689,100,99997,100,99686,100,99999,100,99254,100,100022,100,99183,100,100030,100,99080,100,100104,100,98987,100,100110,100,98956,100
2019-06-28 10:00:04.312892420,99934,188,99933,88,99984,485,99810,185,99990,185,99769,185,99996,100,99689,100,99997,100,99686,100,99999,100,99254,100,100022,100,99183,100,100030,100,99080,100,100104,100,98987,100,100110,100,98956,100
2019-06-28 10:00:10.000000000,99934,188,99810,188,99984,485,99769,185,99990,185,99689,185,99996,100,99686,100,99997,100,99254,100,99999,100,99183,100,100022,100,99080,100,100030,100,98987,100,100104,100,98956,100,100110,100,98902,100
2019-06-28 10:00:10.071593614,99934,188,99810,88,99984,485,99769,185,99990,185,99689,185,99996,100,99686,100,99997,100,99254,100,99999,100,99183,100,100022,100,99080,100,100030,100,98987,100,100104,100,98956,100,100110,100,98902,100
2019-06-28 10:00:11.984792938,99810,12,99769,85,99934,188,99689,185,99984,485,99686,100,99990,185,99254,100,99996,100,99183,100,99997,100,99080,100,99999,100,98987,100,100022,100,98956,100,100030,100,98902,100,100104,100,98793,100
2019-06-28 10:00:18.235877537,99769,15,99689,185,99810,12,99686,100,99934,188,99254,100,99984,485,99183,100,99990,185,99080,100,99996,100,98987,100,99997,100,98956,100,99999,100,98902,100,100022,100,98793,100,100030,100,98498,100
2019-06-28 10:00:20.000000000,99769,144,99689,229,99810,141,99686,229,99934,100,99254,100,99984,400,99183,100,99990,100,99080,100,99996,100,98987,100,99997,100,98956,100,99999,100,98902,100,100022,100,98793,100,100030,100,98498,100
2019-06-28 10:00:30.000000000,99769,103,99689,188,99810,97,99686,185,99934,185,99254,185,99984,400,99183,100,99990,100,99080,100,99996,100,98987,100,99997,100,98956,100,99999,100,98902,100,100022,100,98793,100,100030,100,98498,100
2019-06-28 10:00:40.000000000,99769,144,99689,229,99810,141,99686,229,99934,100,99254,100,99984,400,99183,100,99990,100,99080,100,99996,100,98987,100,99997,100,98956,100,99999,100,98902,100,100022,100,98793,100,100030,100,98498,100
2019-06-28 10:00:50.000000000,99769,79,99689,164,99810,76,99686,164,99934,164,99254,164,99984,464,99183,164,99990,100,99080,100,99996,100,98987,100,99997,100,98956,100,99999,100,98902,100,100022,100,98793,100,100030,100,98498,100
2019-06-28 10:00:51.162252067,99769,79,99689,164,99810,76,99686,164,99934,164,99254,164,99984,364,99183,164,99990,100,99080,100,99996,100,98987,100,99997,100,98956,100,99999,100,98902,100,100022,100,98793,100,100030,100,98498,100
2019-06-28 10:01:00.000000000,99769,79,99689,164,99810,76,99686,164,99934,164,99254,164,99984,364,99183,164,99990,100,99080,100,99996,100,98987,100,99997,100,98956,100,99999,100,98902,100,100022,100,98793,100,100030,100,98498,100
2019-06-28 10:01:10.000000000,99769,103,99689,188,99810,97,99686,185,99934,185,99254,185,99984,300,99183,100,99990,100,99080,100,99996,100,98987,100,99997,100,98956,100,99999,100,98902,100,100022,100,98793,100,100030,100,98498,100
2019-06-28 10:01:20.000000000,99769,67,99689,152,99810,64,99686,152,99934,152,99254,152,99984,352,99183,152,99990,152,99080,152,99996,100,98987,100,99997,100,98956,100,99999,100,98902,100,100022,100,98793,100,100030,100,98498,100
2019-06-28 10:01:25.989003619,99810,64,99769,33,99934,152,99689,152,99984,352,99686,152,99990,152,99254,152,99996,100,99183,52,99997,100,99080,152,99999,100,98987,100,100022,100,98956,100,100030,100,98902,100,100104,100,98793,100
2019-06-28 10:01:27.508853944,99810,64,99769,133,99934,152,99689,152,99984,352,99686,152,99990,152,99254,152,99996,100,99183,52,99997,100,99080,152,99999,100,98987,100,100022,100,98956,100,100030,100,98902,100,100104,100,98793,100
2019-06-28 10:01:27.968124624,99810,64,99769,133,99934,152,99689,152,99984,352,99686,152,99990,152,99254,152,99996,100,99183,52,99997,100,99080,152,99999,100,98987,100,100022,100,98956,100,100030,100,98902,100,100104,100,98793,100
2019-06-28 10:01:30.000000000,99810,141,99769,262,99934,229,99689,229,99984,300,99686,100,99990,100,99254,100,99996,100,99080,100,99997,100,98987,100,99999,100,98956,100,100022,100,98902,100,100030,100,98793,100,100104,100,98498,100
2019-06-28 10:01:33.261683485,99810,141,99769,262,99934,229,99689,229,99984,300,99686,100,99990,100,99254,100,99996,100,99080,100,99997,100,98987,100,99999,100,98956,100,100030,100,98902,100,100104,100,98793,100,100110,100,98498,100
2019-06-28 10:01:33.866725922,99810,41,99769,262,99934,229,99689,229,99984,300,99686,100,99990,100,99254,100,99996,100,99080,100,99997,100,98987,100,99999,100,98956,100,100030,100,98902,100,100104,100,98793,100,100110,100,98498,100
2019-06-28 10:01:35.287825254,99810,41,99769,262,99934,229,99689,229,99984,300,99686,100,99990,100,99254,100,99996,100,99080,100,99997,100,98987,100,99999,100,98956,100,100030,100,98902,100,100104,100,98793,100,100110,100,98498,100
2019-06-28 10:01:40.000000000,99934,358,99769,391,99984,300,99689,100,99990,100,99686,100,99996,100,99254,100,99997,100,99080,100,99999,100,98987,100,100030,100,98956,100,100104,100,98902,100,100110,100,98793,100,100161,100,98498,100
2019-06-28 10:01:42.887830487,99934,358,99769,391,99984,300,99689,100,99990,100,99686,100,99996,100,99254,100,99997,100,99080,100,99999,100,98987,100,100030,100,98956,100,100104,100,98902,100,100110,100,98793,100,100161,100,98498,100
2019-06-28 10:01:50.000000000,99934,229,99769,262,99984,429,99689,229,99990,100,99686,100,99996,100,99254,100,99997,100,99080,100,99999,100,98987,100,100030,100,98956,100,100104,100,98902,100,100110,100,98793,100,100161,100,98498,100
2019-06-28 10:02:00.000000000,99934,164,99769,197,99984,364,99689,164,99990,164,99686,164,99996,164,99254,164,99997,100,99080,100,99999,100,98987,100,100030,100,98956,100,100104,100,98902,100,100110,100,98793,100,100161,100,98498,100
2019-06-28 10:02:10.000000000,99934,164,99769,197,99984,364,99689,164,99990,164,99686,164,99996,164,99254,164,99997,100,99080,100,99999,100,98987,100,100030,100,98956,100,100104,100,98902,100,100110,100,98793,100,100161,100,98498,100
2019-06-28 10:02:16.597400968,99934,164,99769,197,99984,364,99689,164,99990,164,99686,164,99996,164,99617,100,99997,100,99254,164,99999,100,99080,100,100030,100,98987,100,100104,100,98956,100,100110,100,98902,100,100161,100,98793,100
2019-06-28 10:02:20.000000000,99934,358,99769,391,99984,300,99689,100,99990,100,99686,100,99996,100,99617,100,99997,100,99254,100,99999,100,99080,100,100030,100,98987,100,100104,100,98956,100,100110,100,98902,100,100161,100,98793,100
2019-06-28 10:02:30.000000000,99934,188,99769,221,99984,385,99689,185,99990,185,99686,185,99996,100,99617,100,99997,100,99254,100,99999,100,99080,100,100030,100,98987,100,100104,100,98956,100,100110,100,98902,100,100161,100,98793,100
2019-06-28 10:02:40.000000000,99934,229,99769,262,99984,429,99689,229,99990,100,99686,100,99996,100,99617,100,99997,100,99254,100,99999,100,99080,100,100030,100,98987,100,100104,100,98956,100,100110,100,98902,100,100161,100,98793,100
2019-06-28 10:02:40.318565353,99934,229,99864,100,99984,429,99769,262,99990,100,99689,229,99996,100,99686,100,99997,100,99617,100,99999,100,99254,100,100030,100,99080,100,100104,100,98987,100,100110,100,98956,100,100161,100,98902,100
2019-06-28 10:02:49.682339368,99934,229,99769,262,99984,429,99689,229,99990,100,99686,100,99996,100,99617,100,99997,100,99254,100,99999,100,99080,100,100030,100,98987,100,100104,100,98956,100,100110,100,98902,100,100161,100,98793,100
2019-06-28 10:02:50.000000000,99934,229,99769,262,99984,429,99689,229,99990,100,99686,100,99996,100,99617,100,99997,100,99254,100,99999,100,99080,100,100030,100,98987,100,100104,100,98956,100,100110,100,98902,100,100161,100,98793,100
2019-06-28 10:03:00.000000000,99934,188,99769,221,99984,385,99689,185,99990,185,99686,185,99996,100,99617,100,99997,100,99254,100,99999,100,99080,100,100030,100,98987,100,100104,100,98956,100,100110,100,98902,100,100161,100,98793,100
2019-06-28 10:03:10.000000000,99934,358,99769,391,99984,300,99689,100,99990,100,99686,100,99996,100,99617,100,99997,100,99254,100,99999,100,99080,100,100030,100,98987,100,100104,100,98956,100,100110,100,98902,100,100161,100,98793,100
2019-06-28 10:03:13.193789778,99934,258,99769,391,99984,300,99717,100,99990,100,99689,100,99996,100,99686,100,99997,100,99617,100,99999,100,99254,100,100030,100,99080,100,100104,100,98987,100,100110,100,98956,100,100161,100,98902,100
2019-06-28 10:03:15.007677624,99864,100,99769,391,99934,258,99717,100,99984,300,99689,100,99990,100,99686,100,99996,100,99617,100,99997,100,99254,100,99999,100,99080,100,100030,100,98987,100,100104,100,98956,100,100110,100,98902,100
2019-06-28 10:03:17.771828596,99854,100,99769,391,99864,100,99717,100,99934,258,99689,100,99984,300,99686,100,99990,100,99617,100,99996,100,99254,100,99997,100,99080,100,99999,100,98987,100,100030,100,98956,100,100104,100,98902,100
2019-06-28 10:03:20.000000000,99854,164,99769,197,99864,164,99717,164,99984,364,99689,164,99990,164,99686,164,99996,100,99617,100,99997,100,99254,100,99999,100,99080,100,100030,100,98987,100,100104,100,98956,100,100110,100,98902,100
2019-06-28 10:03:30.000000000,99854,229,99769,262,99864,229,99717,229,99984,300,99689,100,99990,100,99686,100,99996,100,99617,100,99997,100,99254,100,99999,100,99080,100,100030,100,98987,100,100104,100,98956,100,100110,100,98902,100
2019-06-28 10:03:40.000000000,99854,152,99769,185,99864,152,99717,152,99984,352,99689,152,99990,152,99686,152,99996,152,99617,152,99997,100,99254,100,99999,100,99080,100,100030,100,98987,100,100104,100,98956,100,100110,100,98902,100
2019-06-28 10:03:41.108318372,99854,152,99769,185,99864,152,99717,152,99984,352,99689,152,99990,152,99686,152,99996,152,99617,152,99997,100,99254,100,99999,100,99080,100,100030,100,98987,100,100104,100,98956,100,100110,100,98902,100
2019-06-28 10:03:50.000000000,99854,164,99769,197,99864,164,99717,164,99984,364,99689,164,99990,164,99686,164,99996,100,99617,100,99997,100,99254,100,99999,100,99080,100,100030,100,98987,100,100104,100,98956,100,100110,100,98902,100
2019-06-28 10:04:00.000000000,99854,229,99769,262,99864,229,99717,229,99984,300,99689,100,99990,100,99686,100,99996,100,99617,100,99997,100,99254,100,99999,100,99080,100,100030,100,98987,100,100104,100,98956,100,100110,100,98902,100
2019-06-28 10:04:10.000000000,99854,358,99769,391,99864,100,99717,100,99984,300,99689,100,99990,100,99686,100,99996,100,99617,100,99997,100,99254,100,99999,100,99080,100,100030,100,98987,100,100104,100,98956,100,100110,100,98902,100
2019-06-28 10:04:20.000000000,99854,358,99769,391,99864,100,99717,100,99984,300,99689,100,99990,100,99686,100,99996,100,99617,100,99997,100,99254,100,99999,100,99080,100,100030,100,98987,100,100104,100,98956,100,100110,100,98902,100
2019-06-28 10:04:30.000000000,99854,188,99769,221,99864,185,99717,185,99984,385,99689,185,99990,100,99686,100,99996,100,99617,100,99997,100,99254,100,99999,100,99080,100,100030,100,98987,100,100104,100,98956,100,100110,100,98902,100
2019-06-28 10:04:32.556882041,99854,88,99769,221,99864,185,99717,185,99984,385,99689,185,99990,100,99686,100,99996,100,99254,100,99997,100,99080,100,99999,100,98987,100,100030,100,98956,100,100104,100,98902,100,100110,100,98498,100
2019-06-28 10:04:33.824371607,99854,88,99769,221,99864,185,99717,185,99984,385,99689,185,99996,100,99686,100,99997,100,99254,100,99999,100,99080,100,100030,100,98987,100,100104,100,98956,100,100110,100,98902,100,100161,100,98498,100
2019-06-28 10:04:40.000000000,99864,358,99769,391,99984,300,99717,100,99996,100,99689,100,99997,100,99686,100,99999,100,99254,100,100030,100,99080,100,100104,100,98987,100,100110,100,98956,100,100161,100,98902,100,100239,100,98498,100
2019-06-28 10:04:49.143379028,99864,358,99769,391,99984,300,99717,100,99996,100,99689,100,99997,100,99686,100,99999,100,99254,100,100030,100,99080,100,100033,100,98987,100,100104,100,98956,100,100110,100,98902,100,100161,100,98498,100
2019-06-28 10:04:50.000000000,99864,229,99769,262,99984,429,99717,229,99996,100,99689,100,99997,100,99686,100,99999,100,99254,100,100030,100,99080,100,100033,100,98987,100,100104,100,98956,100,100110,100,98902,100,100161,100,98498,100
2019-06-28 10:04:57.922018575,99864,229,99769,262,99984,429,99717,229,99996,100,99689,100,99997,100,99686,100,99999,100,99254,100,100030,100,99080,100,100033,100,98987,100,100104,100,98956,100,100110,100,98902,100,100161,100,98498,100
2019-06-28 10:05:00.000000000,99864,188,99769,221,99984,385,99717,185,99996,185,99689,185,99997,100,99686,100,99999,100,99254,100,100030,100,99080,100,100033,100,98987,100,100104,100,98956,100,100110,100,98902,100,100161,100,98498,100
2019-06-28 10:05:00.513391063,99864,88,99769,221,99984,385,99717,185,99996,185,99689,185,99997,100,99686,100,99999,100,99254,100,100030,100,99080,100,100033,100,98987,100,100104,100,98956,100,100110,100,98902,100,100161,100,98498,100
2019-06-28 10:05:02.516072655,99864,88,99769,221,99984,385,99717,185,99996,185,99689,185,99997,100,99686,100,99999,100,99254,100,100030,100,99080,100,100033,100,98987,100,100104,100,98902,100,100110,100,98498,100,100138,100,98268,100
2019-06-28 10:05:02.643918907,99984,385,99864,12,99996,185,99769,221,99997,100,99717,185,99999,100,99689,185,100030,100,99686,100,100033,100,99254,100,100104,100,99080,100,100110,100,98902,100,100138,100,98498,100,100161,100,98268,100
2019-06-28 10:05:07.983960137,99984,385,99864,12,99996,185,99769,221,99997,100,99717,185,99999,100,99689,185,100030,100,99686,100,100033,100,99254,100,100104,100,99080,100,100110,100,98902,100,100138,100,98498,100,100161,100,98268,100
2019-06-28 10:05:10.000000000,99984,558,99864,270,99996,100,99769,133,99997,100,99717,100,99999,100,99689,100,100030,100,99686,100,100033,100,99254,100,100104,100,99080,100,100110,100,98902,100,100138,100,98498,100,100161,100,98268,100
2019-06-28 10:05:14.917528079,99984,458,99864,270,99996,100,99769,100,99997,100,99717,100,99999,100,99689,100,100030,100,99686,100,100033,100,99254,100,100104,100,99080,100,100110,100,98902,100,100138,100,98498,100,100161,100,98268,100
2019-06-28 10:05:20.000000000,99984,264,99864,76,99996,164,99769,164,99997,164,99717,164,99999,164,99689,164,100030,100,99686,100,100033,100,99254,100,100104,100,99080,100,100110,100,98902,100,100138,100,98498,100,100161,100,98268,100
2019-06-28 10:05:21.546989063,99984,164,99864,76,99996,164,99769,164,99997,164,99717,164,99999,164,99689,164,100030,100,99686,100,100033,100,99254,100,100104,100,99080,100,100110,100,98498,100,100138,100,98268,100,100161,100,,
2019-06-28 10:05:23.983651370,99984,164,99864,76,99996,164,99769,164,99997,164,99717,164,99999,164,99689,164,100030,100,99686,100,100033,100,99254,100,100104,100,99080,100,100110,100,98498,100,100138,100,98268,100,100161,100,,
2019-06-28 10:05:30.000000000,99984,152,99864,64,99996,152,99769,152,99997,152,99717,152,99999,152,99689,152,100030,152,99686,152,100033,100,99254,100,100104,100,99080,100,100110,100,98498,100,100138,100,98268,100,100161,100,,
2019-06-28 10:05:33.059141583,99979,100,99864,64,99984,152,99769,152,99996,152,99717,152,99997,152,99689,152,99999,152,99686,152,100030,152,99254,100,100033,100,99080,100,100104,100,98498,100,100110,100,98268,100,100138,100,,
2019-06-28 10:05:40.000000000,99979,358,99864,270,99984,100,99769,100,99996,100,99717,100,99997,100,99689,100,99999,100,99686,100,100030,100,99254,100,100033,100,99080,100,100104,100,98498,100,100110,100,98268,100,100138,100,,
2019-06-28 10:05:50.000000000,99979,152,99864,64,99984,152,99769,152,99996,152,99717,152,99997,152,99689,152,99999,152,99686,152,100030,100,99254,100,100033,100,99080,100,100104,100,98498,100,100110,100,98268,100,100138,100,,
2019-06-28 10:06:00.000000000,99979,229,99864,141,99984,229,99769,229,99996,100,99717,100,99997,100,99689,100,99999,100,99686,100,100030,100,99254,100,100033,100,99080,100,100104,100,98498,100,100110,100,98268,100,100138,100,,
2019-06-28 10:06:10.000000000,99979,164,99864,76,99984,164,99769,164,99996,164,99717,164,99997,164,99689,164,99999,100,99686,100,100030,100,99254,100,100033,100,99080,100,100104,100,98498,100,100110,100,98268,100,100138,100,,
2019-06-28 10:06:20.000000000,99979,188,99864,100,99984,185,99769,185,99996,185,99717,185,99997,100,99689,100,99999,100,99686,100,100030,100,99254,100,100033,100,99080,100,100104,100,98498,100,100110,100,98268,100,100138,100,,
2019-06-28 10:06:28.654448845,99979,188,99864,100,99984,185,99769,185,99996,185,99717,185,99997,100,99689,100,99999,100,99686,100,100030,100,99381,100,100033,100,99254,100,100104,100,99080,100,100110,100,98498,100,100138,100,98268,100
2019-06-28 10:06:30.000000000,99979,152,99864,64,99984,152,99769,152,99996,152,99717,152,99997,152,99689,152,99999,152,99686,152,100030,100,99381,100,100033,100,99254,100,100104,100,99080,100,100110,100,98498,100,100138,100,98268,100
2019-06-28 10:06:34.954566710,99979,152,99864,64,99984,152,99769,152,99996,152,99717,152,99997,152,99689,152,99999,152,99686,152,100033,100,99447,100,100104,100,99381,100,100110,100,99254,100,100138,100,99080,100,100161,100,98498,100
2019-06-28 10:06:40.000000000,99979,229,99864,141,99984,229,99769,229,99996,100,99717,100,99997,100,99689,100,99999,100,99686,100,100033,100,99447,100,100104,100,99381,100,100110,100,99254,100,100138,100,99080,100,100161,100,98498,100
2019-06-28 10:06:50.000000000,99979,188,99864,100,99984,185,99769,185,99996,185,99717,185,99997,100,99689,100,99999,100,99686,100,100033,100,99447,100,100104,100,99381,100,100110,100,99254,100,100138,100,99080,100,100161,100,98498,100
2019-06-28 10:07:00.000000000,99979,164,99864,76,99984,164,99769,164,99996,164,99717,164,99997,164,99689,164,99999,100,99686,100,100033,100,99447,100,100104,100,99381,100,100110,100,99254,100,100138,100,99080,100,100161,100,98498,100
2019-06-28 10:07:10.000000000,99979,152,99864,64,99984,152,99769,152,99996,152,99717,152,99997,152,99689,152,99999,152,99686,152,100033,100,99447,100,100104,100,99381,100,100110,100,99254,100,100138,100,99080,100,100161,100,98498,100
2019-06-28 10:07:19.701479236,99979,152,99864,64,99984,152,99769,152,99985,100,99717,152,99996,152,99689,152,99997,152,99686,152,99999,152,99447,100,100033,100,99381,100,100104,100,99254,100,100110,100,99080,100,100138,100,98498,100
2019-06-28 10:07:20.000000000,99979,358,99864,270,99984,100,99769,100,99985,100,99717,100,99996,100,99689,100,99997,100,99686,100,99999,100,99447,100,100033,100,99381,100,100104,100,99254,100,100110,100,99080,100,100138,100,98498,100
2019-06-28 10:07:24.867857631,99979,358,99864,270,99984,100,99769,100,99985,100,99717,100,99996,100,99689,100,99997,100,99686,100,99999,100,99450,100,100033,100,99447,100,100104,100,99381,100,100110,100,99254,100,100138,100,99080,100
2019-06-28 10:07:30.000000000,99979,229,99864,141,99984,229,99769,229,99985,100,99717,100,99996,100,99689,100,99997,100,99686,100,99999,100,99450,100,100033,100,99447,100,100104,100,99381,100,100110,100,99254,100,100138,100,99080,100
2019-06-28 10:07:40.000000000,99979,164,99864,76,99984,164,99769,164,99985,164,99717,164,99996,164,99689,164,99997,100,99686,100,99999,100,99450,100,100033,100,99447,100,100104,100,99381,100,100110,100,99254,100,100138,100,99080,100
2019-06-28 10:07:42.783808451,99979,164,99864,76,99984,64,99769,164,99985,164,99717,164,99996,164,99689,164,99997,100,99686,100,99999,100,99450,100,100033,100,99447,100,100104,100,99381,100,100110,100,99254,100,100138,100,99080,100
2019-06-28 10:07:50.000000000,99979,229,99864,141,99985,229,99769,229,99996,100,99717,100,99997,100,99689,100,99999,100,99686,100,100033,100,99450,100,100104,100,99447,100,100110,100,99381,100,100138,100,99254,100,100161,100,99080,100
2019-06-28 10:07:54.447915017,99979,229,99864,41,99985,229,99769,229,99996,100,99717,100,99997,100,99689,100,99999,100,99686,100,100033,100,99450,100,100104,100,99447,100,100110,100,99381,100,100138,100,99254,100,100161,100,99080,100
2019-06-28 10:08:00.000000000,99979,229,99769,229,99985,229,99717,229,99996,100,99689,100,99997,100,99686,100,99999,100,99450,100,100033,100,99447,100,100104,100,99381,100,100110,100,99254,100,100138,100,99080,100,100161,100,98498,100
2019-06-28 10:08:08.428161258,99979,229,99769,229,99985,229,99717,229,99996,100,99689,100,99997,100,99686,100,99999,100,99450,100,100033,100,99447,100,100104,100,99381,100,100110,100,99254,100,100138,100,99080,100,100161,100,98991,100
2019-06-28 10:08:10.000000000,99979,358,99769,358,99985,100,99717,100,99996,100,99689,100,99997,100,99686,100,99999,100,99450,100,100033,100,99447,100,100104,100,99381,100,100110,100,99254,100,100138,100,99080,100,100161,100,98991,100
2019-06-28 10:08:20.000000000,99979,164,99769,164,99985,164,99717,164,99996,164,99689,164,99997,164,99686,164,99999,100,99450,100,100033,100,99447,100,100104,100,99381,100,100110,100,99254,100,100138,100,99080,100,100161,100,98991,100
2019-06-28 10:08:30.000000000,99979,229,99769,229,99985,229,99717,229,99996,100,99689,100,99997,100,99686,100,99999,100,99450,100,100033,100,99447,100,100104,100,99381,100,100110,100,99254,100,100138,100,99080,100,100161,100,98991,100
2019-06-28 10:08:39.116295839,99978,100,99769,229,99979,229,99717,229,99985,229,99689,100,99996,100,99686,100,99997,100,99450,100,99999,100,99447,100,100033,100,99381,100,100104,100,99254,100,100110,100,99080,100,100138,100,98991,100
2019-06-28 10:08:40.000000000,99978,358,99769,358,99979,100,99717,100,99985,100,99689,100,99996,100,99686,100,99997,100,99450,100,99999,100,99447,100,100033,100,99381,100,100104,100,99254,100,100110,100,99080,100,100138,100,98991,100
2019-06-28 10:08:42.248663348,99978,458,99769,258,99979,100,99717,100,99985,100,99689,100,99996,100,99686,100,99997,100,99450,100,99999,100,99447,100,100033,100,99381,100,100104,100,99254,100,100110,100,99080,100,100138,100,98991,100
2019-06-28 10:08:50.000000000,99978,264,99717,164,99979,164,99689,164,99985,164,99686,164,99996,164,99450,164,99997,100,99447,100,99999,100,99381,100,100033,100,99254,100,100104,100,99080,100,100110,100,98991,100,100138,100,98498,100
2019-06-28 10:08:53.423280377,99978,264,99717,164,99979,164,99689,164,99985,164,99686,164,99996,164,99450,164,99997,100,99447,100,99999,100,99381,100,100033,100,99369,100,100104,100,99254,100,100110,100,99080,100,100138,100,98991,100
2019-06-28 10:09:00.000000000,99978,329,99717,229,99979,229,99689,229,99985,100,99686,100,99996,100,99450,100,99997,100,99447,100,99999,100,99381,100,100033,100,99369,100,100104,100,99254,100,100110,100,99080,100,100138,100,98991,100
2019-06-28 10:09:08.736386131,99978,429,99717,229,99979,229,99689,229,99985,100,99686,100,99996,100,99450,100,99997,100,99447,100,99999,100,99381,100,100033,100,99369,100,100104,100,99254,100,100110,100,99080,100,100138,100,98991,100
2019-06-28 10:09:10.000000000,99978,558,99717,358,99979,100,99689,100,99985,100,99686,100,99996,100,99450,100,99997,100,99447,100,99999,100,99381,100,100033,100,99369,100,100104,100,99254,100,100110,100,99080,100,100138,100,98991,100
2019-06-28 10:09:20.000000000,99978,429,99717,229,99979,229,99689,229,99985,100,99686,100,99996,100,99450,100,99997,100,99447,100,99999,100,99381,100,100033,100,99369,100,100104,100,99254,100,100110,100,99080,100,100138,100,98991,100
2019-06-28 10:09:30.000000000,99978,429,99717,229,99979,229,99689,229,99985,100,99686,100,99996,100,99450,100,99997,100,99447,100,99999,100,99381,100,100033,100,99369,100,100104,100,99254,100,100110,100,99080,100,100138,100,98991,100
2019-06-28 10:09:40.000000000,99978,364,99717,164,99979,164,99689,164,99985,164,99686,164,99996,164,99450,164,99997,100,99447,100,99999,100,99381,100,100033,100,99369,100,100104,100,99254,100,100110,100,99080,100,100138,100,98991,100
2019-06-28 10:09:50.000000000,99978,352,99717,152,99979,152,99689,152,99985,152,99686,152,99996,152,99450,152,99997,152,99447,152,99999,100,99381,100,100033,100,99369,100,100104,100,99254,100,100110,100,99080,100,100138,100,98991,100
2019-06-28 10:09:51.035997715,99978,352,99717,152,99979,152,99689,152,99985,152,99686,152,99996,152,99450,152,99997,152,99447,152,99999,100,99381,100,100033,100,99369,100,100104,100,99254,100,100110,100,99080,100,100138,100,98991,100
2019-06-28 10:09:58.190737648,99978,252,99717,152,99979,152,99689,152,99985,152,99686,152,99996,152,99450,152,99997,152,99447,152,99999,100,99381,100,100033,100,99369,100,100104,100,99254,100,100110,100,99080,100,100138,100,98991,100
2019-06-28 10:10:00.000000000,99978,288,99717,188,99979,185,99689,185,99985,185,99686,185,99996,100,99450,100,99997,100,99447,100,99999,100,99381,100,100033,100,99369,100,100104,100,99254,100,100110,100,99080,100,100138,100,98991,100
2019-06-28 10:10:09.232688515,99978,288,99717,188,99979,185,99689,185,99985,185,99686,185,99996,100,99450,100,99997,100,99447,100,99999,100,99381,100,100033,100,99369,100,100088,100,99254,100,100104,100,99080,100,100110,100,98991,100
2019-06-28 10:10:10.000000000,99978,458,99717,358,99979,100,99689,100,99985,100,99686,100,99996,100,99450,100,99997,100,99447,100,99999,100,99381,100,100033,100,99369,100,100088,100,99254,100,100104,100,99080,100,100110,100,98991,100
2019-06-28 10:10:15.732132585,99978,358,99717,358,99979,100,99689,100,99985,100,99686,100,99996,100,99450,100,99997,100,99447,100,99999,100,99381,100,100033,100,99369,100,100088,100,99254,100,100104,100,99080,100,100110,100,98991,100
2019-06-28 10:10:20.000000000,99978,358,99717,358,99979,100,99689,100,99985,100,99686,100,99996,100,99450,100,99997,100,99447,100,99999,100,99381,100,100033,100,99369,100,100088,100,99254,100,100104,100,99080,100,100110,100,98991,100
2019-06-28 10:10:30.000000000,99978,358,99717,358,99979,100,99689,100,99985,100,99686,100,99996,100,99450,100,99997,100,99447,100,99999,100,99381,100,100033,100,99369,100,100088,100,99254,100,100104,100,99080,100,100110,100,98991,100
2019-06-28 10:10:38.141084364,99978,358,99964,100,99979,100,99717,358,99985,100,99689,100,99996,100,99686,100,99997,100,99450,100,99999,100,99447,100,100088,100,99381,100,100104,100,99369,100,100110,100,99254,100,100138,100,99080,100
