,ask_price_1,ask_size_1,bid_price_1,bid_size_1,ask_price_2,ask_size_2,bid_price_2,bid_size_2,ask_price_3,ask_size_3,bid_price_3,bid_size_3,ask_price_4,ask_size_4,bid_price_4,bid_size_4,ask_price_5,ask_size_5,bid_price_5,bid_size_5,ask_price_6,ask_size_6,bid_price_6,bid_size_6,ask_price_7,ask_size_7,bid_price_7,bid_size_7,ask_price_8,ask_size_8,bid_price_8,bid_size_8,ask_price_9,ask_size_9,bid_price_9,bid_size_9,ask_price_10,ask_size_10,bid_price_10,bid_size_10
2019-06-28 09:30:00.000000000,,,99917,100,,,,,,,,,,,,,,,,,,,,,,,,,,,,,,,,,,,,
2019-06-28 09:30:00.000000002,,,99928,100,,,99917,100,,,,,,,,,,,,,,,,,,,,,,,,,,,,,,,,
2019-06-28 09:30:00.000000003,,,99928,100,,,99917,100,,,99866,100,,,,,,,,,,,,,,,,,,,,,,,,,,,,
2019-06-28 09:30:00.000000004,100068,100,100048,100,,,99928,100,,,99917,100,,,99866,100,,,99772,100,,,,,,,,,,,,,,,,,,,,
2019-06-28 09:30:00.000000008,99998,100,99952,100,100068,100,99928,100,,,99917,100,,,99866,100,,,99772,100,,,,,,,,,,,,,,,,,,,,
2019-06-28 09:30:00.000000010,100048,100,99952,100,100068,100,99928,100,,,99917,100,,,99866,100,,,99772,100,,,,,,,,,,,,,,,,,,,,
2019-06-28 09:30:00.000000012,100048,100,99979,100,100068,100,99952,100,,,99928,100,,,99917,100,,,99866,100,,,99772,100,,,,,,,,,,,,,,,,
2019-06-28 09:30:00.000000014,100048,100,99979,100,100068,100,99977,100,,,99952,100,,,99928,100,,,99917,100,,,99866,100,,,99772,100,,,,,,,,,,,,
2019-06-28 09:30:00.000000016,100048,100,99979,100,100068,100,99977,100,,,99952,100,,,99928,100,,,99917,100,,,99904,100,,,99866,100,,,99772,100,,,,,,,,
2019-06-28 09:30:00.000000017,100033,100,99979,100,100048,100,99977,100,100068,100,99952,100,,,99928,100,,,99917,100,,,99904,100,,,99866,100,,,99772,100,,,,,,,,
2019-06-28 09:30:00.000000020,100048,100,99998,100,100068,100,99979,100,,,99977,100,,,99952,100,,,99928,100,,,99917,100,,,99904,100,,,99866,100,,,99772,100,,,,
2019-06-28 09:30:00.000000022,100033,100,99998,100,100048,100,99979,100,100068,100,99977,100,,,99952,100,,,99928,100,,,99917,100,,,99904,100,,,99866,100,,,99772,100,,,,
2019-06-28 09:30:00.000000031,100033,100,99998,100,100048,100,99979,100,100068,100,99977,100,100131,100,99952,100,,,99928,100,,,99917,100,,,99904,100,,,99866,100,,,99772,100,,,,
2019-06-28 09:30:00.000000033,100032,100,99998,100,100033,100,99979,100,100048,100,99977,100,100068,100,99952,100,100131,100,99933,100,,,99928,100,,,99917,100,,,99904,100,,,99866,100,,,99772,100
2019-06-28 09:30:00.000000036,100023,100,99998,100,100032,100,99979,100,100033,100,99977,100,100048,100,99952,100,100068,100,99933,100,100131,100,99928,100,,,99917,100,,,99904,100,,,99866,100,,,99772,100
2019-06-28 09:30:00.000000037,100023,100,99998,100,100032,100,99979,100,100033,100,99977,100,100048,100,99966,100,100068,100,99952,100,100131,100,99933,100,,,99928,100,,,99917,100,,,99904,100,,,99866,100
2019-06-28 09:30:00.000000043,100023,100,99998,100,100032,100,99980,100,100033,100,99979,100,100048,100,99977,100,100068,100,99966,100,100086,100,99952,100,100131,100,99933,100,,,99928,100,,,99917,100,,,99904,100
2019-06-28 09:30:00.000000044,100023,100,99998,100,100032,100,99980,100,100033,200,99979,100,100048,100,99977,100,100068,100,99966,100,100086,100,99952,100,100131,100,99933,100,,,99928,100,,,99917,100,,,99904,100
2019-06-28 09:30:00.000000046,100023,100,99998,100,100032,100,99980,100,100033,200,99979,100,100048,100,99977,100,100068,100,99966,100,100086,100,99952,100,100131,100,99933,100,,,99928,100,,,99917,100,,,99904,100
2019-06-28 09:30:00.000000049,100032,100,99998,100,100033,200,99980,100,100048,100,99979,100,100068,100,99977,100,100086,100,99966,100,100131,100,99952,100,,,99933,100,,,99928,100,,,99917,100,,,99904,100
2019-06-28 09:30:00.000000050,100032,100,99998,100,100033,200,99980,100,100048,100,99979,100,100068,100,99977,100,100086,100,99966,100,100131,100,99952,100,,,99933,100,,,99928,100,,,99917,100,,,99904,100
2019-06-28 09:30:00.000000051,100032,100,100023,100,100033,200,99998,100,100048,100,99980,100,100068,100,99979,100,100086,100,99977,100,100131,100,99966,100,,,99952,100,,,99933,100,,,99928,100,,,99917,100
2019-06-28 09:30:00.000000053,100032,100,100023,100,100033,200,99998,100,100048,100,99980,100,100068,100,99979,100,100086,100,99977,100,100131,100,99966,100,,,99952,100,,,99933,100,,,99928,100,,,99917,100
2019-06-28 09:30:00.000000054,100031,100,100023,100,100032,100,99998,100,100033,200,99980,100,100048,100,99979,100,100068,100,99977,100,100086,100,99966,100,100096,100,99952,100,100131,100,99933,100,,,99928,100,,,99917,100
2019-06-28 09:30:00.000000056,100031,100,100023,200,100032,100,99998,100,100033,200,99980,100,100048,100,99979,100,100068,100,99977,100,100086,100,99966,100,100096,100,99952,100,100131,100,99933,100,100145,100,99928,100,,,99917,100
2019-06-28 09:30:00.000000057,100026,100,100023,100,100031,100,99998,100,100032,100,99980,100,100033,200,99979,100,100048,100,99977,100,100068,100,99966,100,100086,100,99952,100,100096,100,99933,100,100131,100,99928,100,100145,100,99917,100
2019-06-28 09:30:00.000000058,100026,100,99998,100,100031,100,99980,100,100032,100,99979,100,100033,200,99977,100,100048,100,99966,100,100068,100,99952,100,100086,100,99933,100,100096,100,99928,100,100131,100,99917,100,100145,100,99906,100
2019-06-28 09:30:00.000000060,100023,100,99998,100,100026,100,99980,100,100031,100,99979,100,100032,100,99977,100,100033,200,99966,100,100048,100,99952,100,100068,100,99933,100,100086,100,99928,100,100096,100,99917,100,100131,100,99906,100
2019-06-28 09:30:00.000000062,100023,100,99998,100,100026,100,99980,100,100031,100,99979,100,100032,100,99977,100,100033,200,99974,100,100048,100,99966,100,100068,100,99952,100,100086,100,99933,100,100096,100,99928,100,100131,100,99917,100
2019-06-28 09:30:00.000000065,100023,100,99998,100,100026,100,99980,100,100031,100,99979,100,100032,100,99977,100,100033,200,99974,100,100048,100,99966,100,100059,100,99952,100,100068,100,99933,100,100086,100,99928,100,100096,100,99917,100
2019-06-28 09:30:00.000000066,100023,100,99998,100,100026,100,99980,100,100031,100,99979,100,100032,100,99977,100,100033,200,99974,100,100048,100,99966,100,100059,100,99952,100,100068,100,99933,100,100086,100,99928,100,100092,100,99917,100
2019-06-28 09:30:00.000000067,100023,200,99998,100,100026,100,99980,100,100031,100,99979,100,100032,100,99977,100,100033,200,99974,100,100048,100,99966,100,100059,100,99952,100,100068,100,99933,100,100085,100,99928,100,100086,100,99917,100
2019-06-28 09:30:00.000000070,100023,200,99980,100,100026,100,99979,100,100031,100,99977,100,100032,100,99974,100,100033,200,99966,100,100048,100,99952,100,100058,100,99933,100,100059,100,99928,100,100068,100,99917,100,100085,100,99906,100
2019-06-28 09:30:00.000000071,100023,200,99980,100,100026,100,99979,100,100031,100,99977,100,100032,100,99974,100,100033,200,99966,100,100048,100,99958,100,100058,100,99952,100,100059,100,99933,100,100068,100,99928,100,100085,100,99917,100
2019-06-28 09:30:00.000000074,100023,200,99980,100,100026,100,99979,100,100031,100,99977,100,100032,100,99974,100,100033,200,99966,100,100048,100,99958,100,100058,100,99952,100,100059,100,99942,100,100068,100,99933,100,100085,100,99928,100
2019-06-28 09:30:00.000000078,100023,200,99986,100,100026,100,99980,100,100031,100,99979,100,100032,100,99977,100,100033,200,99974,100,100048,100,99966,100,100058,100,99958,100,100059,100,99952,100,100068,100,99942,100,100085,100,99933,100
2019-06-28 09:30:00.000000082,100012,100,99986,100,100023,200,99980,100,100026,100,99979,100,100031,100,99977,100,100032,100,99974,100,100033,200,99966,100,100048,100,99958,100,100058,100,99952,100,100059,100,99942,100,100068,100,99933,100
2019-06-28 09:30:00.000000083,100012,100,99986,100,100023,200,99980,100,100026,100,99979,100,100031,100,99977,100,100032,100,99974,100,100033,200,99966,100,100048,100,99958,100,100058,100,99952,100,100059,200,99942,100,100068,100,99933,100
2019-06-28 09:30:00.000000086,100012,100,99998,100,100023,200,99986,100,100026,100,99980,100,100031,100,99979,100,100032,100,99977,100,100033,200,99974,100,100048,100,99966,100,100058,100,99958,100,100059,200,99952,100,100068,100,99942,100
2019-06-28 09:30:00.000000087,100012,100,99998,200,100023,200,99986,100,100026,100,99980,100,100031,100,99979,100,100032,100,99977,100,100033,200,99974,100,100048,100,99966,100,100058,100,99958,100,100059,200,99952,100,100068,100,99942,100
2019-06-28 09:30:00.000000089,100012,100,99998,200,100023,200,99986,100,100026,100,99980,100,100031,100,99979,100,100032,100,99977,100,100033,200,99974,100,100048,100,99966,100,100058,100,99958,100,100059,200,99952,100,100068,100,99942,100
2019-06-28 09:30:00.000000090,100012,100,99998,200,100023,200,99986,100,100026,100,99983,100,100031,100,99980,100,100032,100,99979,100,100033,200,99977,100,100048,100,99974,100,100058,100,99966,100,100059,200,99958,100,100068,100,99952,100
2019-06-28 09:30:00.000000092,100012,100,99998,300,100023,200,99986,100,100026,100,99983,100,100031,100,99980,100,100032,100,99979,100,100033,200,99977,100,100048,100,99974,100,100058,100,99966,100,100059,200,99958,100,100068,100,99952,100
2019-06-28 09:30:00.000000093,100012,100,99998,300,100023,200,99986,100,100026,100,99983,100,100031,100,99980,100,100032,100,99979,100,100033,200,99977,100,100048,100,99974,100,100054,100,99966,100,100058,100,99958,100,100059,200,99952,100
2019-06-28 09:30:00.000000094,100012,100,99998,500,100023,200,99986,100,100026,100,99983,100,100031,100,99980,100,100032,100,99979,100,100033,200,99977,100,100048,100,99974,100,100054,100,99966,100,100058,100,99958,100,100059,200,99952,100
2019-06-28 09:30:00.000000096,100012,100,99998,400,100023,200,99986,100,100026,100,99983,100,100031,100,99980,100,100032,100,99979,100,100033,200,99977,100,100048,100,99974,100,100054,100,99966,100,100058,100,99958,100,100059,200,99952,100
2019-06-28 09:30:00.000000097,100012,100,99998,400,100023,200,99996,100,100026,100,99986,100,100031,100,99983,100,100032,100,99980,100,100033,200,99979,100,100048,100,99977,100,100054,100,99974,100,100058,100,99966,100,100059,200,99958,100
2019-06-28 09:30:05.826380258,100012,100,99999,100,100023,200,99998,300,100026,100,99996,100,100031,100,99986,100,100032,100,99983,100,100033,200,99980,100,100048,100,99979,100,100054,100,99977,100,100058,100,99974,100,100059,200,99966,100
2019-06-28 09:30:10.000000000,100012,299,99999,299,100023,399,99998,499,100026,100,99996,100,100031,100,99986,100,100032,100,99983,100,100033,200,99980,100,100048,100,99979,100,100054,100,99977,100,100058,100,99974,100,100059,200,99966,100
2019-06-28 09:30:20.000000000,100012,299,99999,299,100023,399,99998,499,100026,100,99996,100,100031,100,99986,100,100032,100,99983,100,100033,200,99980,100,100048,100,99979,100,100054,100,99977,100,100058,100,99974,100,100059,200,99966,100
2019-06-28 09:30:20.358409728,100012,299,99999,199,100023,299,99998,499,100026,100,99996,100,100031,100,99986,100,100032,100,99983,100,100033,200,99980,100,100048,100,99979,100,100054,100,99977,100,100058,100,99974,100,100059,200,99966,100
2019-06-28 09:30:30.000000000,100012,498,99998,698,100023,100,99996,100,100026,100,99986,100,100031,100,99983,100,100032,100,99980,100,100033,200,99979,100,100048,100,99977,100,100054,100,99974,100,100058,100,99966,100,100059,200,99958,100
2019-06-28 09:30:40.000000000,100012,180,99998,380,100023,180,99996,180,100026,180,99986,180,100031,180,99983,180,100032,180,99980,180,100033,200,99979,100,100048,100,99977,100,100054,100,99974,100,100058,100,99966,100,100059,200,99958,100
2019-06-28 09:30:42.014177385,100012,180,100005,100,100023,180,99998,380,100026,180,99996,180,100031,180,99986,180,100032,180,99983,80,100033,200,99980,180,100048,100,99979,100,100054,100,99977,100,100058,100,99974,100,100059,200,99966,100
2019-06-28 09:30:50.000000000,100012,200,100005,200,100023,200,99998,400,100026,200,99996,200,100031,200,99986,200,100032,100,99980,100,100033,200,99979,100,100048,100,99977,100,100054,100,99974,100,100058,100,99966,100,100059,200,99958,100
2019-06-28 09:31:00.000000000,100012,299,100005,299,100023,299,99998,499,100026,100,99996,100,100031,100,99986,100,100032,100,99980,100,100033,200,99979,100,100048,100,99977,100,100054,100,99974,100,100058,100,99966,100,100059,200,99958,100
2019-06-28 09:31:03.215910103,100012,199,100005,299,100023,299,99998,499,100026,100,99996,100,100031,100,99986,100,100032,100,99980,100,100033,200,99979,100,100048,100,99974,100,100054,100,99966,100,100058,100,99958,100,100059,200,99952,100
2019-06-28 09:31:03.598441666,100012,199,100005,299,100023,299,99998,399,100026,100,99996,100,100031,100,99986,100,100032,100,99980,100,100033,200,99979,100,100048,100,99974,100,100054,100,99966,100,100058,100,99958,100,100059,200,99952,100
2019-06-28 09:31:08.277964966,100012,199,100005,299,100023,299,99998,399,100026,100,99996,100,100031,100,99986,100,100032,100,99980,100,100033,200,99979,100,100048,100,99974,100,100049,100,99966,100,100054,100,99958,100,100058,100,99952,100
2019-06-28 09:31:10.000000000,100023,200,100005,200,100026,200,99998,300,100031,200,99996,200,100032,200,99986,200,100033,200,99980,100,100048,100,99979,100,100049,100,99974,100,100054,100,99966,100,100058,100,99958,100,100059,200,99952,100
2019-06-28 09:31:13.879087879,100023,200,100005,200,100026,100,99998,300,100031,200,99996,200,100032,200,99986,200,100033,200,99980,100,100048,100,99979,100,100049,100,99974,100,100054,100,99966,100,100058,100,99958,100,100059,200,99952,100
2019-06-28 09:31:20.000000000,100023,299,100005,299,100031,299,99998,399,100032,100,99996,100,100033,200,99986,100,100048,100,99980,100,100049,100,99979,100,100054,100,99974,100,100058,100,99966,100,100059,200,99958,100,100068,100,99952,100
2019-06-28 09:31:30.000000000,100023,235,100005,235,100031,231,99998,331,100032,231,99996,231,100033,200,99986,100,100048,100,99980,100,100049,100,99979,100,100054,100,99974,100,100058,100,99966,100,100059,200,99958,100,100068,100,99952,100
2019-06-28 09:31:40.000000000,100023,200,100005,200,100031,200,99998,300,100032,200,99996,200,100033,300,99986,200,100048,100,99980,100,100049,100,99979,100,100054,100,99974,100,100058,100,99966,100,100059,200,99958,100,100068,100,99952,100
2019-06-28 09:31:44.101611994,100023,200,100005,200,100031,200,99998,300,100032,200,99996,200,100033,300,99986,200,100048,100,99980,100,100049,100,99979,100,100054,100,99974,100,100058,100,99966,100,100059,200,99958,100,100068,100,99952,100
2019-06-28 09:31:45.116965363,100023,200,100006,100,100031,200,100005,200,100032,200,99998,300,100033,300,99996,200,100048,100,99986,200,100049,100,99980,100,100054,100,99979,100,100058,100,99974,100,100059,200,99966,100,100068,100,99958,100
2019-06-28 09:31:50.000000000,100023,180,100006,180,100031,180,100005,180,100032,180,99998,280,100033,280,99996,180,100048,180,99986,180,100049,100,99980,100,100054,100,99979,100,100058,100,99974,100,100059,200,99966,100,100068,100,99958,100
2019-06-28 09:32:00.000000000,100023,498,100006,498,100031,100,100005,100,100032,100,99998,200,100033,200,99996,100,100048,100,99986,100,100049,100,99980,100,100054,100,99979,100,100058,100,99974,100,100059,200,99966,100,100068,100,99958,100
2019-06-28 09:32:06.820559704,100023,498,100006,398,100031,100,100005,100,100032,100,99998,200,100033,200,99996,100,100048,100,99986,100,100049,100,99980,100,100054,100,99979,100,100058,100,99974,100,100059,200,99966,100,100068,100,99958,100
2019-06-28 09:32:10.000000000,100023,180,100005,180,100031,180,99998,280,100032,180,99996,180,100033,280,99986,180,100048,180,99980,180,100049,100,99979,100,100054,100,99974,100,100058,100,99966,100,100059,200,99958,100,100068,100,99952,100
2019-06-28 09:32:20.000000000,100023,299,100005,299,100031,299,99998,399,100032,100,99996,100,100033,200,99986,100,100048,100,99980,100,100049,100,99979,100,100054,100,99974,100,100058,100,99966,100,100059,200,99958,100,100068,100,99952,100
2019-06-28 09:32:30.000000000,100023,235,100005,235,100031,231,99998,331,100032,231,99996,231,100033,200,99986,100,100048,100,99980,100,100049,100,99979,100,100054,100,99974,100,100058,100,99966,100,100059,200,99958,100,100068,100,99952,100
2019-06-28 09:32:33.982570751,100023,235,100005,235,100031,231,99998,331,100032,231,99996,231,100033,200,99986,100,100048,100,99980,100,100049,100,99979,100,100054,100,99974,100,100058,100,99966,100,100059,200,99958,100,100068,100,99952,100
2019-06-28 09:32:35.600789339,100023,235,100005,235,100031,231,99998,331,100032,231,99996,231,100033,200,99986,100,100048,100,99980,100,100049,100,99979,100,100054,100,99974,100,100058,100,99966,100,100059,200,99958,100,100068,100,99952,100
2019-06-28 09:32:40.000000000,100023,498,100005,498,100031,100,99998,200,100032,100,99996,100,100033,200,99986,100,100048,100,99980,100,100049,100,99979,100,100054,100,99974,100,100058,100,99966,100,100059,200,99958,100,100068,100,99952,100
2019-06-28 09:32:44.481982440,100023,498,100005,498,100031,100,99998,200,100032,100,99996,100,100033,200,99986,100,100048,100,99980,100,100049,100,99979,100,100054,100,99974,100,100058,100,99966,100,100059,200,99958,100,100068,100,99952,100
2019-06-28 09:32:50.000000000,100023,299,100005,299,100031,299,99998,399,100032,100,99996,100,100033,200,99986,100,100048,100,99980,100,100049,100,99979,100,100054,100,99974,100,100058,100,99966,100,100059,200,99958,100,100068,100,99952,100
2019-06-28 09:32:56.176313059,100023,299,100005,299,100031,299,99998,399,100032,100,99996,100,100033,200,99986,100,100048,100,99980,100,100049,100,99979,100,100054,100,99974,100,100058,100,99966,100,100059,200,99958,100,100068,100,99952,100
2019-06-28 09:33:00.000000000,100023,180,100005,180,100031,180,99998,280,100032,180,99996,180,100033,280,99986,180,100048,180,99980,180,100049,100,99979,100,100054,100,99974,100,100058,100,99966,100,100059,200,99958,100,100068,100,99952,100
2019-06-28 09:33:00.075384152,100023,180,100005,180,100031,180,99998,280,100032,180,99996,180,100033,280,99986,180,100048,180,99980,180,100049,100,99979,100,100054,100,99974,100,100058,100,99966,100,100059,200,99958,100,100068,100,99952,100
2019-06-28 09:33:05.075750793,100023,80,100005,180,100031,180,99998,280,100032,180,99996,180,100033,280,99986,180,100048,180,99980,180,100049,100,99979,100,100054,100,99974,100,100058,100,99966,100,100059,200,99958,100,100068,100,99952,100
2019-06-28 09:33:10.000000000,100031,200,100005,200,100032,200,99998,300,100033,300,99996,200,100048,200,99986,200,100049,100,99980,100,100054,100,99979,100,100058,100,99974,100,100059,200,99966,100,100068,100,99958,100,100086,100,99952,100
2019-06-28 09:33:10.127443399,100031,200,100005,200,100032,200,99998,300,100033,300,99996,200,100048,200,99986,200,100049,100,99980,100,100054,100,99979,100,100059,200,99974,100,100068,100,99966,100,100086,100,99958,100,100093,100,99952,100
2019-06-28 09:33:20.000000000,100031,498,100005,498,100032,100,99998,200,100033,200,99996,100,100048,100,99986,100,100049,100,99980,100,100054,100,99979,100,100059,200,99974,100,100068,100,99966,100,100086,100,99958,100,100093,100,99952,100
2019-06-28 09:33:30.000000000,100031,235,100005,235,100032,231,99998,331,100033,331,99996,231,100048,100,99986,100,100049,100,99980,100,100054,100,99979,100,100059,200,99974,100,100068,100,99966,100,100086,100,99958,100,100093,100,99952,100
2019-06-28 09:33:37.120381450,100031,135,100005,235,100032,231,99998,331,100033,331,99996,231,100048,100,99986,100,100049,100,99980,100,100054,100,99979,100,100059,200,99974,100,100068,100,99966,100,100086,100,99958,100,100093,100,99952,100
2019-06-28 09:33:40.000000000,100032,235,100005,235,100033,331,99998,331,100048,231,99996,231,100049,100,99986,100,100054,100,99980,100,100059,200,99979,100,100068,100,99974,100,100086,100,99966,100,100093,100,99958,100,100131,100,99952,100
2019-06-28 09:33:50.000000000,100032,180,100005,180,100033,280,99998,280,100048,180,99996,180,100049,180,99986,180,100054,180,99980,180,100059,200,99979,100,100068,100,99974,100,100086,100,99966,100,100093,100,99958,100,100131,100,99952,100
2019-06-28 09:34:00.000000000,100032,235,100005,235,100033,331,99998,331,100048,231,99996,231,100049,100,99986,100,100054,100,99980,100,100059,200,99979,100,100068,100,99974,100,100086,100,99966,100,100093,100,99958,100,100131,100,99952,100
2019-06-28 09:34:10.000000000,100032,180,100005,180,100033,280,99998,280,100048,180,99996,180,100049,180,99986,180,100054,180,99980,180,100059,200,99979,100,100068,100,99974,100,100086,100,99966,100,100093,100,99958,100,100131,100,99952,100
2019-06-28 09:34:20.000000000,100032,299,100005,299,100033,399,99998,399,100048,100,99996,100,100049,100,99986,100,100054,100,99980,100,100059,200,99979,100,100068,100,99974,100,100086,100,99966,100,100093,100,99958,100,100131,100,99952,100
2019-06-28 09:34:30.000000000,100032,498,100005,498,100033,200,99998,200,100048,100,99996,100,100049,100,99986,100,100054,100,99980,100,100059,200,99979,100,100068,100,99974,100,100086,100,99966,100,100093,100,99958,100,100131,100,99952,100
2019-06-28 09:34:36.863246068,100032,398,100005,498,100033,200,99998,200,100048,100,99996,100,100049,100,99986,100,100054,100,99980,100,100059,200,99979,100,100068,100,99974,100,100086,100,99966,100,100093,100,99958,100,100131,100,99952,100
2019-06-28 09:34:40.000000000,100033,399,100005,299,100048,299,99998,399,100049,100,99996,100,100054,100,99986,100,100059,200,99980,100,100068,100,99979,100,100086,100,99974,100,100093,100,99966,100,100131,100,99958,100,100145,100,99952,100
2019-06-28 09:34:41.913950334,100033,299,100005,299,100048,299,99998,399,100049,100,99996,100,100054,100,99986,100,100059,200,99980,100,100068,100,99979,100,100086,100,99974,100,100093,100,99966,100,100131,100,99958,100,100145,100,99952,100
2019-06-28 09:34:49.791264575,100033,199,100005,299,100048,299,99998,399,100049,100,99996,100,100054,100,99986,100,100059,200,99980,100,100068,100,99979,100,100086,100,99974,100,100093,100,99966,100,100131,100,99958,100,100145,100,99952,100
2019-06-28 09:34:50.000000000,100048,299,100005,299,100049,299,99998,399,100054,100,99996,100,100059,200,99986,100,100068,100,99980,100,100086,100,99979,100,100093,100,99974,100,100131,100,99966,100,100145,100,99958,100,100206,100,99952,100
2019-06-28 09:34:57.742309123,100048,299,100005,299,100049,299,99998,399,100054,100,99996,100,100059,200,99986,100,100068,100,99980,100,100086,100,99979,100,100131,100,99974,100,100145,100,99966,100,100206,100,99964,100,100263,100,99958,100
2019-06-28 09:35:00.000000000,100048,200,100005,200,100049,200,99998,300,100054,200,99996,200,100059,300,99986,200,100068,100,99980,100,100086,100,99979,100,100131,100,99974,100,100145,100,99966,100,100206,100,99964,100,100263,100,99958,100
2019-06-28 09:35:02.522880113,100048,100,100005,200,100049,200,99998,300,100054,200,99996,200,100059,300,99986,200,100068,100,99980,100,100086,100,99979,100,100131,100,99974,100,100145,100,99966,100,100206,100,99964,100,100263,100,99958,100
2019-06-28 09:35:05.828665517,100049,200,100005,200,100054,200,99998,300,100059,300,99996,200,100068,100,99986,200,100086,100,99980,100,100131,100,99979,100,100145,100,99974,100,100206,100,99966,100,100263,100,99964,100,100322,100,99958,100
2019-06-28 09:35:10.000000000,100049,299,100005,299,100054,299,99998,399,100059,200,99996,100,100068,100,99986,100,100086,100,99980,100,100131,100,99979,100,100145,100,99974,100,100206,100,99966,100,100263,100,99964,100,100322,100,99958,100
2019-06-28 09:35:20.000000000,100049,200,100005,200,100054,200,99998,300,100059,300,99996,200,100068,200,99986,200,100086,100,99980,100,100131,100,99979,100,100145,100,99974,100,100206,100,99966,100,100263,100,99964,100,100322,100,99958,100
2019-06-28 09:35:30.000000000,100049,200,100005,200,100054,200,99998,300,100059,300,99996,200,100068,200,99986,200,100086,100,99980,100,100131,100,99979,100,100145,100,99974,100,100206,100,99966,100,100263,100,99964,100,100322,100,99958,100
2019-06-28 09:35:40.000000000,100049,235,100005,235,100054,231,99998,331,100059,331,99996,231,100068,100,99986,100,100086,100,99980,100,100131,100,99979,100,100145,100,99974,100,100206,100,99966,100,100263,100,99964,100,100322,100,99958,100
2019-06-28 09:35:50.000000000,100049,235,100005,235,100054,231,99998,331,100059,331,99996,231,100068,100,99986,100,100086,100,99980,100,100131,100,99979,100,100145,100,99974,100,100206,100,99966,100,100263,100,99964,100,100322,100,99958,100
2019-06-28 09:35:50.162165969,100049,235,100005,235,100054,231,99998,331,100059,231,99996,231,100068,100,99986,100,100086,100,99980,100,100131,100,99979,100,100145,100,99974,100,100175,100,99966,100,100206,100,99964,100,100263,100,99958,100
2019-06-28 09:36:00.000000000,100049,180,100005,180,100054,180,99998,280,100059,180,99996,180,100068,180,99986,180,100086,180,99980,180,100131,100,99979,100,100145,100,99974,100,100175,100,99966,100,100206,100,99964,100,100263,100,99958,100
2019-06-28 09:36:10.000000000,100049,299,100005,299,100054,299,99998,399,100059,100,99996,100,100068,100,99986,100,100086,100,99980,100,100131,100,99979,100,100145,100,99974,100,100175,100,99966,100,100206,100,99964,100,100263,100,99958,100
2019-06-28 09:36:10.057795051,100049,299,100005,299,100054,299,99998,399,100059,100,99996,100,100068,100,99986,100,100086,100,99980,100,100131,100,99979,100,100145,100,99974,100,100175,100,99966,100,100206,100,99964,100,100263,100,99963,100
2019-06-28 09:36:15.809724716,100049,299,100005,299,100054,299,99998,399,100059,100,99996,100,100068,100,99986,100,100086,100,99980,100,100127,100,99979,100,100131,100,99974,100,100145,100,99966,100,100175,100,99964,100,100206,100,99963,100
2019-06-28 09:36:20.000000000,100049,200,100005,200,100054,200,99998,300,100059,200,99996,200,100068,200,99986,200,100086,100,99980,100,100127,100,99979,100,100131,100,99974,100,100145,100,99966,100,100175,100,99964,100,100206,100,99963,100
2019-06-28 09:36:27.456443200,100049,200,100048,100,100054,200,100005,200,100059,200,99998,300,100068,200,99996,200,100086,100,99986,200,100127,100,99980,100,100131,100,99979,100,100145,100,99974,100,100175,100,99966,100,100206,100,99964,100
2019-06-28 09:36:30.000000000,100049,200,100048,200,100054,200,100005,200,100059,200,99998,300,100068,200,99996,200,100086,100,99986,100,100127,100,99980,100,100131,100,99979,100,100145,100,99974,100,100175,100,99966,100,100206,100,99964,100
2019-06-28 09:36:37.028845114,100049,200,100048,200,100054,200,100005,200,100059,200,99998,300,100068,100,99996,200,100086,100,99986,100,100127,100,99980,100,100131,100,99979,100,100145,100,99974,100,100175,100,99966,100,100206,100,99964,100
2019-06-28 09:36:40.000000000,100049,200,100048,200,100054,200,100005,200,100059,200,99998,300,100086,200,99996,200,100127,100,99986,100,100131,100,99980,100,100145,100,99979,100,100175,100,99974,100,100206,100,99966,100,100263,100,99964,100
2019-06-28 09:36:50.000000000,100049,180,100048,180,100054,180,100005,180,100059,180,99998,280,100086,180,99996,180,100127,180,99986,180,100131,100,99980,100,100145,100,99979,100,100175,100,99974,100,100206,100,99966,100,100263,100,99964,100
2019-06-28 09:36:56.031984892,100049,180,100048,180,100054,180,100005,180,100059,180,99998,280,100086,180,99996,80,100127,180,99986,180,100131,100,99980,100,100145,100,99979,100,100151,100,99974,100,100175,100,99966,100,100206,100,99964,100
2019-06-28 09:37:00.000000000,100049,498,100048,498,100054,100,100005,100,100059,100,99998,200,100086,100,99986,100,100127,100,99980,100,100131,100,99979,100,100145,100,99974,100,100151,100,99966,100,100175,100,99964,100,100206,100,99963,100
2019-06-28 09:37:06.038309603,100049,498,100048,598,100054,100,100005,100,100059,100,99998,200,100086,100,99986,100,100127,100,99980,100,100131,100,99979,100,100145,100,99974,100,100151,100,99966,100,100175,100,99964,100,100206,100,99963,100
2019-06-28 09:37:10.000000000,100049,299,100048,399,100054,299,100005,299,100059,100,99998,200,100086,100,99986,100,100127,100,99980,100,100131,100,99979,100,100145,100,99974,100,100151,100,99966,100,100175,100,99964,100,100206,100,99963,100
2019-06-28 09:37:20.000000000,100049,235,100048,335,100054,231,100005,231,100059,231,99998,331,100086,100,99986,100,100127,100,99980,100,100131,100,99979,100,100145,100,99974,100,100151,100,99966,100,100175,100,99964,100,100206,100,99963,100
2019-06-28 09:37:30.000000000,100049,299,100048,399,100054,299,100005,299,100059,100,99998,200,100086,100,99986,100,100127,100,99980,100,100131,100,99979,100,100145,100,99974,100,100151,100,99966,100,100175,100,99964,100,100206,100,99963,100
2019-06-28 09:37:40.000000000,100049,299,100048,399,100054,299,100005,299,100059,100,99998,200,100086,100,99986,100,100127,100,99980,100,100131,100,99979,100,100145,100,99974,100,100151,100,99966,100,100175,100,99964,100,100206,100,99963,100
2019-06-28 09:37:50.000000000,100049,498,100048,598,100054,100,100005,100,100059,100,99998,200,100086,100,99986,100,100127,100,99980,100,100131,100,99979,100,100145,100,99974,100,100151,100,99966,100,100175,100,99964,100,100206,100,99963,100
2019-06-28 09:38:00.000000000,100049,180,100048,280,100054,180,100005,180,100059,180,99998,280,100086,180,99986,180,100127,180,99980,180,100131,100,99979,100,100145,100,99974,100,100151,100,99966,100,100175,100,99964,100,100206,100,99963,100
2019-06-28 09:38:10.000000000,100049,498,100048,598,100054,100,100005,100,100059,100,99998,200,100086,100,99986,100,100127,100,99980,100,100131,100,99979,100,100145,100,99974,100,100151,100,99966,100,100175,100,99964,100,100206,100,99963,100
2019-06-28 09:38:20.000000000,100049,235,100048,335,100054,231,100005,231,100059,231,99998,331,100086,100,99986,100,100127,100,99980,100,100131,100,99979,100,100145,100,99974,100,100151,100,99966,100,100175,100,99964,100,100206,100,99963,100
2019-06-28 09:38:30.000000000,100049,200,100048,300,100054,200,100005,200,100059,200,99998,300,100086,200,99986,200,100127,100,99980,100,100131,100,99979,100,100145,100,99974,100,100151,100,99966,100,100175,100,99964,100,100206,100,99963,100
2019-06-28 09:38:40.000000000,100049,200,100048,300,100054,200,100005,200,100059,200,99998,300,100086,200,99986,200,100127,100,99980,100,100131,100,99979,100,100145,100,99974,100,100151,100,99966,100,100175,100,99964,100,100206,100,99963,100
2019-06-28 09:38:50.000000000,100049,180,100048,280,100054,180,100005,180,100059,180,99998,280,100086,180,99986,180,100127,180,99980,180,100131,100,99979,100,100145,100,99974,100,100151,100,99966,100,100175,100,99964,100,100206,100,99963,100
2019-06-28 09:39:00.000000000,100049,180,100048,280,100054,180,100005,180,100059,180,99998,280,100086,180,99986,180,100127,180,99980,180,100131,100,99979,100,100145,100,99974,100,100151,100,99966,100,100175,100,99964,100,100206,100,99963,100
2019-06-28 09:39:10.000000000,100049,299,100048,399,100054,299,100005,299,100059,100,99998,200,100086,100,99986,100,100127,100,99980,100,100131,100,99979,100,100145,100,99974,100,100151,100,99966,100,100175,100,99964,100,100206,100,99963,100
2019-06-28 09:39:20.000000000,100049,200,100048,300,100054,200,100005,200,100059,200,99998,300,100086,200,99986,200,100127,100,99980,100,100131,100,99979,100,100145,100,99974,100,100151,100,99966,100,100175,100,99964,100,100206,100,99963,100
2019-06-28 09:39:30.000000000,100049,299,100048,399,100054,299,100005,299,100059,100,99998,200,100086,100,99986,100,100127,100,99980,100,100131,100,99979,100,100145,100,99974,100,100151,100,99966,100,100175,100,99964,100,100206,100,99963,100
2019-06-28 09:39:32.555579159,100049,299,100048,399,100054,299,100005,299,100059,100,99998,200,100086,100,99986,100,100127,100,99980,100,100131,100,99979,100,100145,100,99974,100,100151,100,99966,100,100175,100,99964,100,100206,100,99958,100
2019-06-28 09:39:40.000000000,100049,299,100048,399,100054,299,100005,299,100059,100,99998,200,100086,100,99986,100,100127,100,99980,100,100131,100,99979,100,100145,100,99974,100,100151,100,99966,100,100175,100,99964,100,100206,100,99958,100
2019-06-28 09:39:45.491239913,100049,299,100048,299,100054,299,100005,299,100059,100,99998,200,100086,100,99986,100,100127,100,99980,100,100131,100,99979,100,100145,100,99974,100,100151,100,99966,100,100175,100,99964,100,100206,100,99958,100
2019-06-28 09:39:50.000000000,100049,498,100048,498,100054,100,100005,100,100059,100,99998,200,100086,100,99986,100,100127,100,99980,100,100131,100,99979,100,100145,100,99974,100,100151,100,99966,100,100175,100,99964,100,100206,100,99958,100
2019-06-28 09:39:56.236534026,100049,498,100048,498,100054,100,100005,100,100059,100,99998,100,100086,100,99986,100,100127,100,99980,100,100131,100,99979,100,100145,100,99974,100,100151,100,99966,100,100175,100,99964,100,100206,100,99958,100
2019-06-28 09:40:00.000000000,100049,200,100048,200,100054,200,100005,200,100059,200,99998,200,100086,200,99986,200,100127,100,99980,100,100131,100,99979,100,100145,100,99974,100,100151,100,99966,100,100175,100,99964,100,100206,100,99958,100
2019-06-28 09:40:01.544416233,100049,200,100048,100,100054,200,100005,200,100059,200,99998,200,100086,200,99986,200,100127,100,99980,100,100131,100,99979,100,100145,100,99974,100,100151,100,99966,100,100175,100,99964,100,100206,100,99958,100
2019-06-28 09:40:10.000000000,100049,235,100005,235,100054,231,99998,231,100059,231,99986,231,100086,100,99980,100,100127,100,99979,100,100131,100,99974,100,100145,100,99966,100,100151,100,99964,100,100175,100,99958,100,100206,100,99952,100
2019-06-28 09:40:10.217863643,100048,100,100005,235,100049,235,99998,231,100054,231,99986,231,100059,231,99980,100,100086,100,99979,100,100127,100,99974,100,100131,100,99966,100,100145,100,99964,100,100151,100,99958,100,100175,100,99952,100
2019-06-28 09:40:20.000000000,100048,299,100005,299,100049,299,99998,299,100054,100,99986,100,100059,100,99980,100,100086,100,99979,100,100127,100,99974,100,100131,100,99966,100,100145,100,99964,100,100151,100,99958,100,100175,100,99952,100
2019-06-28 09:40:30.000000000,100048,200,100005,200,100049,200,99998,200,100054,200,99986,200,100059,200,99980,200,100086,100,99979,100,100127,100,99974,100,100131,100,99966,100,100145,100,99964,100,100151,100,99958,100,100175,100,99952,100
2019-06-28 09:40:34.575628551,100048,200,100005,200,100049,200,99998,200,100054,200,99986,100,100059,200,99980,200,100086,100,99979,100,100127,100,99974,100,100131,100,99966,100,100145,100,99964,100,100151,100,99958,100,100175,100,99952,100
2019-06-28 09:40:40.000000000,100048,235,100005,235,100049,231,99998,231,100054,231,99980,231,100059,100,99979,100,100086,100,99974,100,100127,100,99966,100,100131,100,99964,100,100145,100,99958,100,100151,100,99952,100,100175,100,99933,100
2019-06-28 09:40:50.000000000,100048,200,100005,200,100049,200,99998,200,100054,200,99980,200,100059,200,99979,200,100086,100,99974,100,100127,100,99966,100,100131,100,99964,100,100145,100,99958,100,100151,100,99952,100,100175,100,99933,100
2019-06-28 09:40:51.761141414,100048,200,100005,200,100049,200,99998,200,100054,200,99980,200,100059,200,99979,200,100086,100,99974,100,100127,100,99966,100,100131,100,99964,100,100145,100,99958,100,100151,100,99952,100,100175,100,99933,100
2019-06-28 09:40:51.902246717,100048,200,100005,100,100049,200,99998,200,100054,200,99980,200,100059,200,99979,200,100086,100,99974,100,100127,100,99966,100,100131,100,99964,100,100145,100,99952,100,100151,100,99933,100,100175,100,99928,100
2019-06-28 09:41:00.000000000,100048,498,99998,498,100049,100,99980,100,100054,100,99979,100,100059,100,99974,100,100086,100,99966,100,100127,100,99964,100,100131,100,99952,100,100145,100,99933,100,100151,100,99928,100,100175,100,99917,100
2019-06-28 09:41:00.105482259,100048,498,99998,398,100049,100,99980,100,100054,100,99979,100,100059,100,99974,100,100086,100,99966,100,100127,100,99964,100,100131,100,99952,100,100145,100,99933,100,100151,100,99928,100,100175,100,99917,100
2019-06-28 09:41:10.000000000,100048,180,99980,180,100049,180,99979,180,100054,180,99974,180,100059,180,99966,180,100086,180,99964,180,100127,100,99952,100,100131,100,99933,100,100145,100,99928,100,100151,100,99917,100,100175,100,99866,100
2019-06-28 09:41:12.316731823,100048,180,99980,80,100049,180,99979,180,100054,180,99974,180,100059,180,99966,180,100086,180,99964,180,100131,100,99952,100,100145,100,99933,100,100151,100,99928,100,100175,100,99917,100,100206,100,99866,100
2019-06-28 09:41:20.000000000,100048,200,99979,200,100049,200,99974,200,100054,200,99966,200,100059,200,99964,200,100086,100,99952,100,100131,100,99933,100,100145,100,99928,100,100151,100,99917,100,100175,100,99866,100,100206,100,99858,100
2019-06-28 09:41:30.000000000,100048,299,99979,299,100049,299,99974,299,100054,100,99966,100,100059,100,99964,100,100086,100,99952,100,100131,100,99933,100,100145,100,99928,100,100151,100,99917,100,100175,100,99866,100,100206,100,99858,100
2019-06-28 09:41:40.000000000,100048,235,99979,235,100049,231,99974,231,100054,231,99966,231,100059,100,99964,100,100086,100,99952,100,100131,100,99933,100,100145,100,99928,100,100151,100,99917,100,100175,100,99866,100,100206,100,99858,100
2019-06-28 09:41:43.414726004,100048,135,99979,135,100049,231,99974,231,100054,231,99966,231,100059,100,99964,100,100086,100,99952,100,100131,100,99933,100,100145,100,99928,100,100151,100,99917,100,100175,100,99866,100,100206,100,99858,100
2019-06-28 09:41:50.000000000,100049,299,99974,299,100054,299,99966,299,100059,100,99964,100,100086,100,99952,100,100131,100,99933,100,100145,100,99928,100,100151,100,99917,100,100175,100,99866,100,100206,100,99858,100,100263,100,99855,100
2019-06-28 09:42:00.000000000,100049,235,99974,235,100054,231,99966,231,100059,231,99964,231,100086,100,99952,100,100131,100,99933,100,100145,100,99928,100,100151,100,99917,100,100175,100,99866,100,100206,100,99858,100,100263,100,99855,100
2019-06-28 09:42:06.134223485,100049,135,99974,235,100054,231,99966,231,100059,231,99964,231,100086,100,99952,100,100131,100,99933,100,100145,100,99928,100,100151,100,99917,100,100175,100,99866,100,100206,100,99858,100,100263,100,99855,100
2019-06-28 09:42:10.000000000,100054,299,99974,299,100059,299,99966,299,100086,100,99964,100,100131,100,99952,100,100145,100,99933,100,100151,100,99928,100,100175,100,99917,100,100206,100,99866,100,100263,100,99858,100,100399,100,99855,100
2019-06-28 09:42:20.000000000,100054,200,99974,200,100059,200,99966,200,100086,200,99964,200,100131,200,99952,200,100145,100,99933,100,100151,100,99928,100,100175,100,99917,100,100206,100,99866,100,100263,100,99858,100,100399,100,99855,100
2019-06-28 09:42:30.000000000,100054,180,99974,180,100059,180,99966,180,100086,180,99964,180,100131,180,99952,180,100145,180,99933,180,100151,100,99928,100,100175,100,99917,100,100206,100,99866,100,100263,100,99858,100,100399,100,99855,100
2019-06-28 09:42:40.000000000,100054,498,99974,498,100059,100,99966,100,100086,100,99964,100,100131,100,99952,100,100145,100,99933,100,100151,100,99928,100,100175,100,99917,100,100206,100,99866,100,100263,100,99858,100,100399,100,99855,100
2019-06-28 09:42:41.490470148,100054,498,99974,498,100059,100,99966,100,100086,100,99964,100,100117,100,99952,100,100131,100,99933,100,100145,100,99928,100,100151,100,99917,100,100175,100,99866,100,100206,100,99858,100,100263,100,99855,100
2019-06-28 09:42:43.538156433,100054,498,99974,498,100059,100,99966,100,100086,100,99952,100,100117,100,99938,100,100131,100,99933,100,100145,100,99928,100,100151,100,99917,100,100175,100,99866,100,100206,100,99858,100,100263,100,99855,100
2019-06-28 09:42:45.036027110,100054,498,99974,498,100059,100,99966,100,100086,100,99952,100,100117,100,99938,100,100131,100,99933,100,100145,100,99928,100,100151,100,99917,100,100175,100,99880,100,100206,100,99866,100,100263,100,99858,100
2019-06-28 09:42:47.381604904,100054,498,100007,100,100059,100,99974,498,100086,100,99966,100,100117,100,99952,100,100131,100,99938,100,100145,100,99933,100,100151,100,99928,100,100175,100,99917,100,100206,100,99880,100,100263,100,99866,100
2019-06-28 09:42:50.000000000,100054,235,100007,235,100059,231,99974,231,100086,231,99966,231,100117,100,99952,100,100131,100,99938,100,100145,100,99933,100,100151,100,99928,100,100175,100,99917,100,100206,100,99880,100,100263,100,99866,100
2019-06-28 09:42:54.867291046,100054,235,100007,235,100059,231,99974,231,100086,231,99966,231,100117,100,99952,100,100131,100,99938,100,100145,100,99933,100,100151,100,99928,100,100175,100,99917,100,100206,100,99880,100,100263,100,99866,100
2019-06-28 09:43:00.000000000,100054,498,100007,498,100059,100,99974,100,100086,100,99966,100,100117,100,99952,100,100131,100,99938,100,100145,100,99933,100,100151,100,99928,100,100175,100,99917,100,100206,100,99880,100,100263,100,99866,100
2019-06-28 09:43:10.000000000,100054,200,100007,200,100059,200,99974,200,100086,200,99966,200,100117,200,99952,200,100131,100,99938,100,100145,100,99933,100,100151,100,99928,100,100175,100,99917,100,100206,100,99880,100,100263,100,99866,100
2019-06-28 09:43:11.865901761,100054,200,100007,200,100059,200,99974,200,100086,200,99966,200,100117,200,99952,200,100131,100,99938,100,100145,100,99933,100,100151,100,99928,100,100175,100,99917,100,100206,100,99880,100,100235,100,99866,100
2019-06-28 09:43:18.140131580,100054,100,100007,200,100059,200,99974,200,100086,200,99966,200,100117,200,99952,200,100145,100,99938,100,100151,100,99933,100,100175,100,99928,100,100206,100,99917,100,100235,100,99880,100,100263,100,99866,100
2019-06-28 09:43:20.000000000,100059,200,100007,200,100086,200,99974,200,100117,200,99966,200,100145,200,99952,200,100151,100,99938,100,100175,100,99933,100,100206,100,99928,100,100235,100,99917,100,100263,100,99880,100,100399,100,99866,100
2019-06-28 09:43:24.036278311,100059,200,100007,200,100086,200,99974,200,100117,200,99966,200,100145,100,99952,200,100151,100,99938,100,100175,100,99933,100,100206,100,99928,100,100235,100,99917,100,100263,100,99880,100,100302,100,99866,100
2019-06-28 09:43:30.000000000,100059,498,100007,498,100086,100,99974,100,100117,100,99966,100,100151,100,99952,100,100175,100,99938,100,100206,100,99933,100,100235,100,99928,100,100263,100,99917,100,100302,100,99880,100,100399,100,99866,100
2019-06-28 09:43:33.816396289,100059,498,100049,100,100086,100,100007,498,100117,100,99974,100,100151,100,99966,100,100175,100,99952,100,100206,100,99938,100,100235,100,99933,100,100263,100,99928,100,100302,100,99917,100,100399,100,99880,100
2019-06-28 09:43:40.000000000,100059,200,100049,200,100086,200,100007,200,100117,200,99974,200,100151,200,99966,200,100175,100,99952,100,100206,100,99938,100,100235,100,99933,100,100263,100,99928,100,100302,100,99917,100,100399,100,99880,100
2019-06-28 09:43:48.862467621,100059,100,100049,200,100086,200,100007,200,100117,200,99974,200,100151,200,99966,200,100175,100,99952,100,100206,100,99938,100,100235,100,99933,100,100263,100,99928,100,100302,100,99917,100,100399,100,99880,100
2019-06-28 09:43:50.000000000,100086,235,100049,235,100117,231,100007,231,100151,231,99974,231,100175,100,99966,100,100206,100,99952,100,100235,100,99938,100,100263,100,99933,100,100302,100,99928,100,100399,100,99917,100,100427,100,99880,100
2019-06-28 09:43:52.110068397,100086,235,100049,235,100117,231,100007,231,100151,231,99974,231,100175,100,99966,100,100206,100,99952,100,100235,100,99938,100,100263,100,99933,100,100302,100,99928,100,100399,100,99917,100,100427,100,99880,100
2019-06-28 09:44:00.000000000,100086,180,100049,180,100117,180,100007,180,100151,180,99974,180,100175,180,99966,180,100206,180,99952,180,100235,100,99938,100,100263,100,99933,100,100302,100,99928,100,100399,100,99917,100,100427,100,99880,100
2019-06-28 09:44:01.082887332,100086,180,100049,180,100117,180,100007,180,100151,180,99974,180,100175,180,99966,180,100206,180,99952,180,100235,100,99938,100,100256,100,99933,100,100263,100,99928,100,100302,100,99917,100,100399,100,99880,100
2019-06-28 09:44:10.000000000,100086,200,100049,200,100117,200,100007,200,100151,200,99974,200,100175,200,99966,200,100206,100,99952,100,100235,100,99938,100,100256,100,99933,100,100263,100,99928,100,100302,100,99917,100,100399,100,99880,100
2019-06-28 09:44:20.000000000,100086,299,100049,299,100117,299,100007,299,100151,100,99974,100,100175,100,99966,100,100206,100,99952,100,100235,100,99938,100,100256,100,99933,100,100263,100,99928,100,100302,100,99917,100,100399,100,99880,100
2019-06-28 09:44:28.235300322,100086,199,100049,299,100117,299,100007,299,100151,100,99974,100,100175,100,99966,100,100206,100,99952,100,100235,100,99938,100,100256,100,99933,100,100263,100,99928,100,100302,100,99917,100,100399,100,99880,100
2019-06-28 09:44:30.000000000,100117,200,100049,200,100151,200,100007,200,100175,200,99974,200,100206,200,99966,200,100235,100,99952,100,100256,100,99938,100,100263,100,99933,100,100302,100,99928,100,100399,100,99917,100,100427,100,99880,100
2019-06-28 09:44:30.513890356,100117,100,100049,200,100151,200,100007,200,100175,200,99974,200,100206,200,99966,200,100235,100,99952,100,100256,100,99938,100,100263,100,99933,100,100302,100,99928,100,100399,100,99917,100,100427,100,99880,100
2019-06-28 09:44:40.000000000,100151,180,100049,180,100175,180,100007,180,100206,180,99974,180,100235,180,99966,180,100256,180,99952,180,100263,100,99938,100,100302,100,99933,100,100399,100,99928,100,100427,100,99917,100,100499,100,99880,100
2019-06-28 09:44:50.000000000,100151,200,100049,200,100175,200,100007,200,100206,200,99974,200,100235,200,99966,200,100256,100,99952,100,100263,100,99938,100,100302,100,99933,100,100399,100,99928,100,100427,100,99917,100,100499,100,99880,100
2019-06-28 09:44:57.654523483,100151,100,100049,200,100175,200,100007,200,100206,200,99974,200,100235,200,99966,100,100256,100,99952,100,100263,100,99938,100,100302,100,99933,100,100399,100,99928,100,100427,100,99917,100,100499,100,99880,100
2019-06-28 09:45:00.000000000,100175,200,100049,200,100206,200,100007,200,100235,200,99974,200,100256,200,99952,200,100263,100,99938,100,100302,100,99933,100,100399,100,99928,100,100427,100,99917,100,100499,100,99880,100,,,99866,100
2019-06-28 09:45:10.000000000,100175,200,100049,200,100206,200,100007,200,100235,200,99974,200,100256,200,99952,200,100263,100,99938,100,100302,100,99933,100,100399,100,99928,100,100427,100,99917,100,100499,100,99880,100,,,99866,100
2019-06-28 09:45:20.000000000,100175,180,100049,180,100206,180,100007,180,100235,180,99974,180,100256,180,99952,180,100263,180,99938,180,100302,100,99933,100,100399,100,99928,100,100427,100,99917,100,100499,100,99880,100,,,99866,100
2019-06-28 09:45:22.385968694,100147,100,100049,180,100175,180,100007,180,100206,180,99974,180,100235,180,99952,180,100256,180,99938,180,100263,180,99933,100,100302,100,99928,100,100399,100,99917,100,100427,100,99880,100,100499,100,99866,100
2019-06-28 09:45:22.636105648,100147,100,100049,180,100175,180,100007,180,100206,180,99974,180,100235,180,99952,180,100256,180,99938,180,100263,180,99933,100,100302,100,99928,100,100399,100,99917,100,100427,100,99880,100,,,99866,100
2019-06-28 09:45:30.000000000,100147,498,100049,498,100175,100,100007,100,100206,100,99974,100,100235,100,99952,100,100256,100,99938,100,100263,100,99933,100,100302,100,99928,100,100399,100,99917,100,100427,100,99880,100,,,99866,100
2019-06-28 09:45:34.120726956,100147,498,100117,100,100175,100,100049,498,100206,100,100007,100,100235,100,99974,100,100256,100,99952,100,100263,100,99938,100,100302,100,99933,100,100399,100,99928,100,100427,100,99917,100,,,99880,100
2019-06-28 09:45:40.000000000,100147,235,100117,235,100175,231,100049,231,100206,231,100007,231,100235,100,99974,100,100256,100,99952,100,100263,100,99938,100,100302,100,99933,100,100399,100,99928,100,100427,100,99917,100,,,99880,100
2019-06-28 09:45:50.000000000,100147,180,100117,180,100175,180,100049,180,100206,180,100007,180,100235,180,99974,180,100256,180,99952,180,100263,100,99938,100,100302,100,99933,100,100399,100,99928,100,100427,100,99917,100,,,99880,100
2019-06-28 09:46:00.000000000,100147,200,100117,200,100175,200,100049,200,100206,200,100007,200,100235,200,99974,200,100256,100,99952,100,100263,100,99938,100,100302,100,99933,100,100399,100,99928,100,100427,100,99917,100,,,99880,100
2019-06-28 09:46:03.588159774,100147,200,100117,200,100175,200,100070,100,100206,200,100049,200,100235,200,100007,200,100256,100,99974,200,100263,100,99952,100,100302,100,99938,100,100399,100,99933,100,100427,100,99928,100,,,99917,100
2019-06-28 09:46:10.000000000,100147,200,100117,200,100175,200,100070,200,100206,200,100049,200,100235,200,100007,200,100256,100,99974,100,100263,100,99952,100,100302,100,99938,100,100399,100,99933,100,100427,100,99928,100,,,99917,100
2019-06-28 09:46:20.000000000,100147,200,100117,200,100175,200,100070,200,100206,200,100049,200,100235,200,100007,200,100256,100,99974,100,100263,100,99952,100,100302,100,99938,100,100399,100,99933,100,100427,100,99928,100,,,99917,100
2019-06-28 09:46:30.000000000,100147,299,100117,299,100175,299,100070,299,100206,100,100049,100,100235,100,100007,100,100256,100,99974,100,100263,100,99952,100,100302,100,99938,100,100399,100,99933,100,100427,100,99928,100,,,99917,100
2019-06-28 09:46:32.647149992,100147,299,100117,299,100175,299,100070,299,100206,100,100049,100,100235,100,100007,100,100256,100,99974,100,100263,100,99952,100,100302,100,99938,100,100399,100,99933,100,100427,100,99928,100,,,99880,100
2019-06-28 09:46:40.000000000,100147,498,100117,498,100175,100,100070,100,100206,100,100049,100,100235,100,100007,100,100256,100,99974,100,100263,100,99952,100,100302,100,99938,100,100399,100,99933,100,100427,100,99928,100,,,99880,100
2019-06-28 09:46:50.000000000,100147,235,100117,235,100175,231,100070,231,100206,231,100049,231,100235,100,100007,100,100256,100,99974,100,100263,100,99952,100,100302,100,99938,100,100399,100,99933,100,100427,100,99928,100,,,99880,100
2019-06-28 09:47:00.000000000,100147,200,100117,200,100175,200,100070,200,100206,200,100049,200,100235,200,100007,200,100256,100,99974,100,100263,100,99952,100,100302,100,99938,100,100399,100,99933,100,100427,100,99928,100,,,99880,100
2019-06-28 09:47:10.000000000,100147,299,100117,299,100175,299,100070,299,100206,100,100049,100,100235,100,100007,100,100256,100,99974,100,100263,100,99952,100,100302,100,99938,100,100399,100,99933,100,100427,100,99928,100,,,99880,100
2019-06-28 09:47:20.000000000,100147,200,100117,200,100175,200,100070,200,100206,200,100049,200,100235,200,100007,200,100256,100,99974,100,100263,100,99952,100,100302,100,99938,100,100399,100,99933,100,100427,100,99928,100,,,99880,100
2019-06-28 09:47:30.000000000,100147,498,100117,498,100175,100,100070,100,100206,100,100049,100,100235,100,100007,100,100256,100,99974,100,100263,100,99952,100,100302,100,99938,100,100399,100,99933,100,100427,100,99928,100,,,99880,100
2019-06-28 09:47:31.956095215,100147,498,100117,398,100175,100,100070,100,100206,100,100049,100,100235,100,100007,100,100256,100,99974,100,100263,100,99952,100,100302,100,99938,100,100399,100,99933,100,100427,100,99928,100,,,99880,100
2019-06-28 09:47:34.957707396,100147,498,100117,298,100175,100,100070,100,100206,100,100049,100,100235,100,100007,100,100256,100,99974,100,100263,100,99952,100,100302,100,99938,100,100399,100,99933,100,100427,100,99928,100,,,99880,100
2019-06-28 09:47:40.000000000,100147,180,100070,180,100175,180,100049,180,100206,180,100007,180,100235,180,99974,180,100256,180,99952,180,100263,100,99938,100,100302,100,99933,100,100399,100,99928,100,100427,100,99880,100,,,99866,100
2019-06-28 09:47:45.505349572,100117,100,100070,180,100147,180,100049,180,100175,180,100007,180,100206,180,99974,180,100235,180,99952,180,100256,180,99938,100,100263,100,99933,100,100302,100,99928,100,100399,100,99880,100,100427,100,99866,100
2019-06-28 09:47:50.000000000,100117,235,100070,235,100147,231,100049,231,100175,231,100007,231,100206,100,99974,100,100235,100,99952,100,100256,100,99938,100,100263,100,99933,100,100302,100,99928,100,100399,100,99880,100,100427,100,99866,100
2019-06-28 09:48:00.000000000,100117,235,100070,235,100147,231,100049,231,100175,231,100007,231,100206,100,99974,100,100235,100,99952,100,100256,100,99938,100,100263,100,99933,100,100302,100,99928,100,100399,100,99880,100,100427,100,99866,100
2019-06-28 09:48:10.000000000,100117,200,100070,200,100147,200,100049,200,100175,200,100007,200,100206,200,99974,200,100235,100,99952,100,100256,100,99938,100,100263,100,99933,100,100302,100,99928,100,100399,100,99880,100,100427,100,99866,100
2019-06-28 09:48:20.000000000,100117,498,100070,498,100147,100,100049,100,100175,100,100007,100,100206,100,99974,100,100235,100,99952,100,100256,100,99938,100,100263,100,99933,100,100302,100,99928,100,100399,100,99880,100,100427,100,99866,100
2019-06-28 09:48:30.000000000,100117,299,100070,299,100147,299,100049,299,100175,100,100007,100,100206,100,99974,100,100235,100,99952,100,100256,100,99938,100,100263,100,99933,100,100302,100,99928,100,100399,100,99880,100,100427,100,99866,100
2019-06-28 09:48:36.967457922,100117,299,100070,299,100147,299,100049,299,100206,100,100007,100,100235,100,99974,100,100256,100,99952,100,100263,100,99938,100,100302,100,99933,100,100399,100,99928,100,100427,100,99880,100,,,99866,100
2019-06-28 09:48:40.000000000,100117,498,100070,498,100147,100,100049,100,100206,100,100007,100,100235,100,99974,100,100256,100,99952,100,100263,100,99938,100,100302,100,99933,100,100399,100,99928,100,100427,100,99880,100,,,99866,100
2019-06-28 09:48:47.961704353,100117,498,100070,398,100147,100,100049,100,100206,100,100007,100,100235,100,99974,100,100256,100,99952,100,100263,100,99938,100,100302,100,99933,100,100399,100,99928,100,100427,100,99880,100,,,99866,100
2019-06-28 09:48:48.274339366,100117,498,100070,298,100147,100,100049,100,100206,100,100007,100,100235,100,99974,100,100256,100,99952,100,100263,100,99938,100,100302,100,99933,100,100399,100,99928,100,100427,100,99880,100,,,99866,100
2019-06-28 09:48:50.000000000,100117,235,100049,235,100147,231,100007,231,100206,231,99974,231,100235,100,99952,100,100256,100,99938,100,100263,100,99933,100,100302,100,99928,100,100399,100,99880,100,100427,100,99866,100,,,99858,100
2019-06-28 09:49:00.000000000,100117,299,100049,299,100147,299,100007,299,100206,100,99974,100,100235,100,99952,100,100256,100,99938,100,100263,100,99933,100,100302,100,99928,100,100399,100,99880,100,100427,100,99866,100,,,99858,100
2019-06-28 09:49:00.567115458,100117,299,100049,199,100147,299,100007,299,100206,100,99974,100,100235,100,99952,100,100256,100,99938,100,100263,100,99933,100,100302,100,99928,100,100399,100,99880,100,100427,100,99866,100,,,99858,100
2019-06-28 09:49:10.000000000,100117,200,100007,200,100147,200,99974,200,100206,200,99952,200,100235,200,99938,200,100256,100,99933,100,100263,100,99928,100,100302,100,99880,100,100399,100,99866,100,100427,100,99858,100,,,99855,100
2019-06-28 09:49:18.642627305,100117,200,100007,200,100147,200,99974,200,100206,200,99952,200,100235,200,99938,200,100256,100,99933,100,100263,100,99928,100,100302,100,99880,100,100399,100,99866,100,100427,100,99858,100,,,99855,100
2019-06-28 09:49:20.000000000,100117,235,100007,235,100147,231,99974,231,100206,231,99952,231,100235,100,99938,100,100256,100,99933,100,100263,100,99928,100,100302,100,99880,100,100399,100,99866,100,100427,100,99858,100,,,99855,100
2019-06-28 09:49:30.000000000,100117,200,100007,200,100147,200,99974,200,100206,200,99952,200,100235,200,99938,200,100256,100,99933,100,100263,100,99928,100,100302,100,99880,100,100399,100,99866,100,100427,100,99858,100,,,99855,100
2019-06-28 09:49:40.000000000,100117,299,100007,299,100147,299,99974,299,100206,100,99952,100,100235,100,99938,100,100256,100,99933,100,100263,100,99928,100,100302,100,99880,100,100399,100,99866,100,100427,100,99858,100,,,99855,100
2019-06-28 09:49:50.000000000,100117,180,100007,180,100147,180,99974,180,100206,180,99952,180,100235,180,99938,180,100256,180,99933,180,100263,100,99928,100,100302,100,99880,100,100399,100,99866,100,100427,100,99858,100,,,99855,100
2019-06-28 09:50:00.000000000,100117,498,100007,498,100147,100,99974,100,100206,100,99952,100,100235,100,99938,100,100256,100,99933,100,100263,100,99928,100,100302,100,99880,100,100399,100,99866,100,100427,100,99858,100,,,99855,100
2019-06-28 09:50:06.273184338,100117,498,100050,100,100147,100,100007,498,100206,100,99974,100,100235,100,99952,100,100256,100,99938,100,100263,100,99933,100,100302,100,99928,100,100399,100,99880,100,100427,100,99866,100,,,99858,100
2019-06-28 09:50:10.000000000,100117,180,100050,180,100147,180,100007,180,100206,180,99974,180,100235,180,99952,180,100256,180,99938,180,100263,100,99933,100,100302,100,99928,100,100399,100,99880,100,100427,100,99866,100,,,99858,100
2019-06-28 09:50:20.000000000,100117,235,100050,235,100147,231,100007,231,100206,231,99974,231,100235,100,99952,100,100256,100,99938,100,100263,100,99933,100,100302,100,99928,100,100399,100,99880,100,100427,100,99866,100,,,99858,100
2019-06-28 09:50:28.754832559,100117,235,100050,135,100147,231,100007,231,100206,231,99974,231,100235,100,99952,100,100256,100,99938,100,100263,100,99933,100,100302,100,99928,100,100399,100,99880,100,100427,100,99866,100,,,99858,100
2019-06-28 09:50:30.000000000,100117,180,100007,180,100147,180,99974,180,100206,180,99952,180,100235,180,99938,180,100256,180,99933,180,100263,100,99928,100,100302,100,99880,100,100399,100,99866,100,100427,100,99858,100,,,99855,100
2019-06-28 09:50:40.000000000,100117,498,100007,498,100147,100,99974,100,100206,100,99952,100,100235,100,99938,100,100256,100,99933,100,100263,100,99928,100,100302,100,99880,100,100399,100,99866,100,100427,100,99858,100,,,99855,100
2019-06-28 09:50:43.711728990,100117,498,100007,498,100147,100,99974,100,100157,100,99952,100,100206,100,99938,100,100235,100,99933,100,100256,100,99928,100,100263,100,99880,100,100302,100,99866,100,100427,100,99858,100,,,99855,100
2019-06-28 09:50:44.684411917,100117,498,100007,398,100147,100,99974,100,100157,100,99952,100,100206,100,99938,100,100235,100,99933,100,100256,100,99928,100,100263,100,99880,100,100302,100,99866,100,100427,100,99858,100,,,99855,100
2019-06-28 09:50:50.000000000,100117,180,99974,180,100147,180,99952,180,100157,180,99938,180,100206,180,99933,180,100235,180,99928,180,100256,100,99880,100,100263,100,99866,100,100302,100,99858,100,100427,100,99855,100,,,99847,100
2019-06-28 09:51:00.000000000,100117,200,99974,200,100147,200,99952,200,100157,200,99938,200,100206,200,99933,200,100235,100,99928,100,100256,100,99880,100,100263,100,99866,100,100302,100,99858,100,100427,100,99855,100,,,99847,100
2019-06-28 09:51:10.000000000,100117,200,99974,200,100147,200,99952,200,100157,200,99938,200,100206,200,99933,200,100235,100,99928,100,100256,100,99880,100,100263,100,99866,100,100302,100,99858,100,100427,100,99855,100,,,99847,100
2019-06-28 09:51:20.000000000,100117,299,99974,299,100147,299,99952,299,100157,100,99938,100,100206,100,99933,100,100235,100,99928,100,100256,100,99880,100,100263,100,99866,100,100302,100,99858,100,100427,100,99855,100,,,99847,100
2019-06-28 09:51:30.000000000,100117,200,99974,200,100147,200,99952,200,100157,200,99938,200,100206,200,99933,200,100235,100,99928,100,100256,100,99880,100,100263,100,99866,100,100302,100,99858,100,100427,100,99855,100,,,99847,100
2019-06-28 09:51:40.000000000,100117,498,99974,498,100147,100,99952,100,100157,100,99938,100,100206,100,99933,100,100235,100,99928,100,100256,100,99880,100,100263,100,99866,100,100302,100,99858,100,100427,100,99855,100,,,99847,100
2019-06-28 09:51:40.471542368,100117,498,100051,100,100147,100,99974,498,100157,100,99952,100,100206,100,99938,100,100235,100,99933,100,100256,100,99928,100,100263,100,99880,100,100302,100,99866,100,100427,100,99858,100,,,99855,100
2019-06-28 09:51:50.000000000,100117,498,100051,498,100147,100,99974,100,100157,100,99952,100,100206,100,99938,100,100235,100,99933,100,100256,100,99928,100,100263,100,99880,100,100302,100,99866,100,100427,100,99858,100,,,99855,100
2019-06-28 09:52:00.000000000,100117,235,100051,235,100147,231,99974,231,100157,231,99952,231,100206,100,99938,100,100235,100,99933,100,100256,100,99928,100,100263,100,99880,100,100302,100,99866,100,100427,100,99858,100,,,99855,100
2019-06-28 09:52:07.867202472,100117,135,100051,235,100147,231,99974,231,100157,231,99952,231,100206,100,99938,100,100235,100,99933,100,100256,100,99928,100,100263,100,99880,100,100302,100,99866,100,100427,100,99858,100,,,99855,100
2019-06-28 09:52:10.000000000,100147,180,100051,180,100157,180,99974,180,100206,180,99952,180,100235,180,99938,180,100256,180,99933,180,100263,100,99928,100,100302,100,99880,100,100427,100,99866,100,,,99858,100,,,99855,100
2019-06-28 09:52:14.101922297,100147,180,100051,180,100157,180,99974,180,100206,180,99952,180,100235,180,99938,180,100256,180,99933,180,100263,100,99928,100,100302,100,99880,100,100427,100,99866,100,101262,100,99855,100,,,99847,100
2019-06-28 09:52:20.000000000,100147,498,100051,498,100157,100,99974,100,100206,100,99952,100,100235,100,99938,100,100256,100,99933,100,100263,100,99928,100,100302,100,99880,100,100427,100,99866,100,101262,100,99855,100,,,99847,100
2019-06-28 09:52:20.881375813,100147,498,100051,498,100157,100,99974,100,100206,100,99952,100,100235,100,99938,100,100256,100,99933,100,100263,100,99928,100,100302,100,99880,100,100427,100,99866,100,101329,100,99855,100,,,99847,100
2019-06-28 09:52:22.861857841,100147,498,100051,498,100157,100,99974,100,100206,100,99952,100,100235,100,99938,100,100256,100,99933,100,100263,100,99928,100,100302,100,99880,100,100427,100,99866,100,101298,100,99855,100,101329,100,99847,100
2019-06-28 09:52:30.000000000,100147,299,100051,299,100157,299,99974,299,100206,100,99952,100,100235,100,99938,100,100256,100,99933,100,100263,100,99928,100,100302,100,99880,100,100427,100,99866,100,101298,100,99855,100,101329,100,99847,100
2019-06-28 09:52:40.000000000,100147,200,100051,200,100157,200,99974,200,100206,200,99952,200,100235,200,99938,200,100256,100,99933,100,100263,100,99928,100,100302,100,99880,100,100427,100,99866,100,101298,100,99855,100,101329,100,99847,100
2019-06-28 09:52:50.000000000,100147,235,100051,235,100157,231,99974,231,100206,231,99952,231,100235,100,99938,100,100256,100,99933,100,100263,100,99928,100,100302,100,99880,100,100427,100,99866,100,101298,100,99855,100,101329,100,99847,100
2019-06-28 09:53:00.000000000,100147,299,100051,299,100157,299,99974,299,100206,100,99952,100,100235,100,99938,100,100256,100,99933,100,100263,100,99928,100,100302,100,99880,100,100427,100,99866,100,101298,100,99855,100,101329,100,99847,100
2019-06-28 09:53:02.091732599,100147,299,100051,299,100157,299,99974,299,100206,100,99952,100,100235,100,99938,100,100256,100,99933,100,100263,100,99928,100,100302,100,99880,100,100427,100,99866,100,101124,100,99855,100,101298,100,99847,100
2019-06-28 09:53:10.000000000,100147,498,100051,498,100157,100,99974,100,100206,100,99952,100,100235,100,99938,100,100256,100,99933,100,100263,100,99928,100,100302,100,99880,100,100427,100,99866,100,101124,100,99855,100,101298,100,99847,100
2019-06-28 09:53:16.096606287,100147,498,100051,498,100157,100,99974,100,100206,100,99952,100,100235,100,99938,100,100256,100,99933,100,100263,100,99928,100,100302,100,99880,100,100427,100,99866,100,101124,100,99855,100,101232,100,99823,100
2019-06-28 09:53:17.736519505,100147,398,100051,498,100157,100,99974,100,100206,100,99952,100,100235,100,99938,100,100256,100,99933,100,100302,100,99928,100,100427,100,99880,100,101124,100,99866,100,101232,100,99855,100,101298,100,99823,100
2019-06-28 09:53:20.000000000,100157,200,100051,200,100206,200,99974,200,100235,200,99952,200,100256,200,99938,200,100302,100,99933,100,100427,100,99928,100,101124,100,99880,100,101232,100,99866,100,101298,100,99855,100,101329,100,99823,100
2019-06-28 09:53:22.401553332,100157,200,100051,200,100206,200,99974,200,100235,200,99952,200,100256,200,99938,200,100302,100,99933,100,100427,100,99928,100,101124,100,99880,100,101232,100,99866,100,101298,100,99855,100,101329,100,99823,100
2019-06-28 09:53:30.000000000,100157,498,100051,498,100206,100,99974,100,100235,100,99952,100,100256,100,99938,100,100302,100,99933,100,100427,100,99928,100,101124,100,99880,100,101232,100,99866,100,101298,100,99855,100,101329,100,99823,100
2019-06-28 09:53:40.000000000,100157,498,100051,498,100206,100,99974,100,100235,100,99952,100,100256,100,99938,100,100302,100,99933,100,100427,100,99928,100,101124,100,99880,100,101232,100,99866,100,101298,100,99855,100,101329,100,99823,100
2019-06-28 09:53:47.381188079,100157,398,100051,498,100206,100,99974,100,100235,100,99952,100,100256,100,99938,100,100302,100,99933,100,100427,100,99928,100,101124,100,99880,100,101232,100,99866,100,101298,100,99855,100,101329,100,99823,100
2019-06-28 09:53:50.000000000,100206,200,100051,200,100235,200,99974,200,100256,200,99952,200,100302,200,99938,200,100427,100,99933,100,101124,100,99928,100,101232,100,99880,100,101298,100,99866,100,101329,100,99855,100,101359,100,99823,100
2019-06-28 09:54:00.000000000,100206,498,100051,498,100235,100,99974,100,100256,100,99952,100,100302,100,99938,100,100427,100,99933,100,101124,100,99928,100,101232,100,99880,100,101298,100,99866,100,101329,100,99855,100,101359,100,99823,100
2019-06-28 09:54:10.000000000,100206,299,100051,299,100235,299,99974,299,100256,100,99952,100,100302,100,99938,100,100427,100,99933,100,101124,100,99928,100,101232,100,99880,100,101298,100,99866,100,101329,100,99855,100,101359,100,99823,100
2019-06-28 09:54:20.000000000,100206,498,100051,498,100235,100,99974,100,100256,100,99952,100,100302,100,99938,100,100427,100,99933,100,101124,100,99928,100,101232,100,99880,100,101298,100,99866,100,101329,100,99855,100,101359,100,99823,100
2019-06-28 09:54:30.000000000,100206,498,100051,498,100235,100,99974,100,100256,100,99952,100,100302,100,99938,100,100427,100,99933,100,101124,100,99928,100,101232,100,99880,100,101298,100,99866,100,101329,100,99855,100,101359,100,99823,100
2019-06-28 09:54:40.000000000,100206,180,100051,180,100235,180,99974,180,100256,180,99952,180,100302,180,99938,180,100427,180,99933,180,101124,100,99928,100,101232,100,99880,100,101298,100,99866,100,101329,100,99855,100,101359,100,99823,100
2019-06-28 09:54:50.000000000,100206,180,100051,180,100235,180,99974,180,100256,180,99952,180,100302,180,99938,180,100427,180,99933,180,101124,100,99928,100,101232,100,99880,100,101298,100,99866,100,101329,100,99855,100,101359,100,99823,100
2019-06-28 09:55:00.000000000,100206,299,100051,299,100235,299,99974,299,100256,100,99952,100,100302,100,99938,100,100427,100,99933,100,101124,100,99928,100,101232,100,99880,100,101298,100,99866,100,101329,100,99855,100,101359,100,99823,100
2019-06-28 09:55:01.319921585,100206,199,100051,299,100235,299,99974,299,100256,100,99952,100,100302,100,99938,100,100427,100,99933,100,101124,100,99928,100,101232,100,99880,100,101298,100,99866,100,101329,100,99855,100,101359,100,99823,100
2019-06-28 09:55:10.000000000,100235,299,100051,299,100256,299,99974,299,100302,100,99952,100,100427,100,99938,100,101124,100,99933,100,101232,100,99928,100,101298,100,99880,100,101329,100,99866,100,101359,100,99855,100,,,99823,100
2019-06-28 09:55:11.565946266,100235,299,100157,100,100256,299,100051,299,100302,100,99974,299,100427,100,99952,100,101124,100,99938,100,101232,100,99933,100,101298,100,99928,100,101329,100,99880,100,101359,100,99866,100,,,99855,100
2019-06-28 09:55:15.376733319,100235,299,100157,100,100256,299,100051,299,100302,100,99974,299,100427,100,99952,100,101124,100,99938,100,101232,100,99933,100,101258,100,99928,100,101298,100,99880,100,101329,100,99866,100,101359,100,99855,100
2019-06-28 09:55:19.385568536,100235,299,100157,100,100256,299,100051,299,100302,100,99974,299,100427,100,99952,100,101124,100,99938,100,101232,100,99933,100,101258,100,99928,100,101298,100,99880,100,101329,100,99866,100,101423,100,99855,100
2019-06-28 09:55:20.000000000,100235,200,100157,200,100256,200,100051,200,100302,200,99974,200,100427,200,99952,200,101124,100,99938,100,101232,100,99933,100,101258,100,99928,100,101298,100,99880,100,101329,100,99866,100,101423,100,99855,100
2019-06-28 09:55:30.000000000,100235,299,100157,299,100256,299,100051,299,100302,100,99974,100,100427,100,99952,100,101124,100,99938,100,101232,100,99933,100,101258,100,99928,100,101298,100,99880,100,101329,100,99866,100,101423,100,99855,100
2019-06-28 09:55:40.000000000,100235,498,100157,498,100256,100,100051,100,100302,100,99974,100,100427,100,99952,100,101124,100,99938,100,101232,100,99933,100,101258,100,99928,100,101298,100,99880,100,101329,100,99866,100,101423,100,99855,100
2019-06-28 09:55:50.000000000,100235,200,100157,200,100256,200,100051,200,100302,200,99974,200,100427,200,99952,200,101124,100,99938,100,101232,100,99933,100,101258,100,99928,100,101298,100,99880,100,101329,100,99866,100,101423,100,99855,100
2019-06-28 09:56:00.000000000,100235,180,100157,180,100256,180,100051,180,100302,180,99974,180,100427,180,99952,180,101124,180,99938,180,101232,100,99933,100,101258,100,99928,100,101298,100,99880,100,101329,100,99866,100,101423,100,99855,100
2019-06-28 09:56:03.141924056,100235,180,100157,80,100256,180,100051,180,100302,180,99974,180,100427,180,99952,180,101124,180,99938,180,101232,100,99933,100,101258,100,99928,100,101298,100,99880,100,101329,100,99866,100,101423,100,99855,100
2019-06-28 09:56:04.047298590,100235,180,100157,80,100256,180,100051,180,100302,180,99974,180,100427,180,99952,80,101124,180,99938,180,101232,100,99933,100,101236,100,99928,100,101258,100,99880,100,101298,100,99866,100,101329,100,99855,100
2019-06-28 09:56:10.000000000,100235,180,100051,180,100256,180,99974,180,100302,180,99938,180,100427,180,99933,180,101124,180,99928,180,101232,100,99880,100,101236,100,99866,100,101258,100,99855,100,101298,100,99823,100,101329,100,99743,100
2019-06-28 09:56:16.212593706,100235,80,100051,180,100256,180,99974,180,100302,80,99938,180,100427,180,99933,180,101124,180,99928,180,101232,100,99880,100,101236,100,99866,100,101258,100,99855,100,101298,100,99823,100,101329,100,99743,100
2019-06-28 09:56:20.000000000,100256,299,100051,299,100427,299,99974,299,101124,100,99938,100,101232,100,99933,100,101236,100,99928,100,101258,100,99880,100,101298,100,99866,100,101329,100,99855,100,101423,100,99823,100,,,99743,100
2019-06-28 09:56:30.000000000,100256,299,100051,299,100427,299,99974,299,101124,100,99938,100,101232,100,99933,100,101236,100,99928,100,101258,100,99880,100,101298,100,99866,100,101329,100,99855,100,101423,100,99823,100,,,99743,100
2019-06-28 09:56:37.705911509,100256,199,100051,299,100427,299,99974,299,101124,100,99933,100,101232,100,99928,100,101236,100,99880,100,101258,100,99866,100,101298,100,99855,100,101329,100,99823,100,101423,100,99743,100,,,99691,100
2019-06-28 09:56:40.000000000,100427,299,100051,299,101124,299,99974,299,101232,100,99933,100,101236,100,99928,100,101258,100,99880,100,101298,100,99866,100,101329,100,99855,100,101423,100,99823,100,,,99743,100,,,99691,100
2019-06-28 09:56:41.097438251,100427,299,100051,299,100881,100,99974,199,101124,299,99933,100,101232,100,99928,100,101236,100,99880,100,101258,100,99866,100,101298,100,99855,100,101329,100,99823,100,101423,100,99743,100,,,99691,100
2019-06-28 09:56:50.000000000,100427,180,100051,180,100881,180,99933,180,101124,180,99928,180,101232,180,99880,180,101236,180,99866,180,101258,100,99855,100,101298,100,99823,100,101329,100,99743,100,101423,100,99691,100,,,99622,100
2019-06-28 09:57:00.000000000,100427,299,100051,299,100881,299,99933,299,101124,100,99928,100,101232,100,99880,100,101236,100,99866,100,101258,100,99855,100,101298,100,99823,100,101329,100,99743,100,101423,100,99691,100,,,99622,100
2019-06-28 09:57:01.421464510,100427,199,100051,299,100459,100,99933,299,100881,299,99928,100,101124,100,99880,100,101232,100,99866,100,101236,100,99855,100,101258,100,99823,100,101298,100,99743,100,101329,100,99691,100,101423,100,99622,100
2019-06-28 09:57:10.000000000,100459,299,100051,299,100881,299,99933,299,101124,100,99928,100,101232,100,99880,100,101236,100,99866,100,101258,100,99855,100,101298,100,99823,100,101329,100,99743,100,101423,100,99691,100,,,99622,100
2019-06-28 09:57:18.708066467,100459,299,100051,299,100666,100,99933,299,100881,299,99928,100,101124,100,99880,100,101232,100,99866,100,101236,100,99855,100,101258,100,99823,100,101298,100,99743,100,101329,100,99691,100,101423,100,99622,100
2019-06-28 09:57:20.000000000,100459,180,100051,180,100666,180,99933,180,100881,180,99928,180,101124,180,99880,180,101232,180,99866,180,101236,100,99855,100,101258,100,99823,100,101298,100,99743,100,101329,100,99691,100,101423,100,99622,100
2019-06-28 09:57:30.000000000,100459,235,100051,235,100666,231,99933,231,100881,231,99928,231,101124,100,99880,100,101232,100,99866,100,101236,100,99855,100,101258,100,99823,100,101298,100,99743,100,101329,100,99691,100,101423,100,99622,100
2019-06-28 09:57:31.118909017,100459,235,100051,235,100662,100,99933,231,100666,231,99928,231,100881,231,99880,100,101124,100,99866,100,101232,100,99855,100,101236,100,99823,100,101258,100,99743,100,101298,100,99691,100,101329,100,99622,100
2019-06-28 09:57:40.000000000,100459,299,100051,299,100662,299,99933,299,100666,100,99928,100,100881,100,99880,100,101124,100,99866,100,101232,100,99855,100,101236,100,99823,100,101258,100,99743,100,101298,100,99691,100,101329,100,99622,100
2019-06-28 09:57:45.782504784,100412,100,100051,299,100459,299,99933,299,100662,299,99928,100,100666,100,99880,100,100881,100,99866,100,101124,100,99855,100,101232,100,99823,100,101236,100,99743,100,101258,100,99691,100,101298,100,99622,100
2019-06-28 09:57:50.000000000,100412,180,100051,180,100459,180,99933,180,100662,180,99928,180,100666,180,99880,180,100881,180,99866,180,101124,100,99855,100,101232,100,99823,100,101236,100,99743,100,101258,100,99691,100,101298,100,99622,100
2019-06-28 09:58:00.000000000,100412,200,100051,200,100459,200,99933,200,100662,200,99928,200,100666,200,99880,200,100881,100,99866,100,101124,100,99855,100,101232,100,99823,100,101236,100,99743,100,101258,100,99691,100,101298,100,99622,100
2019-06-28 09:58:09.351001943,100412,100,100051,200,100459,200,99933,200,100662,200,99928,200,100666,200,99880,200,100881,100,99866,100,101124,100,99855,100,101232,100,99823,100,101236,100,99743,100,101258,100,99691,100,101298,100,99622,100
2019-06-28 09:58:10.000000000,100459,200,100051,200,100662,200,99933,200,100666,200,99928,200,100881,200,99880,200,101124,100,99866,100,101232,100,99855,100,101236,100,99823,100,101258,100,99743,100,101298,100,99691,100,101329,100,99622,100
2019-06-28 09:58:16.886784486,100459,200,100256,100,100662,200,100051,200,100666,200,99933,200,100881,200,99928,200,101124,100,99880,200,101232,100,99866,100,101236,100,99855,100,101258,100,99823,100,101298,100,99743,100,101329,100,99691,100
2019-06-28 09:58:20.000000000,100459,498,100256,498,100662,100,100051,100,100666,100,99933,100,100881,100,99928,100,101124,100,99880,100,101232,100,99866,100,101236,100,99855,100,101258,100,99823,100,101298,100,99743,100,101329,100,99691,100
2019-06-28 09:58:30.000000000,100459,180,100256,180,100662,180,100051,180,100666,180,99933,180,100881,180,99928,180,101124,180,99880,180,101232,100,99866,100,101236,100,99855,100,101258,100,99823,100,101298,100,99743,100,101329,100,99691,100
2019-06-28 09:58:40.000000000,100459,180,100256,180,100662,180,100051,180,100666,180,99933,180,100881,180,99928,180,101124,180,99880,180,101232,100,99866,100,101236,100,99855,100,101258,100,99823,100,101298,100,99743,100,101329,100,99691,100
2019-06-28 09:58:50.000000000,100459,180,100256,180,100662,180,100051,180,100666,180,99933,180,100881,180,99928,180,101124,180,99880,180,101232,100,99866,100,101236,100,99855,100,101258,100,99823,100,101298,100,99743,100,101329,100,99691,100
2019-06-28 09:59:00.000000000,100459,498,100256,498,100662,100,100051,100,100666,100,99933,100,100881,100,99928,100,101124,100,99880,100,101232,100,99866,100,101236,100,99855,100,101258,100,99823,100,101298,100,99743,100,101329,100,99691,100
2019-06-28 09:59:05.967042420,100459,498,100256,598,100662,100,100051,100,100666,100,99933,100,100881,100,99928,100,101124,100,99880,100,101232,100,99866,100,101236,100,99855,100,101258,100,99823,100,101298,100,99743,100,101329,100,99691,100
2019-06-28 09:59:10.000000000,100459,180,100256,280,100662,180,100051,180,100666,180,99933,180,100881,180,99928,180,101124,180,99880,180,101232,100,99866,100,101236,100,99855,100,101258,100,99823,100,101298,100,99743,100,101329,100,99691,100
2019-06-28 09:59:11.230648276,100459,180,100256,180,100662,180,100051,180,100666,180,99933,180,100881,180,99928,180,101124,180,99880,180,101232,100,99866,100,101236,100,99855,100,101258,100,99823,100,101298,100,99743,100,101329,100,99691,100
2019-06-28 09:59:17.162373673,100459,180,100256,180,100662,180,100051,180,100666,180,99973,100,100881,180,99933,180,101124,180,99928,180,101232,100,99880,180,101236,100,99866,100,101258,100,99855,100,101298,100,99823,100,101329,100,99743,100
2019-06-28 09:59:20.000000000,100459,235,100256,235,100662,231,100051,231,100666,231,99973,231,100881,100,99933,100,101124,100,99928,100,101232,100,99880,100,101236,100,99866,100,101258,100,99855,100,101298,100,99823,100,101329,100,99743,100
2019-06-28 09:59:21.713014295,100459,235,100257,100,100662,231,100256,135,100666,231,100051,231,100881,100,99973,231,101124,100,99933,100,101232,100,99928,100,101236,100,99880,100,101258,100,99866,100,101298,100,99855,100,101329,100,99823,100
2019-06-28 09:59:30.000000000,100459,498,100257,498,100662,100,100051,100,100666,100,99973,100,100881,100,99933,100,101124,100,99928,100,101232,100,99880,100,101236,100,99866,100,101258,100,99855,100,101298,100,99823,100,101329,100,99743,100
2019-06-28 09:59:40.000000000,100459,235,100257,235,100662,231,100051,231,100666,231,99973,231,100881,100,99933,100,101124,100,99928,100,101232,100,99880,100,101236,100,99866,100,101258,100,99855,100,101298,100,99823,100,101329,100,99743,100
2019-06-28 09:59:50.000000000,100459,299,100257,299,100662,299,100051,299,100666,100,99973,100,100881,100,99933,100,101124,100,99928,100,101232,100,99880,100,101236,100,99866,100,101258,100,99855,100,101298,100,99823,100,101329,100,99743,100
2019-06-28 09:59:56.294079590,100411,100,100257,299,100459,299,100051,299,100662,299,99973,100,100666,100,99933,100,100881,100,99928,100,101124,100,99880,100,101232,100,99866,100,101236,100,99855,100,101258,100,99823,100,101298,100,99743,100
2019-06-28 09:59:56.733461540,100411,100,100257,199,100459,299,100051,299,100662,299,99973,100,100666,100,99928,100,100881,100,99880,100,101124,100,99866,100,101232,100,99855,100,101236,100,99823,100,101258,100,99743,100,101298,100,99691,100
2019-06-28 10:00:00.000000000,100411,498,100051,498,100459,100,99973,100,100662,100,99928,100,100666,100,99880,100,100881,100,99866,100,101124,100,99855,100,101232,100,99823,100,101236,100,99743,100,101258,100,99691,100,101298,100,99622,100
2019-06-28 10:00:10.000000000,100411,498,100051,498,100459,100,99973,100,100662,100,99928,100,100666,100,99880,100,100881,100,99866,100,101124,100,99855,100,101232,100,99823,100,101236,100,99743,100,101258,100,99691,100,101298,100,99622,100
2019-06-28 10:00:20.000000000,100411,299,100051,299,100459,299,99973,299,100662,100,99928,100,100666,100,99880,100,100881,100,99866,100,101124,100,99855,100,101232,100,99823,100,101236,100,99743,100,101258,100,99691,100,101298,100,99622,100
2019-06-28 10:00:30.000000000,100411,299,100051,299,100459,299,99973,299,100662,100,99928,100,100666,100,99880,100,100881,100,99866,100,101124,100,99855,100,101232,100,99823,100,101236,100,99743,100,101258,100,99691,100,101298,100,99622,100
2019-06-28 10:00:40.000000000,100411,180,100051,180,100459,180,99973,180,100662,180,99928,180,100666,180,99880,180,100881,180,99866,180,101124,100,99855,100,101232,100,99823,100,101236,100,99743,100,101258,100,99691,100,101298,100,99622,100
2019-06-28 10:00:41.419195060,100411,180,100051,80,100459,180,99973,180,100662,180,99928,180,100666,180,99880,180,100881,180,99866,180,101232,100,99855,100,101236,100,99823,100,101258,100,99743,100,101298,100,99691,100,101329,100,99622,100
2019-06-28 10:00:50.000000000,100411,498,99973,498,100459,100,99928,100,100662,100,99880,100,100666,100,99866,100,100881,100,99855,100,101232,100,99823,100,101236,100,99743,100,101258,100,99691,100,101298,100,99622,100,101329,100,,
2019-06-28 10:01:00.000000000,100411,200,99973,200,100459,200,99928,200,100662,200,99880,200,100666,200,99866,200,100881,100,99855,100,101232,100,99823,100,101236,100,99743,100,101258,100,99691,100,101298,100,99622,100,101329,100,,
2019-06-28 10:01:10.000000000,100411,299,99973,299,100459,299,99928,299,100662,100,99880,100,100666,100,99866,100,100881,100,99855,100,101232,100,99823,100,101236,100,99743,100,101258,100,99691,100,101298,100,99622,100,101329,100,,
2019-06-28 10:01:19.353007568,100411,299,99973,299,100459,299,99928,299,100662,100,99880,100,100666,100,99866,100,101232,100,99855,100,101236,100,99823,100,101258,100,99743,100,101298,100,99691,100,101329,100,99622,100,101423,100,99406,100
2019-06-28 10:01:20.000000000,100411,200,99973,200,100459,200,99928,200,100662,200,99880,200,100666,200,99866,200,101232,100,99855,100,101236,100,99823,100,101258,100,99743,100,101298,100,99691,100,101329,100,99622,100,101423,100,99406,100
2019-06-28 10:01:29.662848297,100411,200,99973,100,100459,200,99928,200,100662,200,99880,200,100666,200,99866,200,101232,100,99855,100,101236,100,99823,100,101258,100,99743,100,101298,100,99691,100,101329,100,99622,100,101423,100,99406,100
2019-06-28 10:01:30.000000000,100411,180,99928,180,100459,180,99880,180,100662,180,99866,180,100666,180,99855,180,101232,180,99823,180,101236,100,99743,100,101258,100,99691,100,101298,100,99622,100,101329,100,99406,100,101423,100,,
2019-06-28 10:01:34.048707874,100411,80,99928,180,100459,180,99880,180,100662,180,99866,180,100666,180,99855,180,101232,180,99823,180,101236,100,99743,100,101258,100,99691,100,101298,100,99622,100,101329,100,99406,100,101423,100,,
2019-06-28 10:01:34.679502862,100411,80,99928,80,100459,180,99880,180,100662,180,99866,180,100666,180,99855,180,101232,180,99823,180,101236,100,99743,100,101258,100,99691,100,101298,100,99622,100,101329,100,99406,100,101423,100,,
2019-06-28 10:01:40.000000000,100459,200,99880,200,100662,200,99866,200,100666,200,99855,200,101232,200,99823,200,101236,100,99743,100,101258,100,99691,100,101298,100,99622,100,101329,100,99406,100,101423,100,,,,,,
2019-06-28 10:01:43.446336041,100459,200,99880,100,100662,200,99866,200,100666,200,99855,200,101232,100,99823,200,101236,100,99743,100,101258,100,99691,100,101298,100,99622,100,101329,100,99406,100,101423,100,,,,,,
2019-06-28 10:01:50.000000000,100459,299,99866,299,100662,299,99855,299,100666,100,99823,100,101236,100,99743,100,101258,100,99691,100,101298,100,99622,100,101329,100,99406,100,101423,100,,,,,,,,,,
2019-06-28 10:01:51.314645856,100459,299,99866,199,100662,299,99855,299,100666,100,99823,100,101236,100,99743,100,101258,100,99691,100,101298,100,99622,100,101329,100,99406,100,101423,100,,,,,,,,,,
2019-06-28 10:01:53.410992897,100459,299,99866,199,100662,299,99855,299,100666,100,99823,100,101236,100,99743,100,101258,100,99691,100,101298,100,99622,100,101329,100,99483,100,101423,100,99406,100,,,,,,,,
2019-06-28 10:02:00.000000000,100459,498,99855,498,100662,100,99823,100,100666,100,99743,100,101236,100,99691,100,101258,100,99622,100,101298,100,99483,100,101329,100,99406,100,101423,100,,,,,,,,,,
2019-06-28 10:02:10.000000000,100459,200,99855,200,100662,200,99823,200,100666,200,99743,200,101236,200,99691,200,101258,100,99622,100,101298,100,99483,100,101329,100,99406,100,101423,100,,,,,,,,,,
2019-06-28 10:02:20.000000000,100459,235,99855,235,100662,231,99823,231,100666,231,99743,231,101236,100,99691,100,101258,100,99622,100,101298,100,99483,100,101329,100,99406,100,101423,100,,,,,,,,,,
2019-06-28 10:02:30.000000000,100459,498,99855,498,100662,100,99823,100,100666,100,99743,100,101236,100,99691,100,101258,100,99622,100,101298,100,99483,100,101329,100,99406,100,101423,100,,,,,,,,,,
2019-06-28 10:02:39.048804266,100459,498,99855,398,100662,100,99823,100,100666,100,99743,100,101236,100,99691,100,101258,100,99622,100,101298,100,99483,100,101329,100,99406,100,101423,100,,,,,,,,,,
2019-06-28 10:02:40.000000000,100459,180,99823,180,100662,180,99743,180,100666,180,99691,180,101236,180,99622,180,101258,180,99483,180,101298,100,99406,100,101329,100,,,101423,100,,,,,,,,,,
2019-06-28 10:02:50.000000000,100459,498,99823,498,100662,100,99743,100,100666,100,99691,100,101236,100,99622,100,101258,100,99483,100,101298,100,99406,100,101329,100,,,101423,100,,,,,,,,,,
2019-06-28 10:03:00.000000000,100459,200,99823,200,100662,200,99743,200,100666,200,99691,200,101236,200,99622,200,101258,100,99483,100,101298,100,99406,100,101329,100,,,101423,100,,,,,,,,,,
2019-06-28 10:03:10.000000000,100459,498,99823,498,100662,100,99743,100,100666,100,99691,100,101236,100,99622,100,101258,100,99483,100,101298,100,99406,100,101329,100,,,101423,100,,,,,,,,,,
2019-06-28 10:03:20.000000000,100459,299,99823,299,100662,299,99743,299,100666,100,99691,100,101236,100,99622,100,101258,100,99483,100,101298,100,99406,100,101329,100,,,101423,100,,,,,,,,,,
2019-06-28 10:03:21.257180024,100459,299,99887,100,100662,299,99823,299,100666,100,99743,299,101236,100,99691,100,101258,100,99622,100,101298,100,99483,100,101329,100,99406,100,101423,100,,,,,,,,,,
2019-06-28 10:03:30.000000000,100459,498,99887,498,100662,100,99823,100,100666,100,99743,100,101236,100,99691,100,101258,100,99622,100,101298,100,99483,100,101329,100,99406,100,101423,100,,,,,,,,,,
2019-06-28 10:03:40.000000000,100459,235,99887,235,100662,231,99823,231,100666,231,99743,231,101236,100,99691,100,101258,100,99622,100,101298,100,99483,100,101329,100,99406,100,101423,100,,,,,,,,,,
2019-06-28 10:03:46.840551680,100459,235,99887,135,100662,231,99823,231,100666,231,99743,231,101236,100,99691,100,101258,100,99622,100,101298,100,99483,100,101329,100,99406,100,101423,100,,,,,,,,,,
2019-06-28 10:03:47.514738558,100158,100,99887,135,100459,235,99823,231,100662,231,99743,231,100666,231,99691,100,101236,100,99622,100,101258,100,99483,100,101298,100,99406,100,101329,100,,,101423,100,,,,,,
2019-06-28 10:03:50.000000000,100158,180,99823,180,100459,180,99743,180,100662,180,99691,180,100666,180,99622,180,101236,180,99483,180,101258,100,99406,100,101298,100,,,101329,100,,,101423,100,,,,,,
2019-06-28 10:03:58.089170302,99887,100,99823,180,100158,180,99743,180,100459,180,99691,180,100662,180,99622,180,100666,180,99483,180,101236,180,99406,100,101258,100,,,101298,100,,,101329,100,,,101423,100,,
2019-06-28 10:04:00.000000000,99887,235,99823,235,100158,231,99743,231,100459,231,99691,231,100662,100,99622,100,100666,100,99483,100,101236,100,99406,100,101258,100,,,101298,100,,,101329,100,,,101423,100,,
2019-06-28 10:04:08.269958432,99887,235,99823,235,100125,100,99743,231,100158,231,99691,231,100459,231,99483,100,100662,100,99406,100,100666,100,,,101236,100,,,101258,100,,,101298,100,,,101329,100,,
2019-06-28 10:04:10.000000000,99887,200,99823,200,100125,200,99743,200,100158,200,99691,200,100459,200,99483,200,100662,100,99406,100,100666,100,,,101236,100,,,101258,100,,,101298,100,,,101329,100,,
2019-06-28 10:04:20.000000000,99887,200,99823,200,100125,200,99743,200,100158,200,99691,200,100459,200,99483,200,100662,100,99406,100,100666,100,,,101236,100,,,101258,100,,,101298,100,,,101329,100,,
2019-06-28 10:04:30.000000000,99887,235,99823,235,100125,231,99743,231,100158,231,99691,231,100459,100,99483,100,100662,100,99406,100,100666,100,,,101236,100,,,101258,100,,,101298,100,,,101329,100,,
2019-06-28 10:04:31.195729086,99887,235,99823,235,100081,100,99743,231,100125,231,99691,231,100158,231,99483,100,100459,100,99406,100,100666,100,,,101236,100,,,101258,100,,,101298,100,,,101329,100,,
2019-06-28 10:04:40.000000000,99887,180,99823,180,100081,180,99743,180,100125,180,99691,180,100158,180,99483,180,100459,180,99406,180,100666,100,,,101236,100,,,101258,100,,,101298,100,,,101329,100,,
2019-06-28 10:04:50.000000000,99887,180,99823,180,100081,180,99743,180,100125,180,99691,180,100158,180,99483,180,100459,180,99406,180,100666,100,,,101236,100,,,101258,100,,,101298,100,,,101329,100,,
2019-06-28 10:04:50.156094406,99887,80,99823,180,100081,180,99743,180,100125,180,99691,180,100158,180,99483,180,100459,180,99406,180,100666,100,,,101236,100,,,101258,100,,,101298,100,,,101329,100,,
2019-06-28 10:04:56.815210655,99887,80,99823,180,100081,180,99743,180,100125,180,99691,180,100158,180,99483,180,100189,100,99406,180,100459,180,,,100666,100,,,101236,100,,,101258,100,,,101298,100,,
2019-06-28 10:04:57.068549113,99887,80,99823,180,100081,180,99743,180,100125,180,99691,180,100158,180,99483,180,100189,100,99406,180,100213,100,,,100459,180,,,100666,100,,,101236,100,,,101258,100,,
2019-06-28 10:05:00.000000000,100081,498,99823,498,100125,100,99743,100,100158,100,99691,100,100189,100,99483,100,100213,100,99406,100,100459,100,,,100666,100,,,101236,100,,,101258,100,,,101298,100,,
2019-06-28 10:05:01.519801333,100081,498,99823,498,100125,100,99743,100,100158,100,99691,100,100189,100,99483,100,100213,100,99406,100,100380,100,,,100459,100,,,100666,100,,,101236,100,,,101258,100,,
2019-06-28 10:05:10.000000000,100081,235,99823,235,100125,231,99743,231,100158,231,99691,231,100189,100,99483,100,100213,100,99406,100,100380,100,,,100459,100,,,100666,100,,,101236,100,,,101258,100,,
2019-06-28 10:05:16.566662878,100081,235,99888,100,100125,231,99823,235,100158,231,99743,231,100189,100,99691,231,100213,100,99483,100,100380,100,99406,100,100459,100,,,100666,100,,,101236,100,,,101258,100,,
2019-06-28 10:05:20.000000000,100081,498,99888,498,100125,100,99823,100,100158,100,99743,100,100189,100,99691,100,100213,100,99483,100,100380,100,99406,100,100459,100,,,100666,100,,,101236,100,,,101258,100,,
2019-06-28 10:05:30.000000000,100081,235,99888,235,100125,231,99823,231,100158,231,99743,231,100189,100,99691,100,100213,100,99483,100,100380,100,99406,100,100459,100,,,100666,100,,,101236,100,,,101258,100,,
2019-06-28 10:05:40.000000000,100081,200,99888,200,100125,200,99823,200,100158,200,99743,200,100189,200,99691,200,100213,100,99483,100,100380,100,99406,100,100459,100,,,100666,100,,,101236,100,,,101258,100,,
2019-06-28 10:05:50.000000000,100081,498,99888,498,100125,100,99823,100,100158,100,99743,100,100189,100,99691,100,100213,100,99483,100,100380,100,99406,100,100459,100,,,100666,100,,,101236,100,,,101258,100,,
2019-06-28 10:06:00.000000000,100081,200,99888,200,100125,200,99823,200,100158,200,99743,200,100189,200,99691,200,100213,100,99483,100,100380,100,99406,100,100459,100,,,100666,100,,,101236,100,,,101258,100,,
2019-06-28 10:06:10.000000000,100081,498,99888,498,100125,100,99823,100,100158,100,99743,100,100189,100,99691,100,100213,100,99483,100,100380,100,99406,100,100459,100,,,100666,100,,,101236,100,,,101258,100,,
2019-06-28 10:06:20.000000000,100081,299,99888,299,100125,299,99823,299,100158,100,99743,100,100189,100,99691,100,100213,100,99483,100,100380,100,99406,100,100459,100,,,100666,100,,,101236,100,,,101258,100,,
2019-06-28 10:06:30.000000000,100081,235,99888,235,100125,231,99823,231,100158,231,99743,231,100189,100,99691,100,100213,100,99483,100,100380,100,99406,100,100459,100,,,100666,100,,,101236,100,,,101258,100,,
2019-06-28 10:06:32.994196342,100081,235,99888,135,100125,231,99823,231,100158,231,99743,231,100189,100,99691,100,100213,100,99483,100,100380,100,99406,100,100459,100,,,100666,100,,,101236,100,,,101258,100,,
2019-06-28 10:06:40.000000000,100081,200,99823,200,100125,200,99743,200,100158,200,99691,200,100189,200,99483,200,100213,100,99406,100,100380,100,,,100459,100,,,100666,100,,,101236,100,,,101258,100,,
2019-06-28 10:06:50.000000000,100081,235,99823,235,100125,231,99743,231,100158,231,99691,231,100189,100,99483,100,100213,100,99406,100,100380,100,,,100459,100,,,100666,100,,,101236,100,,,101258,100,,
2019-06-28 10:07:00.000000000,100081,235,99823,235,100125,231,99743,231,100158,231,99691,231,100189,100,99483,100,100213,100,99406,100,100380,100,,,100459,100,,,100666,100,,,101236,100,,,101258,100,,
2019-06-28 10:07:04.083962177,99886,100,99823,235,100081,235,99743,231,100125,231,99691,231,100158,231,99483,100,100189,100,99406,100,100213,100,,,100380,100,,,100459,100,,,100666,100,,,101236,100,,
2019-06-28 10:07:05.896643984,99886,100,99823,135,100081,235,99743,231,100125,231,99691,231,100158,231,99483,100,100189,100,99406,100,100213,100,,,100380,100,,,100459,100,,,100666,100,,,101236,100,,
2019-06-28 10:07:10.000000000,99886,200,99743,200,100081,200,99691,200,100125,200,99483,200,100158,200,99406,200,100189,100,,,100213,100,,,100380,100,,,100459,100,,,100666,100,,,101236,100,,
2019-06-28 10:07:20.000000000,99886,299,99743,299,100081,299,99691,299,100125,100,99483,100,100158,100,99406,100,100189,100,,,100213,100,,,100380,100,,,100459,100,,,100666,100,,,101236,100,,
2019-06-28 10:07:22.137345803,99886,199,99743,299,100081,299,99691,299,100125,100,99483,100,100158,100,99406,100,100189,100,,,100213,100,,,100380,100,,,100459,100,,,100666,100,,,101236,100,,
2019-06-28 10:07:30.000000000,100081,299,99743,299,100125,299,99691,299,100158,100,99483,100,100189,100,99406,100,100213,100,,,100380,100,,,100459,100,,,100666,100,,,101236,100,,,101258,100,,
2019-06-28 10:07:40.000000000,100081,235,99743,235,100125,231,99691,231,100158,231,99483,231,100189,100,99406,100,100213,100,,,100380,100,,,100459,100,,,100666,100,,,101236,100,,,101258,100,,
2019-06-28 10:07:50.000000000,100081,235,99743,235,100125,231,99691,231,100158,231,99483,231,100189,100,99406,100,100213,100,,,100380,100,,,100459,100,,,100666,100,,,101236,100,,,101258,100,,
2019-06-28 10:07:52.335678820,100081,135,99743,235,100125,231,99691,231,100158,231,99483,231,100189,100,99406,100,100213,100,,,100380,100,,,100459,100,,,100666,100,,,101236,100,,,101258,100,,
2019-06-28 10:07:58.397643926,100081,35,99743,135,100125,231,99691,231,100158,231,99483,231,100189,100,99406,100,100213,100,,,100380,100,,,100459,100,,,100666,100,,,101236,100,,,101258,100,,
2019-06-28 10:08:00.000000000,100125,200,99691,200,100158,200,99483,200,100189,200,99406,200,100213,200,99405,100,100380,100,,,100459,100,,,100666,100,,,101236,100,,,101258,100,,,101298,100,,
2019-06-28 10:08:10.000000000,100125,180,99691,180,100158,180,99483,180,100189,180,99406,180,100213,180,99405,80,100380,180,,,100459,100,,,100666,100,,,101236,100,,,101258,100,,,101298,100,,
2019-06-28 10:08:20.000000000,100125,498,99691,498,100158,100,99483,100,100189,100,99406,100,100213,100,,,100380,100,,,100459,100,,,100666,100,,,101236,100,,,101258,100,,,101298,100,,
2019-06-28 10:08:27.108908707,100125,498,100081,100,100158,100,99691,498,100189,100,99483,100,100213,100,99406,100,100380,100,,,100459,100,,,100666,100,,,101236,100,,,101258,100,,,101298,100,,
2019-06-28 10:08:29.299125273,100125,498,100081,100,100158,100,99691,498,100189,100,99483,100,100213,100,99406,100,100380,100,,,100459,100,,,100666,100,,,100740,100,,,101236,100,,,101258,100,,
2019-06-28 10:08:29.299857948,100125,498,100081,100,100158,100,99691,498,100189,100,99483,100,100213,100,99406,100,100380,100,,,100459,100,,,100666,100,,,100687,100,,,100740,100,,,101236,100,,
2019-06-28 10:08:30.000000000,100125,235,100081,235,100158,231,99691,231,100189,231,99483,231,100213,100,99406,100,100380,100,,,100459,100,,,100666,100,,,100687,100,,,100740,100,,,101236,100,,
2019-06-28 10:08:40.000000000,100125,498,100081,498,100158,100,99691,100,100189,100,99483,100,100213,100,99406,100,100380,100,,,100459,100,,,100666,100,,,100687,100,,,100740,100,,,101236,100,,
2019-06-28 10:08:50.000000000,100125,235,100081,235,100158,231,99691,231,100189,231,99483,231,100213,100,99406,100,100380,100,,,100459,100,,,100666,100,,,100687,100,,,100740,100,,,101236,100,,
2019-06-28 10:09:00.000000000,100125,299,100081,299,100158,299,99691,299,100189,100,99483,100,100213,100,99406,100,100380,100,,,100459,100,,,100666,100,,,100687,100,,,100740,100,,,101236,100,,
2019-06-28 10:09:02.960873103,100125,199,100081,299,100158,299,99691,299,100189,100,99483,100,100213,100,99406,100,100380,100,,,100459,100,,,100666,100,,,100687,100,,,100740,100,,,101236,100,,
2019-06-28 10:09:10.000000000,100158,180,100081,180,100189,180,99691,180,100213,180,99483,180,100380,180,99406,180,100459,180,99405,80,100666,100,,,100687,100,,,100740,100,,,101236,100,,,101258,100,,
2019-06-28 10:09:20.000000000,100158,200,100081,200,100189,200,99691,200,100213,200,99483,200,100380,200,99406,200,100459,100,,,100666,100,,,100687,100,,,100740,100,,,101236,100,,,101258,100,,
2019-06-28 10:09:29.226528588,100158,200,100081,100,100189,200,99691,200,100213,200,99483,200,100380,200,99406,200,100459,100,,,100666,100,,,100687,100,,,100740,100,,,101236,100,,,101258,100,,
2019-06-28 10:09:30.000000000,100158,200,99691,200,100189,200,99483,200,100213,200,99406,200,100380,200,99405,100,100459,100,,,100666,100,,,100687,100,,,100740,100,,,101236,100,,,101258,100,,
2019-06-28 10:09:40.000000000,100158,498,99691,498,100189,100,99483,100,100213,100,99406,100,100380,100,,,100459,100,,,100666,100,,,100687,100,,,100740,100,,,101236,100,,,101258,100,,
2019-06-28 10:09:50.000000000,100158,180,99691,180,100189,180,99483,180,100213,180,99406,180,100380,180,99405,80,100459,180,,,100666,100,,,100687,100,,,100740,100,,,101236,100,,,101258,100,,
2019-06-28 10:09:52.007071126,100158,180,100057,100,100189,180,99691,180,100213,180,99483,180,100380,180,99406,80,100459,180,99405,80,100666,100,,,100687,100,,,100740,100,,,101236,100,,,101258,100,,
2019-06-28 10:09:53.737333239,100155,100,100057,100,100158,180,99691,180,100189,180,99483,180,100213,180,99406,80,100380,180,99405,80,100459,180,,,100666,100,,,100687,100,,,100740,100,,,101236,100,,
2019-06-28 10:10:00.000000000,100155,235,100057,235,100158,231,99691,231,100189,231,99483,231,100213,100,,,100380,100,,,100459,100,,,100666,100,,,100687,100,,,100740,100,,,101236,100,,
2019-06-28 10:10:00.856155867,100104,100,100057,235,100155,235,99691,231,100158,231,99483,231,100189,231,,,100380,100,,,100459,100,,,100666,100,,,100687,100,,,100740,100,,,101236,100,,
2019-06-28 10:10:04.876918519,100104,100,100057,235,100124,100,99691,231,100155,235,99483,231,100158,231,,,100189,231,,,100380,100,,,100459,100,,,100666,100,,,100687,100,,,100740,100,,
2019-06-28 10:10:10.000000000,100104,200,100057,200,100124,200,99691,200,100155,200,99483,200,100158,200,99482,100,100189,100,,,100380,100,,,100459,100,,,100666,100,,,100687,100,,,100740,100,,
2019-06-28 10:10:20.000000000,100104,235,100057,235,100124,231,99691,231,100155,231,99483,231,100158,100,,,100189,100,,,100380,100,,,100459,100,,,100666,100,,,100687,100,,,100740,100,,
2019-06-28 10:10:21.221000720,100104,235,100057,235,100124,231,100045,100,100155,231,99691,231,100158,100,99483,231,100189,100,,,100380,100,,,100459,100,,,100666,100,,,100687,100,,,101236,100,,
2019-06-28 10:10:30.000000000,100104,299,100057,299,100124,299,100045,299,100155,100,99691,100,100158,100,99483,100,100189,100,,,100380,100,,,100459,100,,,100666,100,,,100687,100,,,101236,100,,
2019-06-28 10:10:40.000000000,100104,235,100057,235,100124,231,100045,231,100155,231,99691,231,100158,100,99483,100,100189,100,,,100380,100,,,100459,100,,,100666,100,,,100687,100,,,101236,100,,
2019-06-28 10:10:49.720653598,100104,235,100057,235,100124,231,100045,231,100155,231,99691,231,100158,100,99483,100,100162,100,,,100189,100,,,100380,100,,,100459,100,,,100666,100,,,100687,100,,
2019-06-28 10:10:50.000000000,100104,180,100057,180,100124,180,100045,180,100155,180,99691,180,100158,180,99483,180,100162,180,99482,80,100189,100,,,100380,100,,,100459,100,,,100666,100,,,100687,100,,
2019-06-28 10:11:00.000000000,100104,299,100057,299,100124,299,100045,299,100155,100,99691,100,100158,100,99483,100,100162,100,,,100189,100,,,100380,100,,,100459,100,,,100666,100,,,100687,100,,
2019-06-28 10:11:07.416803613,100104,199,100057,299,100124,299,100045,299,100155,100,99691,100,100158,100,99483,100,100162,100,,,100189,100,,,100380,100,,,100459,100,,,100687,100,,,101236,100,,
2019-06-28 10:11:10.000000000,100124,200,100057,200,100155,200,100045,200,100158,200,99691,200,100162,200,99483,200,100189,100,,,100380,100,,,100459,100,,,100687,100,,,101236,100,,,101258,100,,
2019-06-28 10:11:20.000000000,100124,498,100057,498,100155,100,100045,100,100158,100,99691,100,100162,100,99483,100,100189,100,,,100380,100,,,100459,100,,,100687,100,,,101236,100,,,101258,100,,
