,ask_price_1,ask_size_1,bid_price_1,bid_size_1,ask_price_2,ask_size_2,bid_price_2,bid_size_2,ask_price_3,ask_size_3,bid_price_3,bid_size_3,ask_price_4,ask_size_4,bid_price_4,bid_size_4,ask_price_5,ask_size_5,bid_price_5,bid_size_5,ask_price_6,ask_size_6,bid_price_6,bid_size_6,ask_price_7,ask_size_7,bid_price_7,bid_size_7,ask_price_8,ask_size_8,bid_price_8,bid_size_8,ask_price_9,ask_size_9,bid_price_9,bid_size_9,ask_price_10,ask_size_10,bid_price_10,bid_size_10
2019-06-28 09:30:00.000000001,100039,100,,,,,,,,,,,,,,,,,,,,,,,,,,,,,,,,,,,,,,
2019-06-28 09:30:00.000000006,100039,100,99960,100,100070,100,99930,100,,,,,,,,,,,,,,,,,,,,,,,,,,,,,,,,
2019-06-28 09:30:00.000000008,100039,100,99960,100,100061,100,99930,100,100070,100,,,100166,100,,,100188,100,,,,,,,,,,,,,,,,,,,,,,
2019-06-28 09:30:00.000000009,100039,100,99960,100,100061,100,99930,100,100070,100,,,100120,100,,,100166,100,,,100188,100,,,,,,,,,,,,,,,,,,
2019-06-28 09:30:00.000000011,100039,100,99960,100,100061,100,99930,100,100070,100,,,100083,100,,,100120,100,,,100166,100,,,100188,100,,,,,,,,,,,,,,
2019-06-28 09:30:00.000000012,99994,100,99960,100,100039,100,99930,100,100061,100,,,100070,100,,,100083,100,,,100120,100,,,100166,100,,,100188,100,,,,,,,,,,
2019-06-28 09:30:00.000000013,99994,100,99960,100,100039,100,99930,100,100061,100,99918,100,100070,100,,,100083,100,,,100120,100,,,100166,100,,,100188,100,,,,,,,,,,
2019-06-28 09:30:00.000000014,99994,100,99960,100,100039,100,99930,100,100054,100,99918,100,100061,100,,,100070,100,,,100072,100,,,100083,100,,,100120,100,,,100166,100,,,100188,100,,
2019-06-28 09:30:00.000000015,99994,100,99960,100,100039,100,99930,100,100054,100,99918,100,100061,100,99854,100,100070,100,,,100072,100,,,100083,100,,,100120,100,,,100166,100,,,100188,100,,
2019-06-28 09:30:00.000000017,99994,100,99960,100,99997,100,99930,100,100039,100,99918,100,100054,100,99854,100,100061,100,,,100070,100,,,100072,100,,,100083,100,,,100120,100,,,100166,100,,
2019-06-28 09:30:00.000000022,99997,100,99960,100,100039,100,99930,100,100054,100,99918,100,100061,100,99854,100,100070,100,,,100072,100,,,100083,100,,,100120,100,,,100166,100,,,100173,100,,
2019-06-28 09:30:00.000000024,99997,100,99930,100,100039,100,99927,100,100054,100,99918,100,100061,100,99854,100,100070,100,,,100072,100,,,100083,100,,,100120,100,,,100166,100,,,100173,100,,
2019-06-28 09:30:00.000000025,99994,100,99948,100,99997,100,99930,100,100039,100,99927,100,100054,100,99918,100,100061,100,99854,100,100070,100,,,100072,100,,,100083,100,,,100120,100,,,100166,100,,
2019-06-28 09:30:00.000000026,99994,100,99949,100,99997,100,99948,100,100039,100,99930,100,100054,100,99927,100,100061,100,99918,100,100070,100,99854,100,100072,100,,,100083,100,,,100120,100,,,100166,100,,
2019-06-28 09:30:00.000000028,99994,100,99949,100,99997,100,99948,100,100039,100,99930,100,100054,100,99927,100,100061,100,99923,100,100070,100,99918,100,100072,100,99854,100,100083,100,,,100120,100,,,100166,100,,
2019-06-28 09:30:00.000000029,99994,100,99949,100,99997,100,99948,100,100039,100,99930,100,100054,100,99927,100,100061,100,99923,100,100070,100,99918,100,100072,100,99854,100,100083,100,,,100120,100,,,100157,100,,
2019-06-28 09:30:00.000000031,99994,100,99960,100,99997,100,99949,100,100039,100,99948,100,100054,100,99930,100,100061,100,99927,100,100070,100,99923,100,100072,100,99918,100,100083,100,99854,100,100120,100,,,100157,100,,
2019-06-28 09:30:00.000000032,99994,100,99960,100,99997,100,99949,100,100039,100,99948,100,100054,100,99930,100,100061,100,99927,100,100070,100,99923,100,100072,100,99918,100,100083,100,99854,100,100120,100,,,100150,100,,
2019-06-28 09:30:00.000000033,99994,100,99960,100,99997,100,99949,100,100039,100,99948,100,100054,100,99930,100,100061,100,99927,100,100070,100,99923,100,100072,100,99918,100,100083,100,99854,100,100120,100,,,100145,100,,
2019-06-28 09:30:00.000000035,99994,100,99960,100,99997,100,99949,100,100039,100,99948,100,100054,100,99930,100,100061,100,99927,100,100070,100,99923,100,100072,100,99918,100,100083,100,99854,100,100092,100,,,100120,100,,
2019-06-28 09:30:00.000000038,99994,100,99960,100,99997,100,99949,100,100039,100,99948,100,100054,100,99930,100,100061,100,99927,100,100068,100,99923,100,100070,100,99918,100,100072,100,99854,100,100083,100,,,100092,100,,
2019-06-28 09:30:00.000000039,99994,100,99960,100,99997,100,99949,100,100039,100,99948,100,100054,100,99930,100,100061,100,99927,100,100068,100,99923,100,100070,100,99918,100,100072,100,99854,100,100083,100,,,100092,100,,
2019-06-28 09:30:00.000000040,99994,200,99960,100,99997,100,99949,100,100039,100,99948,100,100054,100,99930,100,100061,100,99927,100,100068,100,99923,100,100070,100,99918,100,100072,100,99854,100,100083,100,,,100092,100,,
2019-06-28 09:30:00.000000041,99994,200,99960,100,99997,100,99949,100,100019,100,99948,200,100039,100,99930,100,100054,100,99927,100,100061,100,99923,100,100068,100,99918,100,100070,100,99854,100,100072,100,,,100083,100,,
2019-06-28 09:30:00.000000042,99994,200,99960,100,99997,100,99949,100,100019,100,99948,200,100039,100,99930,100,100054,100,99927,100,100061,100,99923,100,100068,100,99918,100,100070,100,99854,100,100072,100,99844,100,100083,100,,
2019-06-28 09:30:00.000000043,99994,200,99960,200,99997,100,99949,100,100019,100,99948,200,100039,100,99930,100,100054,100,99927,100,100061,100,99923,100,100068,100,99918,100,100070,100,99854,100,100072,100,99844,100,100083,100,,
2019-06-28 09:30:00.000000044,99994,300,99960,200,99997,100,99949,100,100019,100,99948,200,100039,100,99930,100,100054,100,99927,100,100061,100,99923,100,100068,100,99918,100,100070,100,99854,100,100072,100,99844,100,100083,100,,
2019-06-28 09:30:00.000000045,99991,100,99960,200,99994,300,99949,100,99997,100,99948,200,100019,100,99930,100,100039,100,99927,100,100054,100,99923,100,100061,100,99918,100,100068,100,99854,100,100070,100,99844,100,100072,100,,
2019-06-28 09:30:00.000000046,99972,100,99960,200,99991,100,99949,100,99994,300,99948,200,99997,100,99930,100,100019,100,99927,100,100039,100,99923,100,100054,100,99918,100,100061,100,99854,100,100068,100,99844,100,100070,100,,
2019-06-28 09:30:00.000000047,99972,100,99960,200,99991,100,99949,100,99994,300,99948,200,99997,100,99930,100,100019,100,99927,100,100039,100,99923,100,100054,100,99918,100,100061,100,99854,100,100068,100,99844,100,100070,100,,
2019-06-28 09:30:00.000000048,99972,100,99960,200,99991,100,99949,100,99994,300,99948,200,99997,100,99930,100,100019,100,99927,100,100039,100,99923,100,100049,100,99918,100,100054,100,99854,100,100061,100,99844,100,100068,100,,
2019-06-28 09:30:00.000000051,99972,100,99960,200,99991,100,99949,100,99994,300,99948,200,99997,100,99930,100,100019,100,99927,100,100039,100,99923,100,100049,100,99918,100,100054,100,99911,100,100061,100,99854,100,100068,100,99844,100
2019-06-28 09:30:00.000000054,99972,100,99960,200,99991,100,99949,100,99994,300,99948,200,99997,100,99930,100,100019,100,99927,100,100027,100,99923,100,100039,100,99918,100,100049,100,99911,100,100054,100,99854,100,100061,100,99844,100
2019-06-28 09:30:00.000000055,99972,100,99960,200,99991,100,99949,100,99994,300,99948,200,99997,100,99930,100,100019,100,99927,100,100027,100,99923,100,100039,100,99918,100,100049,100,99911,100,100054,100,99854,100,100061,100,99844,100
2019-06-28 09:30:00.000000056,99972,100,99960,200,99991,100,99949,100,99994,300,99948,200,99997,100,99930,100,100019,100,99927,100,100027,100,99923,100,100039,100,99918,100,100049,100,99911,100,100054,100,99854,100,100061,100,99844,100
2019-06-28 09:30:00.000000058,99972,100,99961,100,99991,100,99960,200,99994,300,99949,100,99997,100,99948,200,100019,100,99930,100,100027,100,99927,100,100039,100,99923,100,100049,100,99918,100,100054,100,99911,100,100061,100,99854,100
2019-06-28 09:30:00.000000059,99991,100,99961,100,99994,300,99960,200,99997,100,99949,100,100019,100,99948,200,100027,100,99930,100,100039,100,99927,100,100049,100,99923,100,100054,100,99918,100,100061,100,99911,100,100068,100,99854,100
2019-06-28 09:30:00.000000063,99991,100,99985,100,99994,300,99961,100,99997,100,99960,200,100019,100,99954,100,100027,100,99949,100,100039,100,99948,200,100049,100,99930,100,100054,100,99927,100,100061,100,99923,100,100068,100,99918,100
2019-06-28 09:30:00.000000065,99991,100,99985,100,99994,300,99961,100,99997,100,99960,200,100019,100,99954,100,100027,100,99949,100,100039,100,99948,200,100049,100,99930,100,100054,100,99927,100,100061,100,99923,100,100068,100,99918,100
2019-06-28 09:30:00.000000066,99991,100,99985,100,99994,300,99961,100,99997,100,99960,200,100019,100,99954,100,100027,100,99949,100,100039,100,99948,200,100049,100,99930,100,100054,100,99927,100,100061,100,99923,100,100068,100,99918,100
2019-06-28 09:30:00.000000072,99991,100,99985,100,99994,300,99961,100,99997,100,99960,200,100018,100,99954,100,100019,100,99949,100,100027,100,99948,200,100039,100,99930,100,100049,100,99927,100,100054,100,99923,100,100061,100,99918,100
2019-06-28 09:30:00.000000075,99991,100,99985,100,99994,300,99961,100,99997,100,99960,200,100018,100,99954,100,100019,100,99949,100,100027,100,99948,200,100039,100,99930,100,100049,100,99927,100,100054,100,99926,100,100061,200,99923,100
2019-06-28 09:30:00.000000076,99991,100,99985,100,99994,300,99972,100,99997,100,99961,100,100018,100,99960,200,100019,100,99954,100,100027,100,99949,100,100039,100,99948,200,100049,100,99930,100,100054,100,99927,100,100061,200,99926,100
2019-06-28 09:30:00.000000079,99991,100,99973,100,99994,300,99972,100,99997,100,99961,100,100018,100,99960,200,100019,100,99954,100,100027,100,99949,100,100039,100,99948,200,100049,100,99930,100,100054,100,99927,100,100061,200,99926,100
2019-06-28 09:30:00.000000080,99985,100,99973,100,99991,100,99972,100,99994,300,99961,100,99997,100,99960,200,100018,100,99954,100,100019,100,99949,100,100027,100,99948,200,100039,100,99930,100,100049,100,99927,100,100054,100,99926,100
2019-06-28 09:30:00.000000081,99985,100,99973,100,99991,100,99972,100,99994,300,99961,100,99996,100,99960,200,99997,100,99954,100,100018,100,99949,100,100019,100,99948,200,100027,100,99930,100,100039,100,99927,100,100049,100,99926,100
2019-06-28 09:30:00.000000083,99985,100,99973,100,99991,100,99972,100,99994,300,99961,100,99996,100,99960,200,99997,100,99956,100,100018,100,99954,100,100019,100,99949,100,100027,100,99948,200,100039,100,99930,100,100049,100,99927,100
2019-06-28 09:30:00.000000087,99985,100,99973,100,99991,100,99972,100,99994,300,99961,100,99996,100,99960,200,99997,100,99956,100,100018,100,99954,100,100019,100,99949,100,100027,100,99948,200,100039,100,99930,100,100049,100,99927,100
2019-06-28 09:30:00.000000091,99985,100,99973,100,99991,100,99972,100,99994,300,99961,100,99996,100,99960,200,99997,100,99956,100,100018,100,99954,100,100019,100,99951,100,100027,100,99949,100,100039,100,99948,200,100049,100,99930,100
2019-06-28 09:30:00.000000096,99985,100,99973,100,99991,100,99972,100,99994,300,99961,100,99996,100,99960,200,99997,100,99956,100,100018,100,99954,100,100019,100,99951,100,100027,100,99949,100,100039,100,99948,200,100049,100,99930,100
2019-06-28 09:30:00.000000098,99985,100,99973,100,99991,100,99972,100,99994,300,99961,100,99996,100,99960,200,99997,100,99956,100,100018,100,99954,100,100019,100,99951,100,100027,100,99949,100,100039,100,99948,200,100049,100,99930,100
2019-06-28 09:30:03.856738465,99985,100,99973,100,99991,100,99972,100,99994,300,99961,100,99996,100,99960,200,99997,100,99956,100,100018,100,99954,100,100019,100,99951,100,100027,100,99949,100,100039,100,99948,200,100049,100,99930,100
2019-06-28 09:30:07.069117411,99991,100,99973,100,99994,300,99972,100,99996,100,99961,100,99997,100,99960,200,100018,100,99956,100,100019,100,99954,100,100027,100,99951,100,100039,100,99949,100,100049,100,99948,200,100054,100,99930,100
2019-06-28 09:30:07.142762634,99991,100,99973,100,99994,300,99972,100,99996,100,99961,100,99997,100,99960,200,100018,100,99956,100,100019,100,99954,100,100027,100,99951,100,100039,100,99949,100,100049,100,99948,200,100054,100,99935,100
2019-06-28 09:30:08.065496814,99991,100,99973,100,99994,300,99972,100,99996,100,99961,100,99997,100,99960,200,100018,100,99956,100,100019,100,99954,100,100027,100,99949,100,100039,100,99948,200,100049,100,99935,100,100054,100,99930,100
2019-06-28 09:30:10.000000000,99991,337,99973,337,99994,537,99972,337,99996,100,99961,100,99997,100,99960,200,100018,100,99956,100,100019,100,99954,100,100027,100,99949,100,100039,100,99948,200,100049,100,99935,100,100054,100,99930,100
2019-06-28 09:30:20.000000000,99991,218,99973,218,99994,418,99972,218,99996,218,99961,218,99997,218,99960,318,100018,100,99956,100,100019,100,99954,100,100027,100,99949,100,100039,100,99948,200,100049,100,99935,100,100054,100,99930,100
2019-06-28 09:30:30.000000000,99991,195,99973,195,99994,395,99972,195,99996,195,99961,195,99997,195,99960,295,100018,195,99956,195,100019,100,99954,100,100027,100,99949,100,100039,100,99948,200,100049,100,99935,100,100054,100,99930,100
2019-06-28 09:30:35.065340091,99991,195,99973,195,99994,395,99972,195,99996,195,99961,195,99997,195,99960,295,100018,195,99956,195,100019,100,99954,100,100027,100,99949,100,100039,100,99948,200,100049,100,99935,100,100054,100,99930,100
2019-06-28 09:30:40.000000000,99991,337,99973,337,99994,537,99972,337,99996,100,99961,100,99997,100,99960,200,100018,100,99956,100,100019,100,99954,100,100027,100,99949,100,100039,100,99948,200,100049,100,99935,100,100054,100,99930,100
2019-06-28 09:30:50.000000000,99991,337,99973,337,99994,537,99972,337,99996,100,99961,100,99997,100,99960,200,100018,100,99956,100,100019,100,99954,100,100027,100,99949,100,100039,100,99948,200,100049,100,99935,100,100054,100,99930,100
2019-06-28 09:30:57.831346172,99991,337,99973,337,99994,537,99972,337,99996,100,99961,100,99997,100,99960,200,100018,100,99956,100,100019,100,99954,100,100027,100,99949,100,100039,100,99948,200,100049,100,99935,100,100054,100,99930,100
2019-06-28 09:31:00.000000000,99991,337,99973,337,99994,537,99972,337,99996,100,99961,100,99997,100,99960,200,100018,100,99956,100,100019,100,99954,100,100027,100,99949,100,100039,100,99948,200,100049,100,99935,100,100054,100,99930,100
2019-06-28 09:31:10.000000000,99991,261,99973,261,99994,456,99972,256,99996,256,99961,256,99997,100,99960,200,100018,100,99956,100,100019,100,99954,100,100027,100,99949,100,100039,100,99948,200,100049,100,99935,100,100054,100,99930,100
2019-06-28 09:31:20.000000000,99991,218,99973,218,99994,418,99972,218,99996,218,99961,218,99997,218,99960,318,100018,100,99956,100,100019,100,99954,100,100027,100,99949,100,100039,100,99948,200,100049,100,99935,100,100054,100,99930,100
2019-06-28 09:31:30.000000000,99991,337,99973,337,99994,537,99972,337,99996,100,99961,100,99997,100,99960,200,100018,100,99956,100,100019,100,99954,100,100027,100,99949,100,100039,100,99948,200,100049,100,99935,100,100054,100,99930,100
2019-06-28 09:31:39.453290807,99991,337,99973,337,99994,537,99972,337,99996,100,99961,100,99997,100,99960,200,100018,100,99956,100,100019,100,99954,100,100027,100,99949,100,100039,100,99948,200,100049,100,99935,100,100054,100,99930,100
2019-06-28 09:31:40.000000000,99991,574,99973,574,99994,300,99972,100,99996,100,99961,100,99997,100,99960,200,100018,100,99956,100,100019,100,99954,100,100027,100,99949,100,100039,100,99948,200,100049,100,99935,100,100054,100,99930,100
2019-06-28 09:31:43.857619377,99991,474,99973,574,99994,300,99972,100,99996,100,99961,100,99997,100,99960,200,100018,100,99956,100,100019,100,99954,100,100027,100,99949,100,100039,100,99948,200,100049,100,99935,100,100054,100,99930,100
2019-06-28 09:31:49.756797073,99991,374,99973,574,99994,300,99972,100,99996,100,99961,100,99997,100,99960,200,100018,100,99956,100,100019,100,99954,100,100027,100,99949,100,100039,100,99948,200,100049,100,99935,100,100054,100,99930,100
2019-06-28 09:31:50.000000000,99994,461,99973,261,99996,256,99972,256,99997,256,99961,256,100018,100,99960,200,100019,100,99956,100,100027,100,99954,100,100039,100,99949,100,100049,100,99948,200,100054,100,99935,100,100061,100,99930,100
2019-06-28 09:32:00.000000000,99994,461,99973,261,99996,256,99972,256,99997,256,99961,256,100018,100,99960,200,100019,100,99956,100,100027,100,99954,100,100039,100,99949,100,100049,100,99948,200,100054,100,99935,100,100061,100,99930,100
2019-06-28 09:32:04.963363914,99994,461,99973,261,99996,256,99972,256,99997,256,99961,256,100018,100,99960,200,100019,100,99956,100,100027,100,99954,100,100039,100,99949,100,100049,100,99948,200,100054,100,99935,100,100061,100,99930,100
2019-06-28 09:32:08.390994196,99994,461,99973,261,99996,256,99972,256,99997,256,99961,256,100018,100,99960,200,100019,100,99956,100,100027,100,99949,100,100039,100,99948,200,100049,100,99935,100,100054,100,99930,100,100061,100,99927,100
2019-06-28 09:32:10.000000000,99994,395,99973,195,99996,195,99972,195,99997,195,99961,195,100018,195,99960,295,100019,195,99956,195,100027,100,99949,100,100039,100,99948,200,100049,100,99935,100,100054,100,99930,100,100061,100,99927,100
2019-06-28 09:32:10.170906329,99994,395,99973,195,99996,195,99972,195,99997,195,99961,195,100018,195,99960,295,100019,195,99956,195,100027,100,99949,100,100039,100,99948,200,100049,100,99935,100,100054,100,99930,100,100061,100,99927,100
2019-06-28 09:32:20.000000000,99994,537,99973,337,99996,337,99972,337,99997,100,99961,100,100018,100,99960,200,100019,100,99956,100,100027,100,99949,100,100039,100,99948,200,100049,100,99935,100,100054,100,99930,100,100061,100,99927,100
2019-06-28 09:32:25.593701779,99994,537,99973,337,99996,337,99972,337,99997,100,99961,100,100018,100,99960,200,100019,100,99956,100,100027,100,99949,100,100039,100,99948,200,100049,100,99935,100,100054,100,99930,100,100061,100,99927,100
2019-06-28 09:32:28.911512363,99994,437,99973,337,99996,337,99972,337,99997,100,99961,100,100018,100,99960,200,100019,100,99956,100,100027,100,99949,100,100039,100,99948,200,100049,100,99935,100,100054,100,99930,100,100061,100,99927,100
2019-06-28 09:32:30.000000000,99994,361,99973,261,99996,256,99972,256,99997,256,99961,256,100018,100,99960,200,100019,100,99956,100,100027,100,99949,100,100039,100,99948,200,100049,100,99935,100,100054,100,99930,100,100061,100,99927,100
2019-06-28 09:32:40.000000000,99994,361,99973,261,99996,256,99972,256,99997,256,99961,256,100018,100,99960,200,100019,100,99956,100,100027,100,99949,100,100039,100,99948,200,100049,100,99935,100,100054,100,99930,100,100061,100,99927,100
2019-06-28 09:32:50.000000000,99994,295,99973,195,99996,195,99972,195,99997,195,99961,195,100018,195,99960,295,100019,195,99956,195,100027,100,99949,100,100039,100,99948,200,100049,100,99935,100,100054,100,99930,100,100061,100,99927,100
2019-06-28 09:33:00.000000000,99994,437,99973,337,99996,337,99972,337,99997,100,99961,100,100018,100,99960,200,100019,100,99956,100,100027,100,99949,100,100039,100,99948,200,100049,100,99935,100,100054,100,99930,100,100061,100,99927,100
2019-06-28 09:33:10.000000000,99994,318,99973,218,99996,218,99972,218,99997,218,99961,218,100018,218,99960,318,100019,100,99956,100,100027,100,99949,100,100039,100,99948,200,100049,100,99935,100,100054,100,99930,100,100061,100,99927,100
2019-06-28 09:33:17.463455306,99994,218,99973,218,99996,218,99972,218,99997,218,99961,218,100018,218,99960,318,100019,100,99956,100,100027,100,99949,100,100039,100,99948,200,100049,100,99935,100,100054,100,99930,100,100061,100,99927,100
2019-06-28 09:33:20.000000000,99994,261,99973,261,99996,256,99972,256,99997,256,99961,256,100018,100,99960,200,100019,100,99956,100,100027,100,99949,100,100039,100,99948,200,100049,100,99935,100,100054,100,99930,100,100061,100,99927,100
2019-06-28 09:33:28.827815066,99994,261,99973,261,99996,256,99972,256,99997,256,99961,256,100018,100,99960,200,100027,100,99956,100,100039,100,99949,100,100049,100,99948,200,100054,100,99935,100,100061,100,99930,100,100068,100,99927,100
2019-06-28 09:33:30.000000000,99994,337,99973,337,99996,337,99972,337,99997,100,99961,100,100018,100,99960,200,100027,100,99956,100,100039,100,99949,100,100049,100,99948,200,100054,100,99935,100,100061,100,99930,100,100068,100,99927,100
2019-06-28 09:33:40.000000000,99994,574,99973,574,99996,100,99972,100,99997,100,99961,100,100018,100,99960,200,100027,100,99956,100,100039,100,99949,100,100049,100,99948,200,100054,100,99935,100,100061,100,99930,100,100068,100,99927,100
2019-06-28 09:33:41.861697636,99994,574,99973,574,99996,100,99972,100,99997,100,99961,100,100018,100,99960,200,100027,100,99956,100,100039,100,99949,100,100049,100,99948,200,100054,100,99935,100,100061,100,99930,100,100068,100,99927,100
2019-06-28 09:33:50.000000000,99994,195,99973,195,99996,195,99972,195,99997,195,99961,195,100018,195,99960,295,100027,195,99956,195,100039,100,99949,100,100049,100,99948,200,100054,100,99935,100,100061,100,99930,100,100068,100,99927,100
2019-06-28 09:34:00.000000000,99994,218,99973,218,99996,218,99972,218,99997,218,99961,218,100018,218,99960,318,100027,100,99956,100,100039,100,99949,100,100049,100,99948,200,100054,100,99935,100,100061,100,99930,100,100068,100,99927,100
2019-06-28 09:34:10.000000000,99994,218,99973,218,99996,218,99972,218,99997,218,99961,218,100018,218,99960,318,100027,100,99956,100,100039,100,99949,100,100049,100,99948,200,100054,100,99935,100,100061,100,99930,100,100068,100,99927,100
2019-06-28 09:34:10.934894416,99994,218,99991,100,99996,218,99973,218,99997,218,99972,218,100018,218,99961,218,100027,100,99960,318,100039,100,99956,100,100049,100,99949,100,100054,100,99948,200,100061,100,99935,100,100068,100,99930,100
2019-06-28 09:34:14.431050678,99994,118,99991,100,99996,218,99973,218,99997,218,99972,218,100018,218,99961,218,100027,100,99960,318,100039,100,99956,100,100049,100,99949,100,100054,100,99948,200,100061,100,99930,100,100068,100,99927,100
2019-06-28 09:34:20.000000000,99996,218,99991,218,99997,218,99973,218,100018,218,99972,218,100027,218,99961,218,100039,100,99960,200,100049,100,99956,100,100054,100,99949,100,100061,100,99948,200,100068,100,99930,100,100070,100,99927,100
2019-06-28 09:34:24.382764545,99996,118,99991,218,99997,218,99973,218,100018,218,99972,218,100027,218,99961,218,100039,100,99960,200,100049,100,99956,100,100054,100,99949,100,100061,100,99948,200,100068,100,99930,100,100070,100,99927,100
2019-06-28 09:34:27.182570808,99996,118,99991,218,99997,218,99973,218,100018,218,99972,218,100027,218,99961,218,100039,100,99960,200,100049,100,99956,100,100054,100,99948,200,100061,100,99930,100,100068,100,99927,100,100070,100,99923,100
2019-06-28 09:34:28.997250607,99996,18,99991,218,99997,218,99973,218,100018,218,99972,218,100027,218,99961,218,100039,100,99960,200,100049,100,99956,100,100054,100,99948,100,100061,100,99930,100,100068,100,99927,100,100070,100,99923,100
2019-06-28 09:34:30.000000000,99997,218,99991,218,100018,218,99973,218,100027,218,99972,218,100039,218,99961,218,100049,100,99960,200,100054,100,99956,100,100061,100,99948,100,100068,100,99930,100,100070,100,99927,100,100072,100,99923,100
2019-06-28 09:34:37.264043205,99997,118,99991,218,100018,218,99973,218,100027,218,99972,218,100039,218,99961,218,100049,100,99960,200,100054,100,99956,100,100061,100,99948,100,100068,100,99930,100,100070,100,99927,100,100072,100,99923,100
2019-06-28 09:34:40.000000000,100018,337,99991,337,100027,337,99973,337,100039,100,99972,100,100049,100,99961,100,100054,100,99960,200,100061,100,99956,100,100068,100,99948,100,100070,100,99930,100,100072,100,99927,100,100083,100,99923,100
2019-06-28 09:34:50.000000000,100018,195,99991,195,100027,195,99973,195,100039,195,99972,195,100049,195,99961,195,100054,195,99960,295,100061,100,99956,100,100068,100,99948,100,100070,100,99930,100,100072,100,99927,100,100083,100,99923,100
2019-06-28 09:35:00.000000000,100018,574,99991,574,100027,100,99973,100,100039,100,99972,100,100049,100,99961,100,100054,100,99960,200,100061,100,99956,100,100068,100,99948,100,100070,100,99930,100,100072,100,99927,100,100083,100,99923,100
2019-06-28 09:35:05.362064590,100018,574,99996,100,100027,100,99991,574,100039,100,99973,100,100049,100,99972,100,100054,100,99961,100,100061,100,99960,100,100068,100,99956,100,100070,100,99948,100,100072,100,99930,100,100083,100,99927,100
2019-06-28 09:35:10.000000000,100018,261,99996,261,100027,256,99991,256,100039,256,99973,256,100049,100,99972,100,100054,100,99961,100,100061,100,99960,100,100068,100,99956,100,100070,100,99948,100,100072,100,99930,100,100083,100,99927,100
2019-06-28 09:35:20.000000000,100018,574,99996,574,100027,100,99991,100,100039,100,99973,100,100049,100,99972,100,100054,100,99961,100,100061,100,99960,100,100068,100,99956,100,100070,100,99948,100,100072,100,99930,100,100083,100,99927,100
2019-06-28 09:35:30.000000000,100018,195,99996,195,100027,195,99991,195,100039,195,99973,195,100049,195,99972,195,100054,195,99961,195,100061,100,99960,100,100068,100,99956,100,100070,100,99948,100,100072,100,99930,100,100083,100,99927,100
2019-06-28 09:35:40.000000000,100018,337,99996,337,100027,337,99991,337,100039,100,99973,100,100049,100,99972,100,100054,100,99961,100,100061,100,99960,100,100068,100,99956,100,100070,100,99948,100,100072,100,99930,100,100083,100,99927,100
2019-06-28 09:35:50.000000000,100018,195,99996,195,100027,195,99991,195,100039,195,99973,195,100049,195,99972,195,100054,195,99961,195,100061,100,99960,100,100068,100,99956,100,100070,100,99948,100,100072,100,99930,100,100083,100,99927,100
2019-06-28 09:35:52.011206660,100018,195,99996,195,100027,195,99991,195,100039,195,99973,195,100049,195,99972,195,100054,195,99961,195,100061,100,99960,100,100068,100,99956,100,100070,100,99948,100,100072,100,99930,100,100083,100,99927,100
2019-06-28 09:35:54.409663998,100018,95,99996,195,100027,195,99991,195,100039,195,99973,195,100049,195,99972,195,100054,195,99961,195,100061,100,99960,100,100068,100,99956,100,100070,100,99948,100,100072,100,99930,100,100083,100,99927,100
2019-06-28 09:36:00.000000000,100027,574,99996,574,100039,100,99991,100,100049,100,99973,100,100054,100,99972,100,100061,100,99961,100,100068,100,99960,100,100070,100,99956,100,100072,100,99948,100,100083,100,99930,100,100095,100,99927,100
2019-06-28 09:36:10.000000000,100027,337,99996,337,100039,337,99991,337,100049,100,99973,100,100054,100,99972,100,100061,100,99961,100,100068,100,99960,100,100070,100,99956,100,100072,100,99948,100,100083,100,99930,100,100095,100,99927,100
2019-06-28 09:36:13.847620640,100027,337,99996,337,100039,337,99991,337,100049,100,99973,100,100054,100,99972,100,100068,100,99961,100,100070,100,99960,100,100072,100,99956,100,100083,100,99948,100,100095,100,99930,100,100118,200,99927,100
2019-06-28 09:36:20.000000000,100027,337,99996,337,100039,337,99991,337,100049,100,99973,100,100054,100,99972,100,100068,100,99961,100,100070,100,99960,100,100072,100,99956,100,100083,100,99948,100,100095,100,99930,100,100118,200,99927,100
2019-06-28 09:36:30.000000000,100027,574,99996,574,100039,100,99991,100,100049,100,99973,100,100054,100,99972,100,100068,100,99961,100,100070,100,99960,100,100072,100,99956,100,100083,100,99948,100,100095,100,99930,100,100118,200,99927,100
2019-06-28 09:36:31.916381659,100027,574,99997,100,100039,100,99996,574,100049,100,99991,100,100054,100,99973,100,100068,100,99972,100,100070,100,99961,100,100072,100,99956,100,100083,100,99948,100,100095,100,99930,100,100118,200,99927,100
2019-06-28 09:36:40.000000000,100027,195,99997,195,100039,195,99996,195,100049,195,99991,195,100054,195,99973,195,100068,195,99972,195,100070,100,99961,100,100072,100,99956,100,100083,100,99948,100,100095,100,99930,100,100118,200,99927,100
2019-06-28 09:36:50.000000000,100027,195,99997,195,100039,195,99996,195,100049,195,99991,195,100054,195,99973,195,100068,195,99972,195,100070,100,99961,100,100072,100,99956,100,100083,100,99948,100,100095,100,99930,100,100118,200,99927,100
2019-06-28 09:37:00.000000000,100027,218,99997,218,100039,218,99996,218,100049,218,99991,218,100054,218,99973,218,100068,100,99972,100,100070,100,99961,100,100072,100,99956,100,100083,100,99948,100,100095,100,99930,100,100118,200,99927,100
2019-06-28 09:37:10.000000000,100027,574,99997,574,100039,100,99996,100,100049,100,99991,100,100054,100,99973,100,100068,100,99972,100,100070,100,99961,100,100072,100,99956,100,100083,100,99948,100,100095,100,99930,100,100118,200,99927,100
2019-06-28 09:37:20.000000000,100027,195,99997,195,100039,195,99996,195,100049,195,99991,195,100054,195,99973,195,100068,195,99972,195,100070,100,99961,100,100072,100,99956,100,100083,100,99948,100,100095,100,99930,100,100118,200,99927,100
2019-06-28 09:37:30.000000000,100027,574,99997,574,100039,100,99996,100,100049,100,99991,100,100054,100,99973,100,100068,100,99972,100,100070,100,99961,100,100072,100,99956,100,100083,100,99948,100,100095,100,99930,100,100118,200,99927,100
2019-06-28 09:37:31.474179220,100027,474,99997,574,100039,100,99996,100,100049,100,99991,100,100054,100,99973,100,100068,100,99972,100,100070,100,99961,100,100072,100,99956,100,100083,100,99948,100,100095,100,99930,100,100118,200,99927,100
2019-06-28 09:37:40.000000000,100039,218,99997,218,100049,218,99996,218,100054,218,99991,218,100068,218,99973,218,100070,100,99972,100,100072,100,99961,100,100083,100,99956,100,100095,100,99948,100,100118,200,99930,100,100120,100,99927,100
2019-06-28 09:37:50.000000000,100039,195,99997,195,100049,195,99996,195,100054,195,99991,195,100068,195,99973,195,100070,195,99972,195,100072,100,99961,100,100083,100,99956,100,100095,100,99948,100,100118,200,99930,100,100120,100,99927,100
2019-06-28 09:37:56.286461140,100039,195,99997,195,100049,195,99996,195,100054,195,99991,195,100068,195,99973,195,100070,195,99972,195,100072,100,99961,100,100083,100,99956,100,100095,100,99948,100,100118,100,99930,100,100120,100,99927,100
2019-06-28 09:37:59.127359702,100039,195,99997,195,100049,195,99996,195,100054,195,99991,195,100068,195,99973,195,100070,195,99972,195,100072,100,99961,100,100083,100,99956,100,100095,100,99948,100,100118,100,99930,100,100120,100,99927,100
2019-06-28 09:38:00.000000000,100039,574,99997,574,100049,100,99996,100,100054,100,99991,100,100068,100,99973,100,100070,100,99972,100,100072,100,99961,100,100083,100,99956,100,100095,100,99948,100,100118,100,99930,100,100120,100,99927,100
2019-06-28 09:38:10.000000000,100039,195,99997,195,100049,195,99996,195,100054,195,99991,195,100068,195,99973,195,100070,195,99972,195,100072,100,99961,100,100083,100,99956,100,100095,100,99948,100,100118,100,99930,100,100120,100,99927,100
2019-06-28 09:38:20.000000000,100039,337,99997,337,100049,337,99996,337,100054,100,99991,100,100068,100,99973,100,100070,100,99972,100,100072,100,99961,100,100083,100,99956,100,100095,100,99948,100,100118,100,99930,100,100120,100,99927,100
2019-06-28 09:38:29.865652292,100039,337,100018,100,100049,337,99997,237,100054,100,99996,337,100068,100,99991,100,100070,100,99973,100,100072,100,99972,100,100083,100,99961,100,100095,100,99956,100,100118,100,99948,100,100120,100,99930,100
2019-06-28 09:38:30.000000000,100039,218,100018,218,100049,218,99996,218,100054,218,99991,218,100068,218,99973,218,100070,100,99972,100,100072,100,99961,100,100083,100,99956,100,100095,100,99948,100,100118,100,99930,100,100120,100,99927,100
2019-06-28 09:38:30.618038711,100039,218,100018,118,100049,218,99996,218,100054,218,99991,218,100068,218,99973,218,100070,100,99972,100,100072,100,99961,100,100083,100,99956,100,100095,100,99948,100,100118,100,99930,100,100120,100,99927,100
2019-06-28 09:38:40.000000000,100039,261,99996,261,100049,256,99991,256,100054,256,99973,256,100068,100,99972,100,100070,100,99961,100,100072,100,99956,100,100083,100,99948,100,100095,100,99930,100,100118,100,99927,100,100120,100,99923,100
2019-06-28 09:38:50.000000000,100039,337,99996,337,100049,337,99991,337,100054,100,99973,100,100068,100,99972,100,100070,100,99961,100,100072,100,99956,100,100083,100,99948,100,100095,100,99930,100,100118,100,99927,100,100120,100,99923,100
2019-06-28 09:38:51.747890057,100039,237,99996,337,100049,337,99991,337,100054,100,99973,100,100068,100,99972,100,100070,100,99961,100,100072,100,99956,100,100083,100,99948,100,100118,100,99930,100,100120,100,99927,100,100150,100,99923,100
2019-06-28 09:39:00.000000000,100049,218,99996,218,100054,218,99991,218,100068,218,99973,218,100070,218,99972,218,100072,100,99961,100,100083,100,99956,100,100118,100,99948,100,100120,100,99930,100,100150,100,99927,100,100173,100,99923,100
2019-06-28 09:39:10.000000000,100049,337,99996,337,100054,337,99991,337,100068,100,99973,100,100070,100,99972,100,100072,100,99961,100,100083,100,99956,100,100118,100,99948,100,100120,100,99930,100,100150,100,99927,100,100173,100,99923,100
2019-06-28 09:39:13.588327781,100049,337,100027,100,100054,337,99996,337,100068,100,99991,337,100070,100,99973,100,100072,100,99972,100,100083,100,99961,100,100118,100,99956,100,100120,100,99948,100,100150,100,99930,100,100173,100,99927,100
2019-06-28 09:39:20.000000000,100049,574,100027,574,100054,100,99996,100,100068,100,99991,100,100070,100,99973,100,100072,100,99972,100,100083,100,99961,100,100118,100,99956,100,100120,100,99948,100,100150,100,99930,100,100173,100,99927,100
2019-06-28 09:39:30.000000000,100049,574,100027,574,100054,100,99996,100,100068,100,99991,100,100070,100,99973,100,100072,100,99972,100,100083,100,99961,100,100118,100,99956,100,100120,100,99948,100,100150,100,99930,100,100173,100,99927,100
2019-06-28 09:39:40.000000000,100049,218,100027,218,100054,218,99996,218,100068,218,99991,218,100070,218,99973,218,100072,100,99972,100,100083,100,99961,100,100118,100,99956,100,100120,100,99948,100,100150,100,99930,100,100173,100,99927,100
2019-06-28 09:39:41.021307979,100049,218,100027,118,100054,218,99996,218,100068,218,99991,218,100070,218,99973,218,100072,100,99972,100,100083,100,99961,100,100118,100,99956,100,100120,100,99948,100,100150,100,99930,100,100173,100,99927,100
2019-06-28 09:39:44.861284395,100049,218,100027,218,100054,218,99996,218,100068,218,99991,218,100070,218,99973,218,100072,100,99972,100,100083,100,99961,100,100118,100,99956,100,100120,100,99948,100,100150,100,99930,100,100173,100,99927,100
2019-06-28 09:39:46.434512342,100049,118,100027,218,100054,218,99996,218,100068,218,99991,218,100070,218,99973,218,100072,100,99972,100,100083,100,99961,100,100118,100,99956,100,100120,100,99948,100,100150,100,99930,100,100173,100,99927,100
2019-06-28 09:39:48.930570285,100049,18,100027,218,100054,218,99996,218,100068,218,99991,218,100070,218,99973,218,100072,100,99972,100,100083,100,99961,100,100118,100,99956,100,100120,100,99948,100,100150,100,99930,100,100173,100,99927,100
2019-06-28 09:39:50.000000000,100054,261,100027,261,100068,256,99996,256,100070,256,99991,256,100072,100,99973,100,100083,100,99972,100,100118,100,99961,100,100120,100,99956,100,100150,100,99948,100,100173,100,99930,100,100188,100,99927,100
2019-06-28 09:40:00.000000000,100054,574,100027,574,100068,100,99996,100,100070,100,99991,100,100072,100,99973,100,100083,100,99972,100,100118,100,99961,100,100120,100,99956,100,100150,100,99948,100,100173,100,99930,100,100188,100,99927,100
2019-06-28 09:40:08.721522835,100054,574,100027,574,100068,100,99996,100,100070,100,99991,100,100072,100,99973,100,100083,100,99972,100,100118,100,99961,100,100120,100,99956,100,100150,100,99948,100,100173,100,99930,100,100188,100,99927,100
2019-06-28 09:40:10.000000000,100054,218,100027,218,100068,218,99996,218,100070,218,99991,218,100072,218,99973,218,100083,100,99972,100,100118,100,99961,100,100120,100,99956,100,100150,100,99948,100,100173,100,99930,100,100188,100,99927,100
2019-06-28 09:40:20.000000000,100054,574,100027,574,100068,100,99996,100,100070,100,99991,100,100072,100,99973,100,100083,100,99972,100,100118,100,99961,100,100120,100,99956,100,100150,100,99948,100,100173,100,99930,100,100188,100,99927,100
2019-06-28 09:40:30.000000000,100054,337,100027,337,100068,337,99996,337,100070,100,99991,100,100072,100,99973,100,100083,100,99972,100,100118,100,99961,100,100120,100,99956,100,100150,100,99948,100,100173,100,99930,100,100188,100,99927,100
2019-06-28 09:40:30.402217397,100054,337,100027,337,100068,337,99996,337,100070,100,99991,100,100072,100,99973,100,100083,100,99972,100,100118,100,99961,100,100120,100,99956,100,100150,100,99948,100,100173,100,99930,100,100188,100,99927,100
2019-06-28 09:40:36.386841808,100054,337,100049,100,100068,337,100027,337,100070,100,99996,237,100072,100,99991,100,100083,100,99973,100,100118,100,99972,100,100120,100,99961,100,100150,100,99956,100,100173,100,99948,100,100188,100,99930,100
2019-06-28 09:40:40.000000000,100054,574,100049,574,100068,100,100027,100,100070,100,99991,100,100072,100,99973,100,100083,100,99972,100,100118,100,99961,100,100120,100,99956,100,100150,100,99948,100,100173,100,99930,100,100188,100,99927,100
2019-06-28 09:40:48.988071006,100054,574,100049,574,100068,100,100027,100,100070,100,99991,100,100083,100,99973,100,100118,100,99972,100,100120,100,99961,100,100150,100,99956,100,100173,100,99948,100,100188,100,99930,100,100240,100,99927,100
2019-06-28 09:40:49.049651389,100054,574,100049,674,100068,100,100027,100,100070,100,99991,100,100083,100,99973,100,100118,100,99972,100,100120,100,99961,100,100150,100,99956,100,100173,100,99948,100,100188,100,99930,100,100240,100,99927,100
2019-06-28 09:40:50.000000000,100054,337,100049,437,100068,337,100027,337,100070,100,99991,100,100083,100,99973,100,100118,100,99972,100,100120,100,99961,100,100150,100,99956,100,100173,100,99948,100,100188,100,99930,100,100240,100,99927,100
2019-06-28 09:40:52.741394950,100054,337,100049,437,100068,337,100027,337,100070,100,99991,100,100083,100,99973,100,100118,100,99972,100,100120,100,99961,100,100150,100,99956,100,100173,100,99948,100,100188,100,99930,100,100240,100,99927,100
2019-06-28 09:41:00.000000000,100054,337,100049,437,100068,337,100027,337,100070,100,99991,100,100083,100,99973,100,100118,100,99972,100,100120,100,99961,100,100150,100,99956,100,100173,100,99948,100,100188,100,99930,100,100240,100,99927,100
2019-06-28 09:41:10.000000000,100054,218,100049,318,100068,218,100027,218,100070,218,99991,218,100083,218,99973,218,100118,100,99972,100,100120,100,99961,100,100150,100,99956,100,100173,100,99948,100,100188,100,99930,100,100240,100,99927,100
2019-06-28 09:41:19.861630944,100054,118,100049,318,100068,218,100027,218,100070,218,99991,218,100083,218,99973,218,100118,100,99972,100,100120,100,99961,100,100150,100,99956,100,100173,100,99948,100,100188,100,99930,100,100240,100,99927,100
2019-06-28 09:41:20.000000000,100068,574,100049,674,100070,100,100027,100,100083,100,99991,100,100118,100,99973,100,100120,100,99972,100,100150,100,99961,100,100173,100,99956,100,100188,100,99948,100,100240,100,99930,100,100412,100,99927,100
2019-06-28 09:41:25.565026518,100068,574,100049,674,100070,100,100027,100,100083,100,99991,100,100118,100,99973,100,100120,100,99972,100,100150,100,99956,100,100173,100,99948,100,100188,100,99930,100,100240,100,99927,100,100412,100,99923,100
2019-06-28 09:41:30.000000000,100068,574,100049,674,100070,100,100027,100,100083,100,99991,100,100118,100,99973,100,100120,100,99972,100,100150,100,99956,100,100173,100,99948,100,100188,100,99930,100,100240,100,99927,100,100412,100,99923,100
2019-06-28 09:41:40.000000000,100068,218,100049,318,100070,218,100027,218,100083,218,99991,218,100118,218,99973,218,100120,100,99972,100,100150,100,99956,100,100173,100,99948,100,100188,100,99930,100,100240,100,99927,100,100412,100,99923,100
2019-06-28 09:41:50.000000000,100068,337,100049,437,100070,337,100027,337,100083,100,99991,100,100118,100,99973,100,100120,100,99972,100,100150,100,99956,100,100173,100,99948,100,100188,100,99930,100,100240,100,99927,100,100412,100,99923,100
2019-06-28 09:42:00.000000000,100068,261,100049,361,100070,256,100027,256,100083,256,99991,256,100118,100,99973,100,100120,100,99972,100,100150,100,99956,100,100173,100,99948,100,100188,100,99930,100,100240,100,99927,100,100412,100,99923,100
2019-06-28 09:42:10.000000000,100068,195,100049,295,100070,195,100027,195,100083,195,99991,195,100118,195,99973,195,100120,195,99972,195,100150,100,99956,100,100173,100,99948,100,100188,100,99930,100,100240,100,99927,100,100412,100,99923,100
2019-06-28 09:42:20.000000000,100068,337,100049,437,100070,337,100027,337,100083,100,99991,100,100118,100,99973,100,100120,100,99972,100,100150,100,99956,100,100173,100,99948,100,100188,100,99930,100,100240,100,99927,100,100412,100,99923,100
2019-06-28 09:42:30.000000000,100068,261,100049,361,100070,256,100027,256,100083,256,99991,256,100118,100,99973,100,100120,100,99972,100,100150,100,99956,100,100173,100,99948,100,100188,100,99930,100,100240,100,99927,100,100412,100,99923,100
2019-06-28 09:42:40.000000000,100068,218,100049,318,100070,218,100027,218,100083,218,99991,218,100118,218,99973,218,100120,100,99972,100,100150,100,99956,100,100173,100,99948,100,100188,100,99930,100,100240,100,99927,100,100412,100,99923,100
2019-06-28 09:42:50.000000000,100068,574,100049,674,100070,100,100027,100,100083,100,99991,100,100118,100,99973,100,100120,100,99972,100,100150,100,99956,100,100173,100,99948,100,100188,100,99930,100,100240,100,99927,100,100412,100,99923,100
2019-06-28 09:42:50.563084573,100068,574,100049,674,100070,100,100027,100,100083,100,99991,100,100118,100,99973,100,100120,100,99972,100,100150,100,99956,100,100173,100,99948,100,100188,100,99930,100,100240,100,99927,100,100412,100,99923,100
2019-06-28 09:43:00.000000000,100068,574,100049,674,100070,100,100027,100,100083,100,99991,100,100118,100,99973,100,100120,100,99972,100,100150,100,99956,100,100173,100,99948,100,100188,100,99930,100,100240,100,99927,100,100412,100,99923,100
2019-06-28 09:43:01.921582491,100068,574,100049,674,100070,100,100027,100,100083,100,99991,100,100118,100,99973,100,100120,100,99972,100,100150,100,99956,100,100173,100,99948,100,100188,100,99930,100,100240,100,99927,100,100412,100,99923,100
2019-06-28 09:43:07.747051545,100068,574,100049,674,100070,100,100027,100,100083,100,99991,100,100118,100,99973,100,100120,100,99972,100,100150,100,99956,100,100173,100,99948,100,100188,100,99930,100,100240,100,99927,100,100412,100,99923,100
2019-06-28 09:43:10.000000000,100068,574,100049,674,100070,100,100027,100,100083,100,99991,100,100118,100,99973,100,100120,100,99972,100,100150,100,99956,100,100173,100,99948,100,100188,100,99930,100,100240,100,99927,100,100412,100,99923,100
2019-06-28 09:43:20.000000000,100068,261,100049,361,100070,256,100027,256,100083,256,99991,256,100118,100,99973,100,100120,100,99972,100,100150,100,99956,100,100173,100,99948,100,100188,100,99930,100,100240,100,99927,100,100412,100,99923,100
2019-06-28 09:43:30.000000000,100068,574,100049,674,100070,100,100027,100,100083,100,99991,100,100118,100,99973,100,100120,100,99972,100,100150,100,99956,100,100173,100,99948,100,100188,100,99930,100,100240,100,99927,100,100412,100,99923,100
2019-06-28 09:43:31.771418394,100068,574,100050,100,100070,100,100049,674,100083,100,100027,100,100118,100,99991,100,100120,100,99973,100,100150,100,99972,100,100173,100,99956,100,100188,100,99948,100,100240,100,99930,100,100412,100,99927,100
2019-06-28 09:43:32.139738016,100068,474,100050,100,100083,100,100049,674,100118,100,100027,100,100120,100,99991,100,100150,100,99973,100,100173,100,99972,100,100188,100,99956,100,100240,100,99948,100,100412,100,99930,100,100706,100,99927,100
2019-06-28 09:43:40.000000000,100083,218,100050,218,100118,218,100049,318,100120,218,100027,218,100150,218,99991,218,100173,100,99973,100,100188,100,99972,100,100240,100,99956,100,100412,100,99948,100,100706,100,99930,100,100710,100,99927,100
2019-06-28 09:43:50.000000000,100083,218,100050,218,100118,218,100049,318,100120,218,100027,218,100150,218,99991,218,100173,100,99973,100,100188,100,99972,100,100240,100,99956,100,100412,100,99948,100,100706,100,99930,100,100710,100,99927,100
2019-06-28 09:44:00.000000000,100083,261,100050,261,100118,256,100049,356,100120,256,100027,256,100150,100,99991,100,100173,100,99973,100,100188,100,99972,100,100240,100,99956,100,100412,100,99948,100,100706,100,99930,100,100710,100,99927,100
2019-06-28 09:44:10.000000000,100083,574,100050,574,100118,100,100049,200,100120,100,100027,100,100150,100,99991,100,100173,100,99973,100,100188,100,99972,100,100240,100,99956,100,100412,100,99948,100,100706,100,99930,100,100710,100,99927,100
2019-06-28 09:44:19.184559597,100083,474,100050,574,100118,100,100049,200,100120,100,100027,100,100150,100,99991,100,100173,100,99973,100,100188,100,99972,100,100240,100,99956,100,100412,100,99948,100,100706,100,99930,100,100710,100,99927,100
2019-06-28 09:44:20.000000000,100118,574,100050,574,100120,100,100049,200,100150,100,100027,100,100173,100,99991,100,100188,100,99973,100,100240,100,99972,100,100412,100,99956,100,100706,100,99948,100,100710,100,99930,100,100738,100,99927,100
2019-06-28 09:44:26.653307529,100118,474,100050,574,100150,100,100049,200,100173,100,100027,100,100188,100,99991,100,100240,100,99973,100,100412,100,99972,100,100706,100,99956,100,100710,100,99948,100,100738,100,99930,100,100805,100,99927,100
2019-06-28 09:44:27.663634335,100118,474,100050,574,100150,100,100049,200,100173,100,100027,100,100188,100,99991,100,100240,100,99973,100,100412,100,99972,100,100706,100,99956,100,100710,100,99948,100,100738,100,99930,100,100805,100,99927,100
2019-06-28 09:44:30.000000000,100150,218,100050,218,100173,218,100049,318,100188,218,100027,218,100240,218,99991,218,100412,100,99973,100,100706,100,99972,100,100710,100,99956,100,100738,100,99948,100,100805,100,99930,100,101400,100,99927,100
2019-06-28 09:44:37.746380534,100150,218,100083,100,100173,218,100050,218,100188,218,100049,318,100240,218,100027,218,100412,100,99991,118,100706,100,99973,100,100710,100,99972,100,100738,100,99956,100,100805,100,99948,100,101400,100,99930,100
2019-06-28 09:44:40.000000000,100150,218,100083,218,100173,218,100050,218,100188,218,100049,318,100240,218,100027,218,100412,100,99973,100,100706,100,99972,100,100710,100,99956,100,100738,100,99948,100,100805,100,99930,100,101400,100,99927,100
2019-06-28 09:44:47.786206102,100150,218,100083,318,100173,218,100050,218,100188,218,100049,318,100240,218,100027,218,100412,100,99973,100,100706,100,99972,100,100710,100,99956,100,100738,100,99948,100,100805,100,99930,100,101400,100,99927,100
2019-06-28 09:44:50.000000000,100150,574,100083,674,100173,100,100050,100,100188,100,100049,200,100240,100,100027,100,100412,100,99973,100,100706,100,99972,100,100710,100,99956,100,100738,100,99948,100,100805,100,99930,100,101400,100,99927,100
2019-06-28 09:45:00.000000000,100150,195,100083,295,100173,195,100050,195,100188,195,100049,295,100240,195,100027,195,100412,195,99973,195,100706,100,99972,100,100710,100,99956,100,100738,100,99948,100,100805,100,99930,100,101400,100,99927,100
2019-06-28 09:45:10.000000000,100150,195,100083,295,100173,195,100050,195,100188,195,100049,295,100240,195,100027,195,100412,195,99973,195,100706,100,99972,100,100710,100,99956,100,100738,100,99948,100,100805,100,99930,100,101400,100,99927,100
2019-06-28 09:45:13.525308327,100173,195,100150,5,100188,195,100083,295,100240,195,100050,195,100412,195,100049,295,100706,100,100027,195,100710,100,99973,195,100738,100,99972,100,100805,100,99956,100,101400,100,99948,100,101411,100,99930,100
2019-06-28 09:45:20.000000000,100173,218,100150,123,100188,218,100083,318,100240,218,100050,218,100412,218,100049,318,100706,100,100027,100,100710,100,99973,100,100738,100,99972,100,100805,100,99956,100,101400,100,99948,100,101411,100,99930,100
2019-06-28 09:45:30.000000000,100173,261,100150,166,100188,256,100083,356,100240,256,100050,256,100412,100,100049,200,100706,100,100027,100,100710,100,99973,100,100738,100,99972,100,100805,100,99956,100,101400,100,99948,100,101411,100,99930,100
2019-06-28 09:45:40.000000000,100173,195,100150,100,100188,195,100083,295,100240,195,100050,195,100412,195,100049,295,100706,195,100027,195,100710,100,99973,100,100738,100,99972,100,100805,100,99956,100,101400,100,99948,100,101411,100,99930,100
2019-06-28 09:45:47.758149574,100173,195,100150,100,100188,195,100083,295,100240,195,100050,195,100412,195,100049,295,100706,195,100027,195,100710,100,99973,100,100738,100,99972,100,100805,100,99956,100,101400,100,99948,100,101411,100,99930,100
2019-06-28 09:45:50.000000000,100173,218,100150,123,100188,218,100083,318,100240,218,100050,218,100412,218,100049,318,100706,100,100027,100,100710,100,99973,100,100738,100,99972,100,100805,100,99956,100,101400,100,99948,100,101411,100,99930,100
2019-06-28 09:46:00.000000000,100173,337,100150,242,100188,337,100083,437,100240,100,100050,100,100412,100,100049,200,100706,100,100027,100,100710,100,99973,100,100738,100,99972,100,100805,100,99956,100,101400,100,99948,100,101411,100,99930,100
2019-06-28 09:46:10.000000000,100173,337,100150,242,100188,337,100083,437,100240,100,100050,100,100412,100,100049,200,100706,100,100027,100,100710,100,99973,100,100738,100,99972,100,100805,100,99956,100,101400,100,99948,100,101411,100,99930,100
2019-06-28 09:46:20.000000000,100173,218,100150,123,100188,218,100083,318,100240,218,100050,218,100412,218,100049,318,100706,100,100027,100,100710,100,99973,100,100738,100,99972,100,100805,100,99956,100,101400,100,99948,100,101411,100,99930,100
2019-06-28 09:46:26.230308689,100173,218,100150,123,100188,218,100083,318,100240,218,100050,218,100412,218,100049,318,100706,100,100027,100,100710,100,99973,100,100738,100,99972,100,100805,100,99956,100,101400,100,99948,100,101411,100,99930,100
2019-06-28 09:46:30.000000000,100173,574,100150,479,100188,100,100083,200,100240,100,100050,100,100412,100,100049,200,100706,100,100027,100,100710,100,99973,100,100738,100,99972,100,100805,100,99956,100,101400,100,99948,100,101411,100,99930,100
2019-06-28 09:46:34.581545170,100173,574,100150,479,100188,100,100083,200,100240,100,100050,100,100412,100,100049,200,100706,100,100027,100,100710,100,99973,100,100738,100,99972,100,100805,100,99956,100,101400,100,99948,100,101411,100,99930,100
2019-06-28 09:46:40.000000000,100173,337,100150,242,100188,337,100083,437,100240,100,100050,100,100412,100,100049,200,100706,100,100027,100,100710,100,99973,100,100738,100,99972,100,100805,100,99956,100,101400,100,99948,100,101411,100,99930,100
2019-06-28 09:46:42.647047222,100173,337,100150,242,100188,337,100083,437,100240,100,100050,100,100412,100,100049,200,100706,100,100027,100,100710,100,99973,100,100738,100,99972,100,100805,100,99956,100,101400,100,99948,100,101411,100,99930,100
2019-06-28 09:46:50.000000000,100173,218,100150,123,100188,218,100083,318,100240,218,100050,218,100412,218,100049,318,100706,100,100027,100,100710,100,99973,100,100738,100,99972,100,100805,100,99956,100,101400,100,99948,100,101411,100,99930,100
2019-06-28 09:47:00.000000000,100173,261,100150,166,100188,256,100083,356,100240,256,100050,256,100412,100,100049,200,100706,100,100027,100,100710,100,99973,100,100738,100,99972,100,100805,100,99956,100,101400,100,99948,100,101411,100,99930,100
2019-06-28 09:47:00.163145088,100173,261,100150,166,100188,256,100083,356,100240,256,100050,256,100412,100,100049,200,100706,100,99973,100,100710,100,99972,100,100738,100,99956,100,100805,100,99948,100,101400,100,99930,100,101411,100,99927,100
2019-06-28 09:47:10.000000000,100173,574,100150,479,100188,100,100083,200,100240,100,100050,100,100412,100,100049,200,100706,100,99973,100,100710,100,99972,100,100738,100,99956,100,100805,100,99948,100,101400,100,99930,100,101411,100,99927,100
2019-06-28 09:47:10.884335167,100173,474,100150,479,100188,100,100083,200,100240,100,100050,100,100412,100,100049,200,100706,100,99973,100,100710,100,99972,100,100738,100,99956,100,101400,100,99948,100,101411,100,99930,100,101453,100,99927,100
2019-06-28 09:47:11.275056284,100173,474,100150,479,100188,100,100083,200,100240,100,100050,100,100412,100,100049,200,100706,100,99973,100,100710,100,99972,100,100738,100,99956,100,101400,100,99948,100,101411,100,99930,100,101453,100,99927,100
2019-06-28 09:47:16.331910238,100173,474,100151,100,100188,100,100150,479,100240,100,100083,200,100412,100,100050,100,100706,100,100049,100,100710,100,99973,100,100738,100,99972,100,101400,100,99956,100,101411,100,99948,100,101453,100,99930,100
2019-06-28 09:47:20.000000000,100188,195,100151,195,100240,195,100150,100,100412,195,100083,295,100706,195,100050,195,100710,195,100049,195,100738,100,99973,100,101400,100,99972,100,101411,100,99956,100,101453,100,99948,100,101589,100,99930,100
2019-06-28 09:47:30.000000000,100188,574,100151,574,100240,100,100150,5,100412,100,100083,200,100706,100,100050,100,100710,100,100049,100,100738,100,99973,100,101400,100,99972,100,101411,100,99956,100,101453,100,99948,100,101589,100,99930,100
2019-06-28 09:47:40.000000000,100188,261,100151,261,100240,256,100150,161,100412,256,100083,356,100706,100,100050,100,100710,100,100049,100,100738,100,99973,100,101400,100,99972,100,101411,100,99956,100,101453,100,99948,100,101589,100,99930,100
2019-06-28 09:47:50.000000000,100188,574,100151,574,100240,100,100150,5,100412,100,100083,200,100706,100,100050,100,100710,100,100049,100,100738,100,99973,100,101400,100,99972,100,101411,100,99956,100,101453,100,99948,100,101589,100,99930,100
2019-06-28 09:48:00.000000000,100188,261,100151,261,100240,256,100150,161,100412,256,100083,356,100706,100,100050,100,100710,100,100049,100,100738,100,99973,100,101400,100,99972,100,101411,100,99956,100,101453,100,99948,100,101589,100,99930,100
2019-06-28 09:48:10.000000000,100188,195,100151,195,100240,195,100150,100,100412,195,100083,295,100706,195,100050,195,100710,195,100049,195,100738,100,99973,100,101400,100,99972,100,101411,100,99956,100,101453,100,99948,100,101589,100,99930,100
2019-06-28 09:48:11.391189103,100188,195,100151,195,100240,195,100150,100,100412,195,100083,295,100706,195,100050,195,100710,195,100049,195,100738,100,99973,100,101400,100,99972,100,101411,100,99956,100,101453,100,99948,100,101589,100,99927,100
2019-06-28 09:48:20.000000000,100188,218,100151,218,100240,218,100150,123,100412,218,100083,318,100706,218,100050,218,100710,100,100049,100,100738,100,99973,100,101400,100,99972,100,101411,100,99956,100,101453,100,99948,100,101589,100,99927,100
2019-06-28 09:48:30.000000000,100188,218,100151,218,100240,218,100150,123,100412,218,100083,318,100706,218,100050,218,100710,100,100049,100,100738,100,99973,100,101400,100,99972,100,101411,100,99956,100,101453,100,99948,100,101589,100,99927,100
2019-06-28 09:48:32.190847739,100188,218,100151,218,100240,218,100150,123,100412,218,100083,318,100706,218,100050,218,100710,100,100049,100,100738,100,99973,100,101400,100,99972,100,101411,100,99956,100,101453,100,99948,100,101589,100,99927,100
2019-06-28 09:48:36.049016469,100188,218,100151,218,100240,118,100150,123,100412,218,100083,318,100706,218,100050,218,100710,100,100049,100,100738,100,99973,100,101400,100,99972,100,101411,100,99956,100,101453,100,99948,100,101589,100,99927,100
2019-06-28 09:48:40.000000000,100188,195,100151,195,100412,195,100150,100,100706,195,100083,295,100710,195,100050,195,100738,195,100049,195,101400,100,99973,100,101411,100,99972,100,101453,100,99956,100,101589,100,99948,100,101675,100,99927,100
2019-06-28 09:48:50.000000000,100188,261,100151,261,100412,256,100150,161,100706,256,100083,356,100710,100,100050,100,100738,100,100049,100,101400,100,99973,100,101411,100,99972,100,101453,100,99956,100,101589,100,99948,100,101675,100,99927,100
2019-06-28 09:48:59.432803970,100188,161,100151,261,100412,256,100150,161,100706,256,100083,356,100710,100,100050,100,100738,100,100049,100,101400,100,99973,100,101411,100,99972,100,101453,100,99956,100,101589,100,99948,100,101675,100,99927,100
2019-06-28 09:49:00.000000000,100412,218,100151,218,100706,218,100150,123,100710,218,100083,318,100738,218,100050,218,101400,100,100049,100,101411,100,99973,100,101453,100,99972,100,101589,100,99956,100,101675,100,99948,100,101834,100,99927,100
2019-06-28 09:49:05.851922995,100412,218,100151,218,100706,218,100150,123,100710,218,100083,318,100738,218,100050,218,101400,100,100049,100,101411,100,99973,100,101453,100,99972,100,101589,100,99956,100,101718,100,99948,100,101834,100,99927,100
2019-06-28 09:49:10.000000000,100412,337,100151,337,100706,337,100150,242,100710,100,100083,200,100738,100,100050,100,101400,100,100049,100,101411,100,99973,100,101453,100,99972,100,101589,100,99956,100,101718,100,99948,100,101834,100,99927,100
2019-06-28 09:49:20.000000000,100412,218,100151,218,100706,218,100150,123,100710,218,100083,318,100738,218,100050,218,101400,100,100049,100,101411,100,99973,100,101453,100,99972,100,101589,100,99956,100,101718,100,99948,100,101834,100,99927,100
2019-06-28 09:49:30.000000000,100412,218,100151,218,100706,218,100150,123,100710,218,100083,318,100738,218,100050,218,101400,100,100049,100,101411,100,99973,100,101453,100,99972,100,101589,100,99956,100,101718,100,99948,100,101834,100,99927,100
2019-06-28 09:49:35.188591292,100412,218,100151,218,100706,218,100150,123,100710,218,100083,318,100738,218,100050,218,101400,100,100049,100,101411,100,99973,100,101453,100,99972,100,101465,100,99956,100,101589,100,99948,100,101718,100,99927,100
2019-06-28 09:49:40.000000000,100412,337,100151,337,100706,337,100150,242,100710,100,100083,200,100738,100,100050,100,101400,100,100049,100,101411,100,99973,100,101453,100,99972,100,101465,100,99956,100,101589,100,99948,100,101718,100,99927,100
2019-06-28 09:49:43.271325109,100412,337,100173,100,100706,337,100151,337,100710,100,100150,242,100738,100,100083,200,101400,100,100050,100,101411,100,100049,100,101453,100,99972,100,101465,100,99956,100,101589,100,99948,100,101718,100,99927,100
2019-06-28 09:49:49.230398071,100412,237,100173,100,100706,337,100151,337,100710,100,100150,242,100738,100,100083,200,101400,100,100050,100,101411,100,100049,100,101465,100,99972,100,101589,100,99956,100,101718,100,99948,100,101834,100,99927,100
2019-06-28 09:49:50.000000000,100706,218,100173,218,100710,218,100151,218,100738,218,100150,123,101400,218,100083,318,101411,100,100050,100,101465,100,100049,100,101589,100,99972,100,101718,100,99956,100,101834,100,99948,100,101877,100,99927,100
2019-06-28 09:49:58.403062332,100706,218,100173,218,100710,218,100151,218,100738,218,100150,123,101400,218,100083,318,101411,100,100050,100,101465,100,100049,100,101589,100,99972,100,101630,100,99956,100,101718,100,99948,100,101834,100,99927,100
2019-06-28 09:49:58.628930132,100706,118,100173,218,100710,218,100151,218,100738,218,100150,123,101400,218,100083,318,101411,100,100050,100,101465,100,100049,100,101589,100,99972,100,101630,100,99956,100,101718,100,99948,100,101834,100,99927,100
2019-06-28 09:50:00.000000000,100710,574,100173,574,100738,100,100151,100,101400,100,100150,5,101411,100,100083,200,101465,100,100050,100,101589,100,100049,100,101630,100,99972,100,101718,100,99956,100,101834,100,99948,100,101877,100,99927,100
2019-06-28 09:50:10.000000000,100710,195,100173,195,100738,195,100151,195,101400,195,100150,100,101411,195,100083,295,101465,195,100050,195,101589,100,100049,100,101630,100,99972,100,101718,100,99956,100,101834,100,99948,100,101877,100,99927,100
2019-06-28 09:50:11.387281087,100710,95,100173,195,100738,195,100151,195,101400,195,100150,100,101411,195,100083,295,101465,195,100050,195,101589,100,100049,100,101630,100,99972,100,101718,100,99956,100,101834,100,99948,100,101877,100,99927,100
2019-06-28 09:50:18.430350355,100738,195,100710,5,101400,95,100173,195,101411,195,100151,195,101465,195,100150,100,101589,100,100083,295,101630,100,100050,195,101718,100,100049,100,101834,100,99972,100,101877,100,99956,100,101908,100,99948,100
2019-06-28 09:50:20.000000000,100738,218,100710,123,101411,218,100173,218,101465,218,100151,218,101589,218,100150,123,101630,100,100083,200,101718,100,100050,100,101834,100,100049,100,101877,100,99972,100,101908,100,99956,100,102097,100,99948,100
2019-06-28 09:50:22.069763807,100738,218,100710,123,101411,218,100173,218,101465,218,100151,118,101589,218,100150,123,101630,100,100083,200,101718,100,100050,100,101834,100,100049,100,101877,100,99972,100,101908,100,99956,100,102097,100,99948,100
2019-06-28 09:50:23.283940508,100738,218,100710,123,101411,218,100173,218,101465,218,100151,118,101488,100,100150,123,101589,218,100083,200,101630,100,100050,100,101718,100,100049,100,101834,100,99972,100,101877,100,99956,100,101908,100,99948,100
2019-06-28 09:50:30.000000000,100738,218,100710,123,101411,218,100173,218,101465,218,100150,123,101488,218,100083,318,101589,100,100050,100,101630,100,100049,100,101718,100,99972,100,101834,100,99956,100,101877,100,99948,100,101908,100,99927,100
2019-06-28 09:50:40.000000000,100738,195,100710,100,101411,195,100173,195,101465,195,100150,100,101488,195,100083,295,101589,195,100050,195,101630,100,100049,100,101718,100,99972,100,101834,100,99956,100,101877,100,99948,100,101908,100,99927,100
2019-06-28 09:50:50.000000000,100738,261,100710,166,101411,256,100173,256,101465,256,100150,161,101488,100,100083,200,101589,100,100050,100,101630,100,100049,100,101718,100,99972,100,101834,100,99956,100,101877,100,99948,100,101908,100,99927,100
2019-06-28 09:50:52.929614031,100738,161,100710,166,101411,256,100173,256,101465,256,100150,161,101488,100,100083,200,101589,100,100050,100,101630,100,100049,100,101718,100,99972,100,101834,100,99956,100,101877,100,99948,100,101908,100,99927,100
2019-06-28 09:50:52.993711647,100738,161,100710,166,101411,256,100173,256,101465,256,100150,156,101488,100,100083,200,101589,100,100050,100,101630,100,100049,100,101718,100,99972,100,101738,100,99956,100,101834,100,99948,100,101877,100,99927,100
2019-06-28 09:51:00.000000000,101411,218,100710,123,101465,218,100173,218,101488,218,100083,318,101589,218,100050,218,101630,100,100049,100,101718,100,99972,100,101738,100,99956,100,101834,100,99948,100,101877,100,99927,100,101908,100,99923,100
2019-06-28 09:51:00.434608960,101411,118,100710,123,101465,218,100173,218,101488,218,100083,318,101589,218,100050,218,101630,100,100049,100,101718,100,99972,100,101738,100,99956,100,101834,100,99948,100,101877,100,99927,100,101908,100,99923,100
2019-06-28 09:51:10.000000000,101465,195,100710,100,101488,195,100173,195,101589,195,100083,295,101630,195,100050,195,101718,195,100049,195,101738,100,99972,100,101834,100,99956,100,101877,100,99948,100,101908,100,99927,100,102097,100,99923,100
2019-06-28 09:51:16.453979915,101465,195,100710,100,101488,195,100173,195,101589,195,100083,295,101618,100,100050,195,101630,195,100049,195,101718,195,99972,100,101738,100,99956,100,101834,100,99948,100,101877,100,99927,100,101908,100,99923,100
2019-06-28 09:51:20.000000000,101465,218,100710,123,101488,218,100173,218,101589,218,100083,318,101618,218,100050,218,101630,100,100049,100,101718,100,99972,100,101738,100,99956,100,101834,100,99948,100,101877,100,99927,100,101908,100,99923,100
2019-06-28 09:51:30.000000000,101465,261,100710,166,101488,256,100173,256,101589,256,100083,356,101618,100,100050,100,101630,100,100049,100,101718,100,99972,100,101738,100,99956,100,101834,100,99948,100,101877,100,99927,100,101908,100,99923,100
2019-06-28 09:51:31.062377787,101465,261,101421,100,101488,256,100710,166,101589,256,100173,256,101618,100,100083,356,101630,100,100050,100,101718,100,100049,100,101738,100,99972,100,101834,100,99956,100,101877,100,99948,100,101908,100,99927,100
2019-06-28 09:51:32.014331112,101465,261,101421,100,101488,256,100738,100,101589,256,100710,166,101618,100,100173,256,101630,100,100083,356,101718,100,100050,100,101738,100,100049,100,101834,100,99972,100,101877,100,99956,100,101908,100,99948,100
2019-06-28 09:51:40.000000000,101465,574,101421,574,101488,100,100738,100,101589,100,100710,5,101618,100,100173,100,101630,100,100083,200,101718,100,100050,100,101738,100,100049,100,101834,100,99972,100,101877,100,99956,100,101908,100,99948,100
2019-06-28 09:51:50.000000000,101465,195,101421,195,101488,195,100738,195,101589,195,100710,100,101618,195,100173,195,101630,195,100083,295,101718,100,100050,100,101738,100,100049,100,101834,100,99972,100,101877,100,99956,100,101908,100,99948,100
2019-06-28 09:52:00.000000000,101465,261,101421,261,101488,256,100738,256,101589,256,100710,161,101618,100,100173,100,101630,100,100083,200,101718,100,100050,100,101738,100,100049,100,101834,100,99972,100,101877,100,99956,100,101908,100,99948,100
2019-06-28 09:52:04.390824889,101465,261,101421,261,101488,256,100738,256,101589,256,100710,161,101618,100,100173,100,101630,100,100083,200,101718,100,100050,100,101738,100,100049,100,101834,100,99972,100,101869,100,99956,100,101877,100,99948,100
2019-06-28 09:52:10.000000000,101465,195,101421,195,101488,195,100738,195,101589,195,100710,100,101618,195,100173,195,101630,195,100083,295,101718,100,100050,100,101738,100,100049,100,101834,100,99972,100,101869,100,99956,100,101877,100,99948,100
2019-06-28 09:52:11.156780155,101465,195,101421,195,101488,195,100738,295,101589,195,100710,100,101618,195,100173,195,101630,195,100083,295,101718,100,100050,100,101738,100,100049,100,101834,100,99972,100,101869,100,99956,100,101877,100,99948,100
2019-06-28 09:52:20.000000000,101465,261,101421,261,101488,256,100738,356,101589,256,100710,161,101618,100,100173,100,101630,100,100083,200,101718,100,100050,100,101738,100,100049,100,101834,100,99972,100,101869,100,99956,100,101877,100,99948,100
2019-06-28 09:52:30.000000000,101465,195,101421,195,101488,195,100738,295,101589,195,100710,100,101618,195,100173,195,101630,195,100083,295,101718,100,100050,100,101738,100,100049,100,101834,100,99972,100,101869,100,99956,100,101877,100,99948,100
2019-06-28 09:52:39.082644461,101465,195,101421,195,101488,195,100738,395,101589,195,100710,100,101618,195,100173,195,101630,195,100083,295,101718,100,100050,100,101738,100,100049,100,101834,100,99972,100,101869,100,99956,100,101877,100,99948,100
2019-06-28 09:52:40.000000000,101465,574,101421,574,101488,100,100738,300,101589,100,100710,5,101618,100,100173,100,101630,100,100083,200,101718,100,100050,100,101738,100,100049,100,101834,100,99972,100,101869,100,99956,100,101877,100,99948,100
2019-06-28 09:52:40.660891876,101422,100,101421,574,101465,574,100738,300,101488,100,100710,5,101589,100,100173,100,101618,100,100083,200,101630,100,100050,100,101718,100,100049,100,101738,100,99972,100,101834,100,99956,100,101869,100,99948,100
2019-06-28 09:52:50.000000000,101422,195,101421,195,101465,195,100738,395,101488,195,100710,100,101589,195,100173,195,101618,195,100083,295,101630,100,100050,100,101718,100,100049,100,101738,100,99972,100,101834,100,99956,100,101869,100,99948,100
2019-06-28 09:53:00.000000000,101422,337,101421,337,101465,337,100738,537,101488,100,100710,5,101589,100,100173,100,101618,100,100083,200,101630,100,100050,100,101718,100,100049,100,101738,100,99972,100,101834,100,99956,100,101869,100,99948,100
2019-06-28 09:53:10.000000000,101422,574,101421,574,101465,100,100738,300,101488,100,100710,5,101589,100,100173,100,101618,100,100083,200,101630,100,100050,100,101718,100,100049,100,101738,100,99972,100,101834,100,99956,100,101869,100,99948,100
2019-06-28 09:53:20.000000000,101422,574,101421,574,101465,100,100738,300,101488,100,100710,5,101589,100,100173,100,101618,100,100083,200,101630,100,100050,100,101718,100,100049,100,101738,100,99972,100,101834,100,99956,100,101869,100,99948,100
2019-06-28 09:53:20.208190661,101422,574,101421,574,101465,100,100738,400,101488,100,100710,5,101589,100,100173,100,101618,100,100083,200,101630,100,100050,100,101718,100,100049,100,101738,100,99972,100,101834,100,99956,100,101869,100,99948,100
2019-06-28 09:53:30.000000000,101422,261,101421,261,101465,256,100738,556,101488,256,100710,161,101589,100,100173,100,101618,100,100083,200,101630,100,100050,100,101718,100,100049,100,101738,100,99972,100,101834,100,99956,100,101869,100,99948,100
2019-06-28 09:53:38.923022848,101422,261,101421,261,101465,256,100738,656,101488,256,100710,161,101589,100,100173,100,101618,100,100083,100,101630,100,100050,100,101718,100,100049,100,101738,100,99972,100,101834,100,99956,100,101869,100,99948,100
2019-06-28 09:53:40.000000000,101422,574,101421,574,101465,100,100738,500,101488,100,100710,5,101589,100,100173,100,101618,100,100083,100,101630,100,100050,100,101718,100,100049,100,101738,100,99972,100,101834,100,99956,100,101869,100,99948,100
2019-06-28 09:53:44.704868215,101422,574,101421,574,101450,100,100738,500,101488,100,100710,5,101589,100,100173,100,101618,100,100083,100,101630,100,100050,100,101718,100,100049,100,101738,100,99972,100,101834,100,99956,100,101869,100,99948,100
2019-06-28 09:53:50.000000000,101422,195,101421,195,101450,195,100738,595,101488,195,100710,100,101589,195,100173,195,101618,195,100083,195,101630,100,100050,100,101718,100,100049,100,101738,100,99972,100,101834,100,99956,100,101869,100,99948,100
2019-06-28 09:54:00.000000000,101422,218,101421,218,101450,218,100738,618,101488,218,100710,123,101589,218,100173,218,101618,100,100083,100,101630,100,100050,100,101718,100,100049,100,101738,100,99972,100,101834,100,99956,100,101869,100,99948,100
2019-06-28 09:54:10.000000000,101422,574,101421,574,101450,100,100738,500,101488,100,100710,5,101589,100,100173,100,101618,100,100083,100,101630,100,100050,100,101718,100,100049,100,101738,100,99972,100,101834,100,99956,100,101869,100,99948,100
2019-06-28 09:54:10.986492415,101422,574,101421,574,101450,100,100738,400,101488,100,100710,5,101589,100,100173,100,101618,100,100083,100,101630,100,100050,100,101718,100,100049,100,101738,100,99972,100,101834,100,99956,100,101869,100,99948,100
2019-06-28 09:54:11.113661307,101422,574,101421,574,101450,100,101257,100,101488,100,100738,400,101589,100,100710,5,101618,100,100173,100,101630,100,100083,100,101718,100,100050,100,101738,100,100049,100,101834,100,99972,100,101869,100,99948,100
2019-06-28 09:54:20.000000000,101422,195,101421,195,101450,195,101257,195,101488,195,100738,495,101589,195,100710,100,101618,195,100173,195,101630,100,100083,100,101718,100,100050,100,101738,100,100049,100,101834,100,99972,100,101869,100,99948,100
2019-06-28 09:54:28.272807624,101422,195,101421,195,101450,195,101257,195,101488,195,100738,595,101589,195,100710,100,101618,195,100173,195,101630,100,100083,100,101718,100,100050,100,101738,100,100049,100,101834,100,99972,100,101869,100,99948,100
2019-06-28 09:54:30.000000000,101422,337,101421,337,101450,337,101257,337,101488,100,100738,500,101589,100,100710,5,101618,100,100173,100,101630,100,100083,100,101718,100,100050,100,101738,100,100049,100,101834,100,99972,100,101869,100,99948,100
2019-06-28 09:54:40.000000000,101422,337,101421,337,101450,337,101257,337,101488,100,100738,500,101589,100,100710,5,101618,100,100173,100,101630,100,100083,100,101718,100,100050,100,101738,100,100049,100,101834,100,99972,100,101869,100,99948,100
2019-06-28 09:54:50.000000000,101422,261,101421,261,101450,256,101257,256,101488,256,100738,656,101589,100,100710,5,101618,100,100173,100,101630,100,100083,100,101718,100,100050,100,101738,100,100049,100,101834,100,99972,100,101869,100,99948,100
2019-06-28 09:55:00.000000000,101422,574,101421,574,101450,100,101257,100,101488,100,100738,500,101589,100,100710,5,101618,100,100173,100,101630,100,100083,100,101718,100,100050,100,101738,100,100049,100,101834,100,99972,100,101869,100,99948,100
2019-06-28 09:55:02.701637691,101422,574,101421,474,101450,100,101257,100,101488,100,100738,500,101589,100,100710,5,101618,100,100173,100,101630,100,100083,100,101718,100,100050,100,101738,100,100049,100,101869,100,99972,100,101877,100,99948,100
2019-06-28 09:55:05.143838202,101422,574,101421,474,101450,100,101257,100,101488,100,100738,500,101589,100,100710,5,101618,100,100678,100,101630,100,100173,100,101718,100,100083,100,101738,100,100050,100,101869,100,100049,100,101877,100,99972,100
2019-06-28 09:55:10.000000000,101422,261,101257,261,101450,256,100738,656,101488,256,100710,161,101589,100,100678,100,101618,100,100173,100,101630,100,100083,100,101718,100,100050,100,101738,100,100049,100,101869,100,99972,100,101877,100,99948,100
2019-06-28 09:55:12.198623228,101422,261,101257,261,101450,256,100816,100,101488,256,100738,656,101589,100,100710,161,101618,100,100678,100,101630,100,100173,100,101718,100,100083,100,101738,100,100050,100,101869,100,100049,100,101877,100,99972,100
2019-06-28 09:55:20.000000000,101422,261,101257,261,101450,256,100816,256,101488,256,100738,656,101589,100,100710,5,101618,100,100678,100,101630,100,100173,100,101718,100,100083,100,101738,100,100050,100,101869,100,100049,100,101877,100,99972,100
2019-06-28 09:55:30.000000000,101422,574,101257,574,101450,100,100816,100,101488,100,100738,500,101589,100,100710,5,101618,100,100678,100,101630,100,100173,100,101718,100,100083,100,101738,100,100050,100,101869,100,100049,100,101877,100,99972,100
2019-06-28 09:55:40.000000000,101422,337,101257,337,101450,337,100816,337,101488,100,100738,500,101589,100,100710,5,101618,100,100678,100,101630,100,100173,100,101718,100,100083,100,101738,100,100050,100,101869,100,100049,100,101877,100,99972,100
2019-06-28 09:55:50.000000000,101422,337,101257,337,101450,337,100816,337,101488,100,100738,500,101589,100,100710,5,101618,100,100678,100,101630,100,100173,100,101718,100,100083,100,101738,100,100050,100,101869,100,100049,100,101877,100,99972,100
2019-06-28 09:55:51.592699533,101422,337,101257,337,101450,337,100818,100,101488,100,100816,337,101589,100,100738,500,101618,100,100710,5,101630,100,100678,100,101718,100,100173,100,101738,100,100083,100,101869,100,100050,100,101877,100,100049,100
2019-06-28 09:56:00.000000000,101422,195,101257,195,101450,195,100818,195,101488,195,100816,195,101589,195,100738,595,101618,195,100710,100,101630,100,100678,100,101718,100,100173,100,101738,100,100083,100,101869,100,100050,100,101877,100,100049,100
2019-06-28 09:56:08.273076644,101422,195,101257,95,101450,195,100818,195,101488,195,100816,195,101589,95,100738,595,101618,195,100710,100,101630,100,100678,100,101718,100,100173,100,101738,100,100083,100,101869,100,100050,100,101877,100,100049,100
2019-06-28 09:56:10.000000000,101422,218,100818,218,101450,218,100816,218,101488,218,100738,618,101618,218,100710,123,101630,100,100678,100,101718,100,100173,100,101738,100,100083,100,101869,100,100050,100,101877,100,100049,100,102097,100,99972,100
2019-06-28 09:56:12.359190674,101422,218,100963,100,101450,218,100818,218,101488,218,100816,218,101618,218,100738,618,101630,100,100710,123,101718,100,100678,100,101738,100,100173,100,101869,100,100083,100,101877,100,100050,100,102097,100,100049,100
2019-06-28 09:56:18.506818007,101422,218,100818,218,101450,218,100816,218,101488,218,100738,618,101618,218,100710,123,101630,100,100678,100,101718,100,100173,100,101738,100,100083,100,101869,100,100050,100,101877,100,100049,100,102097,100,99972,100
2019-06-28 09:56:19.715775061,100870,100,100818,218,101422,218,100816,218,101450,218,100738,618,101488,218,100710,123,101618,218,100678,100,101630,100,100173,100,101718,100,100083,100,101738,100,100050,100,101869,100,100049,100,101877,100,99972,100
2019-06-28 09:56:20.000000000,100870,337,100818,337,101422,337,100816,337,101450,100,100738,500,101488,100,100710,5,101618,100,100678,100,101630,100,100173,100,101718,100,100083,100,101738,100,100050,100,101869,100,100049,100,101877,100,99972,100
2019-06-28 09:56:25.853709824,100870,337,100818,337,101257,100,100816,337,101422,337,100738,500,101450,100,100710,5,101488,100,100678,100,101618,100,100173,100,101630,100,100083,100,101718,100,100050,100,101738,100,100049,100,101869,100,99972,100
2019-06-28 09:56:30.000000000,100870,218,100818,218,101257,218,100816,218,101422,218,100738,618,101450,218,100710,123,101488,100,100678,100,101618,100,100173,100,101630,100,100083,100,101718,100,100050,100,101738,100,100049,100,101869,100,99972,100
2019-06-28 09:56:40.000000000,100870,195,100818,195,101257,195,100816,195,101422,195,100738,595,101450,195,100710,100,101488,195,100678,195,101618,100,100173,100,101630,100,100083,100,101718,100,100050,100,101738,100,100049,100,101869,100,99972,100
2019-06-28 09:56:50.000000000,100870,574,100818,574,101257,100,100816,100,101422,100,100738,500,101450,100,100710,5,101488,100,100678,100,101618,100,100173,100,101630,100,100083,100,101718,100,100050,100,101738,100,100049,100,101869,100,99972,100
2019-06-28 09:57:00.000000000,100870,574,100818,574,101257,100,100816,100,101422,100,100738,500,101450,100,100710,5,101488,100,100678,100,101618,100,100173,100,101630,100,100083,100,101718,100,100050,100,101738,100,100049,100,101869,100,99972,100
2019-06-28 09:57:03.868472633,100870,574,100818,574,101257,100,100816,100,101422,100,100738,500,101450,100,100710,5,101488,100,100516,100,101618,100,100173,100,101630,100,100083,100,101718,100,100050,100,101738,100,100049,100,101869,100,99972,100
2019-06-28 09:57:10.000000000,100870,218,100818,218,101257,218,100816,218,101422,218,100738,618,101450,218,100710,123,101488,100,100516,100,101618,100,100173,100,101630,100,100083,100,101718,100,100050,100,101738,100,100049,100,101869,100,99972,100
2019-06-28 09:57:15.906348628,100870,218,100818,218,101257,218,100816,218,101422,218,100738,618,101450,218,100710,123,101488,100,100516,100,101618,100,100503,100,101630,100,100173,100,101718,100,100083,100,101738,100,100050,100,101869,100,100049,100
2019-06-28 09:57:20.000000000,100870,337,100818,337,101257,337,100816,337,101422,100,100738,500,101450,100,100710,5,101488,100,100516,100,101618,100,100503,100,101630,100,100173,100,101718,100,100083,100,101738,100,100050,100,101869,100,100049,100
2019-06-28 09:57:30.000000000,100870,337,100818,337,101257,337,100816,337,101422,100,100738,500,101450,100,100710,5,101488,100,100516,100,101618,100,100503,100,101630,100,100173,100,101718,100,100083,100,101738,100,100050,100,101869,100,100049,100
2019-06-28 09:57:40.000000000,100870,574,100818,574,101257,100,100816,100,101422,100,100738,500,101450,100,100710,5,101488,100,100516,100,101618,100,100503,100,101630,100,100173,100,101718,100,100083,100,101738,100,100050,100,101869,100,100049,100
2019-06-28 09:57:42.261893223,100870,574,100818,574,101257,100,100816,100,101422,100,100738,500,101450,100,100710,5,101488,100,100516,100,101618,100,100503,100,101630,100,100173,100,101718,100,100083,100,101738,100,100050,100,101869,100,100049,100
2019-06-28 09:57:50.000000000,100870,574,100818,574,101257,100,100816,100,101422,100,100738,500,101450,100,100710,5,101488,100,100516,100,101618,100,100503,100,101630,100,100173,100,101718,100,100083,100,101738,100,100050,100,101869,100,100049,100
2019-06-28 09:58:00.000000000,100870,218,100818,218,101257,218,100816,218,101422,218,100738,618,101450,218,100710,123,101488,100,100516,100,101618,100,100503,100,101630,100,100173,100,101718,100,100083,100,101738,100,100050,100,101869,100,100049,100
2019-06-28 09:58:06.482279391,100870,218,100818,118,101257,218,100816,218,101422,218,100738,618,101450,218,100710,123,101488,100,100516,100,101618,100,100503,100,101630,100,100173,100,101718,100,100083,100,101738,100,100050,100,101869,100,100049,100
2019-06-28 09:58:10.000000000,100870,218,100816,218,101257,218,100738,618,101422,218,100710,123,101450,218,100516,218,101488,100,100503,100,101618,100,100173,100,101630,100,100083,100,101718,100,100050,100,101738,100,100049,100,101869,100,100010,100
2019-06-28 09:58:20.000000000,100870,195,100816,195,101257,195,100738,595,101422,195,100710,100,101450,195,100516,195,101488,195,100503,195,101618,100,100173,100,101630,100,100083,100,101718,100,100050,100,101738,100,100049,100,101869,100,100010,100
2019-06-28 09:58:30.000000000,100870,218,100816,218,101257,218,100738,618,101422,218,100710,123,101450,218,100516,218,101488,100,100503,100,101618,100,100173,100,101630,100,100083,100,101718,100,100050,100,101738,100,100049,100,101869,100,100010,100
2019-06-28 09:58:37.473615567,100870,218,100816,118,101257,218,100738,618,101422,218,100710,123,101450,218,100516,218,101488,100,100503,100,101618,100,100173,100,101630,100,100083,100,101718,100,100050,100,101738,100,100049,100,101869,100,100010,100
2019-06-28 09:58:40.000000000,100870,337,100738,737,101257,337,100710,242,101422,100,100516,100,101450,100,100503,100,101488,100,100173,100,101618,100,100083,100,101630,100,100050,100,101718,100,100049,100,101738,100,100010,100,101869,100,99972,100
2019-06-28 09:58:40.273213331,100870,337,100738,737,101257,337,100730,100,101422,100,100710,242,101450,100,100516,100,101488,100,100503,100,101618,100,100173,100,101630,100,100083,100,101718,100,100050,100,101738,100,100049,100,101869,100,100010,100
2019-06-28 09:58:47.115852105,100870,337,100738,737,101257,337,100730,100,101422,100,100710,242,101450,100,100516,100,101488,100,100503,100,101618,100,100173,100,101630,100,100083,100,101718,100,100050,100,101738,100,100010,100,101869,100,99972,100
2019-06-28 09:58:50.000000000,100870,218,100738,618,101257,218,100730,218,101422,218,100710,123,101450,218,100516,218,101488,100,100503,100,101618,100,100173,100,101630,100,100083,100,101718,100,100050,100,101738,100,100010,100,101869,100,99972,100
2019-06-28 09:59:00.000000000,100870,574,100738,974,101257,100,100730,100,101422,100,100710,5,101450,100,100516,100,101488,100,100503,100,101618,100,100173,100,101630,100,100083,100,101718,100,100050,100,101738,100,100010,100,101869,100,99972,100
2019-06-28 09:59:00.983478461,100870,574,100738,974,100905,100,100730,100,101257,100,100710,5,101422,100,100516,100,101450,100,100503,100,101488,100,100173,100,101618,100,100083,100,101630,100,100050,100,101718,100,100010,100,101738,100,99972,100
2019-06-28 09:59:10.000000000,100870,574,100738,974,100905,100,100730,100,101257,100,100710,5,101422,100,100516,100,101450,100,100503,100,101488,100,100173,100,101618,100,100083,100,101630,100,100050,100,101718,100,100010,100,101738,100,99972,100
2019-06-28 09:59:19.058374721,100870,574,100738,974,100905,100,100730,100,101257,100,100710,5,101422,100,100692,100,101450,100,100516,100,101488,100,100503,100,101618,100,100173,100,101630,100,100083,100,101718,100,100050,100,101738,100,100010,100
2019-06-28 09:59:20.000000000,100870,574,100738,974,100905,100,100730,100,101257,100,100710,5,101422,100,100692,100,101450,100,100516,100,101488,100,100503,100,101618,100,100173,100,101630,100,100083,100,101718,100,100050,100,101738,100,100010,100
2019-06-28 09:59:30.000000000,100870,337,100738,737,100905,337,100730,337,101257,100,100710,5,101422,100,100692,100,101450,100,100516,100,101488,100,100503,100,101618,100,100173,100,101630,100,100083,100,101718,100,100050,100,101738,100,100010,100
2019-06-28 09:59:40.000000000,100870,337,100738,737,100905,337,100730,337,101257,100,100710,5,101422,100,100692,100,101450,100,100516,100,101488,100,100503,100,101618,100,100173,100,101630,100,100083,100,101718,100,100050,100,101738,100,100010,100
2019-06-28 09:59:50.000000000,100870,337,100738,737,100905,337,100730,337,101257,100,100710,5,101422,100,100692,100,101450,100,100516,100,101488,100,100503,100,101618,100,100173,100,101630,100,100083,100,101718,100,100050,100,101738,100,100010,100
2019-06-28 10:00:00.000000000,100870,574,100738,974,100905,100,100730,100,101257,100,100710,5,101422,100,100692,100,101450,100,100516,100,101488,100,100503,100,101618,100,100173,100,101630,100,100083,100,101718,100,100050,100,101738,100,100010,100
2019-06-28 10:00:02.897273895,100870,574,100738,974,100905,100,100730,100,101257,100,100710,5,101422,100,100692,100,101450,100,100683,100,101488,100,100516,100,101618,100,100503,100,101630,100,100173,100,101718,100,100083,100,101738,100,100050,100
2019-06-28 10:00:10.000000000,100870,195,100738,595,100905,195,100730,195,101257,195,100710,100,101422,195,100692,195,101450,195,100683,195,101488,100,100516,100,101618,100,100503,100,101630,100,100173,100,101718,100,100083,100,101738,100,100050,100
2019-06-28 10:00:20.000000000,100870,261,100738,661,100905,256,100730,256,101257,256,100710,161,101422,100,100692,100,101450,100,100683,100,101488,100,100516,100,101618,100,100503,100,101630,100,100173,100,101718,100,100083,100,101738,100,100050,100
2019-06-28 10:00:30.000000000,100870,195,100738,595,100905,195,100730,195,101257,195,100710,100,101422,195,100692,195,101450,195,100683,195,101488,100,100516,100,101618,100,100503,100,101630,100,100173,100,101718,100,100083,100,101738,100,100050,100
2019-06-28 10:00:40.000000000,100870,574,100738,974,100905,100,100730,100,101257,100,100710,5,101422,100,100692,100,101450,100,100683,100,101488,100,100516,100,101618,100,100503,100,101630,100,100173,100,101718,100,100083,100,101738,100,100050,100
2019-06-28 10:00:50.000000000,100870,195,100738,595,100905,195,100730,195,101257,195,100710,100,101422,195,100692,195,101450,195,100683,195,101488,100,100516,100,101618,100,100503,100,101630,100,100173,100,101718,100,100083,100,101738,100,100050,100
2019-06-28 10:01:00.000000000,100870,218,100738,618,100905,218,100730,218,101257,218,100710,123,101422,218,100692,218,101450,100,100683,100,101488,100,100516,100,101618,100,100503,100,101630,100,100173,100,101718,100,100083,100,101738,100,100050,100
2019-06-28 10:01:09.650994969,100870,218,100738,618,100905,218,100730,218,101245,100,100710,123,101257,218,100692,218,101422,218,100683,100,101450,100,100516,100,101488,100,100503,100,101618,100,100173,100,101630,100,100083,100,101718,100,100050,100
2019-06-28 10:01:10.000000000,100870,337,100738,737,100905,337,100730,337,101245,100,100710,5,101257,100,100692,100,101422,100,100683,100,101450,100,100516,100,101488,100,100503,100,101618,100,100173,100,101630,100,100083,100,101718,100,100050,100
2019-06-28 10:01:20.000000000,100870,337,100738,737,100905,337,100730,337,101245,100,100710,5,101257,100,100692,100,101422,100,100683,100,101450,100,100516,100,101488,100,100503,100,101618,100,100173,100,101630,100,100083,100,101718,100,100050,100
2019-06-28 10:01:30.000000000,100870,337,100738,737,100905,337,100730,337,101245,100,100710,5,101257,100,100692,100,101422,100,100683,100,101450,100,100516,100,101488,100,100503,100,101618,100,100173,100,101630,100,100083,100,101718,100,100050,100
2019-06-28 10:01:30.125292167,100870,237,100738,737,100905,337,100730,337,101245,100,100710,5,101257,100,100692,100,101422,100,100683,100,101450,100,100516,100,101488,100,100503,100,101618,100,100173,100,101630,100,100083,100,101718,100,100050,100
2019-06-28 10:01:40.000000000,100905,337,100738,737,101245,337,100730,337,101257,100,100710,5,101422,100,100692,100,101450,100,100683,100,101488,100,100516,100,101618,100,100503,100,101630,100,100173,100,101718,100,100083,100,101738,100,100050,100
2019-06-28 10:01:41.759066310,100905,337,100738,637,101245,337,100730,337,101257,100,100710,5,101422,100,100692,100,101450,100,100683,100,101488,100,100516,100,101618,100,100503,100,101630,100,100173,100,101718,100,100083,100,101738,100,100050,100
2019-06-28 10:01:50.000000000,100905,218,100738,518,101245,218,100730,218,101257,218,100710,123,101422,218,100692,218,101450,100,100683,100,101488,100,100516,100,101618,100,100503,100,101630,100,100173,100,101718,100,100083,100,101738,100,100050,100
2019-06-28 10:02:00.000000000,100905,337,100738,637,101245,337,100730,337,101257,100,100710,5,101422,100,100692,100,101450,100,100683,100,101488,100,100516,100,101618,100,100503,100,101630,100,100173,100,101718,100,100083,100,101738,100,100050,100
2019-06-28 10:02:02.281679243,100905,237,100738,637,101245,337,100730,337,101257,100,100710,5,101422,100,100692,100,101450,100,100683,100,101488,100,100516,100,101618,100,100503,100,101630,100,100173,100,101718,100,100083,100,101738,100,100050,100
2019-06-28 10:02:10.000000000,101245,574,100738,874,101257,100,100730,100,101422,100,100710,5,101450,100,100692,100,101488,100,100683,100,101618,100,100516,100,101630,100,100503,100,101718,100,100173,100,101738,100,100083,100,101869,100,100050,100
2019-06-28 10:02:20.000000000,101245,218,100738,518,101257,218,100730,218,101422,218,100710,123,101450,218,100692,218,101488,100,100683,100,101618,100,100516,100,101630,100,100503,100,101718,100,100173,100,101738,100,100083,100,101869,100,100050,100
2019-06-28 10:02:30.000000000,101245,337,100738,637,101257,337,100730,337,101422,100,100710,5,101450,100,100692,100,101488,100,100683,100,101618,100,100516,100,101630,100,100503,100,101718,100,100173,100,101738,100,100083,100,101869,100,100050,100
2019-06-28 10:02:37.021103865,101245,337,100738,637,101257,337,100730,337,101422,100,100710,5,101450,100,100692,100,101488,100,100683,100,101618,100,100516,100,101619,100,100503,100,101630,100,100173,100,101718,100,100083,100,101738,100,100050,100
2019-06-28 10:02:40.000000000,101245,337,100738,637,101257,337,100730,337,101422,100,100710,5,101450,100,100692,100,101488,100,100683,100,101618,100,100516,100,101619,100,100503,100,101630,100,100173,100,101718,100,100083,100,101738,100,100050,100
2019-06-28 10:02:50.000000000,101245,261,100738,561,101257,256,100730,256,101422,256,100710,161,101450,100,100692,100,101488,100,100683,100,101618,100,100516,100,101619,100,100503,100,101630,100,100173,100,101718,100,100083,100,101738,100,100050,100
2019-06-28 10:02:52.099859082,101245,261,100738,561,101257,256,100730,256,101422,256,100710,161,101450,100,100692,100,101488,100,100683,100,101618,100,100516,100,101619,100,100503,100,101624,100,100173,100,101630,100,100083,100,101718,100,100050,100
2019-06-28 10:03:00.000000000,101245,195,100738,495,101257,195,100730,195,101422,195,100710,100,101450,195,100692,195,101488,195,100683,195,101618,100,100516,100,101619,100,100503,100,101624,100,100173,100,101630,100,100083,100,101718,100,100050,100
2019-06-28 10:03:03.921383171,101245,195,100870,100,101257,195,100738,495,101422,195,100730,195,101450,195,100710,100,101488,195,100692,195,101618,100,100683,195,101619,100,100516,100,101624,100,100503,100,101630,100,100173,100,101718,100,100083,100
2019-06-28 10:03:10.000000000,101245,218,100870,218,101257,218,100738,518,101422,218,100730,218,101450,218,100710,123,101488,100,100692,100,101618,100,100683,100,101619,100,100516,100,101624,100,100503,100,101630,100,100173,100,101718,100,100083,100
2019-06-28 10:03:20.000000000,101245,337,100870,337,101257,337,100738,637,101422,100,100730,100,101450,100,100710,5,101488,100,100692,100,101618,100,100683,100,101619,100,100516,100,101624,100,100503,100,101630,100,100173,100,101718,100,100083,100
2019-06-28 10:03:30.000000000,101245,195,100870,195,101257,195,100738,495,101422,195,100730,195,101450,195,100710,100,101488,195,100692,195,101618,100,100683,100,101619,100,100516,100,101624,100,100503,100,101630,100,100173,100,101718,100,100083,100
2019-06-28 10:03:40.000000000,101245,574,100870,574,101257,100,100738,400,101422,100,100730,100,101450,100,100710,5,101488,100,100692,100,101618,100,100683,100,101619,100,100516,100,101624,100,100503,100,101630,100,100173,100,101718,100,100083,100
2019-06-28 10:03:44.378331738,101245,574,100870,674,101257,100,100738,300,101422,100,100730,100,101450,100,100710,5,101488,100,100692,100,101618,100,100683,100,101619,100,100516,100,101624,100,100503,100,101630,100,100173,100,101718,100,100083,100
2019-06-28 10:03:50.000000000,101245,195,100870,295,101257,195,100738,395,101422,195,100730,195,101450,195,100710,100,101488,195,100692,195,101618,100,100683,100,101619,100,100516,100,101624,100,100503,100,101630,100,100173,100,101718,100,100083,100
2019-06-28 10:03:50.069051894,101245,195,100870,295,101257,195,100738,395,101422,195,100730,195,101450,195,100710,100,101488,195,100692,195,101618,100,100683,100,101619,100,100503,100,101624,100,100173,100,101630,100,100083,100,101718,100,100050,100
2019-06-28 10:03:52.741817055,101245,95,100870,295,101257,195,100738,395,101422,195,100730,195,101450,195,100710,100,101488,195,100692,195,101618,100,100683,100,101619,100,100503,100,101624,100,100173,100,101630,100,100083,100,101718,100,100050,100
2019-06-28 10:04:00.000000000,101257,195,100870,295,101422,195,100738,395,101450,195,100730,195,101488,195,100710,100,101618,195,100692,195,101619,100,100683,100,101624,100,100503,100,101630,100,100173,100,101718,100,100083,100,101738,100,100050,100
2019-06-28 10:04:00.750134360,101257,195,100870,295,101422,195,100738,395,101450,195,100730,195,101488,195,100710,100,101618,195,100692,195,101619,100,100683,100,101630,100,100503,100,101718,100,100173,100,101738,100,100083,100,101869,100,100050,100
2019-06-28 10:04:09.646710603,101257,95,100870,295,101422,195,100738,395,101450,195,100730,195,101488,195,100710,100,101618,195,100692,195,101619,100,100683,100,101630,100,100503,100,101718,100,100173,100,101738,100,100083,100,101869,100,100050,100
2019-06-28 10:04:10.000000000,101422,261,100870,361,101450,256,100738,456,101488,256,100730,256,101618,100,100710,5,101619,100,100692,100,101630,100,100683,100,101718,100,100503,100,101738,100,100173,100,101869,100,100083,100,101877,100,100050,100
2019-06-28 10:04:20.000000000,101422,261,100870,361,101450,256,100738,456,101488,256,100730,256,101618,100,100710,5,101619,100,100692,100,101630,100,100683,100,101718,100,100503,100,101738,100,100173,100,101869,100,100083,100,101877,100,100050,100
2019-06-28 10:04:21.541254513,101422,261,101245,100,101450,256,100870,361,101488,256,100738,456,101618,100,100730,256,101619,100,100710,5,101630,100,100692,100,101718,100,100683,100,101738,100,100503,100,101869,100,100173,100,101877,100,100083,100
2019-06-28 10:04:30.000000000,101422,218,101245,218,101450,218,100870,318,101488,218,100738,418,101618,218,100730,218,101619,100,100710,5,101630,100,100692,100,101718,100,100683,100,101738,100,100503,100,101869,100,100173,100,101877,100,100083,100
2019-06-28 10:04:40.000000000,101422,261,101245,261,101450,256,100870,356,101488,256,100738,456,101618,100,100730,100,101619,100,100710,5,101630,100,100692,100,101718,100,100683,100,101738,100,100503,100,101869,100,100173,100,101877,100,100083,100
2019-06-28 10:04:50.000000000,101422,337,101245,337,101450,337,100870,437,101488,100,100738,300,101618,100,100730,100,101619,100,100710,5,101630,100,100692,100,101718,100,100683,100,101738,100,100503,100,101869,100,100173,100,101877,100,100083,100
2019-06-28 10:04:56.639281367,101422,337,101245,337,101450,337,100870,437,101488,100,100738,300,101618,100,100730,100,101619,100,100710,5,101630,100,100692,100,101718,100,100683,100,101738,100,100503,100,101869,100,100173,100,101877,100,100083,100
2019-06-28 10:04:57.312162030,101422,337,101245,337,101450,337,100870,437,101488,100,100738,200,101618,100,100730,100,101619,100,100710,5,101630,100,100692,100,101718,100,100683,100,101738,100,100503,100,101869,100,100173,100,101877,100,100083,100
2019-06-28 10:04:59.787933753,101422,337,101245,337,101450,337,100870,437,101488,100,100738,200,101618,100,100730,100,101619,100,100710,5,101630,100,100692,100,101718,100,100683,100,101738,100,100503,100,101869,100,100173,100,101877,100,100083,100
2019-06-28 10:05:00.000000000,101422,261,101245,261,101450,256,100870,356,101488,256,100738,356,101618,100,100730,100,101619,100,100710,5,101630,100,100692,100,101718,100,100683,100,101738,100,100503,100,101869,100,100173,100,101877,100,100083,100
2019-06-28 10:05:01.109752439,101422,161,101245,261,101450,256,100870,356,101488,256,100738,356,101618,100,100730,100,101619,100,100710,5,101630,100,100692,100,101718,100,100683,100,101738,100,100503,100,101869,100,100173,100,101877,100,100083,100
2019-06-28 10:05:02.398540662,101422,61,101245,261,101450,256,100870,356,101488,256,100738,356,101618,100,100730,100,101619,100,100710,5,101630,100,100692,100,101718,100,100683,100,101738,100,100503,100,101869,100,100173,100,101877,100,100083,100
2019-06-28 10:05:10.000000000,101450,261,101245,261,101488,256,100870,356,101618,256,100738,356,101619,100,100730,100,101630,100,100710,5,101718,100,100692,100,101738,100,100683,100,101869,100,100503,100,101877,100,100173,100,102019,100,100083,100
2019-06-28 10:05:14.703154731,101450,261,101245,261,101488,256,100870,356,101618,256,100738,356,101619,100,100730,100,101630,100,100710,5,101718,100,100692,100,101738,100,100683,100,101869,100,100503,100,101877,100,100173,100,101918,100,100083,100
2019-06-28 10:05:20.000000000,101450,195,101245,195,101488,195,100870,295,101618,195,100738,295,101619,195,100730,195,101630,195,100710,100,101718,100,100692,100,101738,100,100683,100,101869,100,100503,100,101877,100,100173,100,101918,100,100083,100
2019-06-28 10:05:27.925688157,101450,195,101245,195,101488,195,100870,295,101612,100,100738,295,101618,195,100730,195,101619,195,100710,100,101630,195,100692,100,101718,100,100683,100,101738,100,100503,100,101869,100,100173,100,101877,100,100083,100
2019-06-28 10:05:30.000000000,101450,337,101245,337,101488,337,100870,437,101612,100,100738,200,101618,100,100730,100,101619,100,100710,5,101630,100,100692,100,101718,100,100683,100,101738,100,100503,100,101869,100,100173,100,101877,100,100083,100
2019-06-28 10:05:40.000000000,101450,195,101245,195,101488,195,100870,295,101612,195,100738,295,101618,195,100730,195,101619,195,100710,100,101630,100,100692,100,101718,100,100683,100,101738,100,100503,100,101869,100,100173,100,101877,100,100083,100
2019-06-28 10:05:46.834493092,101450,95,101245,195,101488,195,100870,295,101612,195,100738,295,101618,195,100730,195,101619,195,100710,100,101630,100,100692,100,101718,100,100683,100,101738,100,100503,100,101869,100,100173,100,101877,100,100083,100
2019-06-28 10:05:49.188686099,101450,95,101422,100,101488,195,101245,195,101612,195,100870,295,101618,195,100738,195,101619,195,100730,195,101630,100,100710,100,101718,100,100692,100,101738,100,100683,100,101869,100,100503,100,101877,100,100173,100
2019-06-28 10:05:50.000000000,101488,574,101422,574,101612,100,101245,100,101618,100,100870,200,101619,100,100738,100,101630,100,100730,100,101718,100,100710,5,101738,100,100692,100,101869,100,100683,100,101877,100,100503,100,101918,100,100173,100
2019-06-28 10:06:00.000000000,101488,574,101422,574,101612,100,101245,100,101618,100,100870,200,101619,100,100738,100,101630,100,100730,100,101718,100,100710,5,101738,100,100692,100,101869,100,100683,100,101877,100,100503,100,101918,100,100173,100
2019-06-28 10:06:01.455757497,101488,474,101422,574,101612,100,101245,100,101618,100,100870,200,101619,100,100738,100,101630,100,100730,100,101718,100,100710,5,101738,100,100692,100,101869,100,100683,100,101877,100,100503,100,101918,100,100173,100
2019-06-28 10:06:10.000000000,101612,218,101422,218,101618,218,101245,218,101619,218,100870,318,101630,218,100738,218,101718,100,100730,100,101738,100,100710,5,101869,100,100692,100,101877,100,100683,100,101918,100,100503,100,102019,100,100173,100
2019-06-28 10:06:20.000000000,101612,574,101422,574,101618,100,101245,100,101619,100,100870,200,101630,100,100738,100,101718,100,100730,100,101738,100,100710,5,101869,100,100692,100,101877,100,100683,100,101918,100,100503,100,102019,100,100173,100
2019-06-28 10:06:22.826137650,101612,574,101450,100,101618,100,101422,574,101619,100,101245,100,101630,100,100870,100,101718,100,100738,100,101738,100,100730,100,101869,100,100710,5,101877,100,100692,100,101918,100,100683,100,102019,100,100503,100
2019-06-28 10:06:30.000000000,101612,218,101450,218,101618,218,101422,218,101619,218,101245,218,101630,218,100870,218,101718,100,100738,100,101738,100,100730,100,101869,100,100710,5,101877,100,100692,100,101918,100,100683,100,102019,100,100503,100
2019-06-28 10:06:40.000000000,101612,574,101450,574,101618,100,101422,100,101619,100,101245,100,101630,100,100870,100,101718,100,100738,100,101738,100,100730,100,101869,100,100710,5,101877,100,100692,100,101918,100,100683,100,102019,100,100503,100
2019-06-28 10:06:40.528590270,101612,474,101450,574,101618,100,101422,100,101619,100,101245,100,101630,100,100870,100,101718,100,100738,100,101738,100,100730,100,101869,100,100710,5,101877,100,100692,100,101918,100,100683,100,102019,100,100503,100
2019-06-28 10:06:50.000000000,101618,195,101450,195,101619,195,101422,195,101630,195,101245,195,101718,195,100870,195,101738,195,100738,195,101869,100,100730,100,101877,100,100710,5,101918,100,100692,100,102019,100,100683,100,102097,100,100503,100
2019-06-28 10:06:52.080075467,101618,195,101450,195,101619,195,101422,195,101630,195,101245,195,101639,100,100870,195,101718,195,100738,195,101738,195,100730,100,101869,100,100710,5,101877,100,100692,100,101918,100,100683,100,102019,100,100503,100
2019-06-28 10:07:00.000000000,101618,195,101450,195,101619,195,101422,195,101630,195,101245,195,101639,195,100870,195,101718,195,100738,195,101738,100,100730,100,101869,100,100710,5,101877,100,100692,100,101918,100,100683,100,102019,100,100503,100
