,ask_price_1,ask_size_1,bid_price_1,bid_size_1,ask_price_2,ask_size_2,bid_price_2,bid_size_2,ask_price_3,ask_size_3,bid_price_3,bid_size_3,ask_price_4,ask_size_4,bid_price_4,bid_size_4,ask_price_5,ask_size_5,bid_price_5,bid_size_5,ask_price_6,ask_size_6,bid_price_6,bid_size_6,ask_price_7,ask_size_7,bid_price_7,bid_size_7,ask_price_8,ask_size_8,bid_price_8,bid_size_8,ask_price_9,ask_size_9,bid_price_9,bid_size_9,ask_price_10,ask_size_10,bid_price_10,bid_size_10
2019-06-28 09:30:00.000000001,,,99868,100,,,,,,,,,,,,,,,,,,,,,,,,,,,,,,,,,,,,
2019-06-28 09:30:00.000000002,,,99971,100,,,99868,100,,,,,,,,,,,,,,,,,,,,,,,,,,,,,,,,
2019-06-28 09:30:00.000000005,100168,100,99971,100,100180,100,99868,100,,,,,,,,,,,,,,,,,,,,,,,,,,,,,,,,
2019-06-28 09:30:00.000000006,100168,100,99868,100,100180,100,99857,100,,,,,,,,,,,,,,,,,,,,,,,,,,,,,,,,
2019-06-28 09:30:00.000000010,100168,100,99934,100,100180,100,99922,100,,,99868,100,,,99857,100,,,,,,,,,,,,,,,,,,,,,,,,
2019-06-28 09:30:00.000000011,100119,100,99934,100,100168,100,99922,100,100180,100,99868,100,,,99857,100,,,,,,,,,,,,,,,,,,,,,,,,
2019-06-28 09:30:00.000000012,100031,100,99934,100,100119,100,99922,100,100168,100,99868,100,100180,100,99857,100,,,,,,,,,,,,,,,,,,,,,,,,
2019-06-28 09:30:00.000000014,100031,100,99967,100,100119,100,99946,100,100168,100,99934,100,100180,100,99922,100,,,99868,100,,,99857,100,,,,,,,,,,,,,,,,
2019-06-28 09:30:00.000000016,100031,100,99967,100,100119,100,99946,100,100168,100,99934,100,100180,100,99925,100,,,99922,100,,,99868,100,,,99857,100,,,,,,,,,,,,
2019-06-28 09:30:00.000000017,100031,100,99967,100,100119,100,99946,100,100168,100,99934,100,100180,100,99925,100,,,99922,100,,,99868,200,,,99857,100,,,,,,,,,,,,
2019-06-28 09:30:00.000000018,100031,100,99967,100,100119,100,99946,100,100150,100,99934,100,100168,100,99925,100,100180,100,99922,100,,,99868,200,,,99857,100,,,,,,,,,,,,
2019-06-28 09:30:00.000000019,100031,100,99967,100,100037,100,99946,100,100119,100,99934,100,100150,100,99925,100,100168,100,99922,100,100180,100,99868,200,,,99857,100,,,,,,,,,,,,
2019-06-28 09:30:00.000000021,100031,100,99967,100,100037,100,99946,100,100096,100,99934,100,100119,100,99925,100,100150,100,99922,100,100168,100,99886,100,100180,100,99868,200,,,99857,100,,,,,,,,
2019-06-28 09:30:00.000000023,100031,100,99967,100,100037,100,99946,100,100096,100,99934,100,100119,100,99925,100,100150,100,99922,100,100168,100,99907,100,100180,100,99886,100,,,99868,200,,,99857,100,,,,
2019-06-28 09:30:00.000000026,100031,100,99967,100,100037,100,99946,100,100096,100,99934,100,100119,100,99925,100,100150,100,99922,100,100168,100,99907,100,100180,100,99904,100,,,99886,100,,,99868,200,,,99857,100
2019-06-28 09:30:00.000000027,100031,100,99967,100,100037,100,99946,100,100096,100,99934,100,100111,100,99925,100,100119,100,99922,100,100150,100,99907,100,100168,100,99904,100,100180,100,99886,100,,,99868,200,,,99857,100
2019-06-28 09:30:00.000000030,100031,100,99967,100,100037,100,99946,100,100056,100,99934,100,100096,100,99925,100,100111,100,99922,100,100119,100,99907,100,100150,100,99904,100,100168,100,99886,100,100180,100,99868,200,,,99857,100
2019-06-28 09:30:00.000000036,100031,100,99967,100,100037,100,99946,100,100056,100,99938,100,100096,100,99934,100,100111,100,99925,100,100119,100,99922,100,100130,100,99907,100,100150,100,99904,100,100168,100,99886,100,100180,100,99868,200
2019-06-28 09:30:00.000000037,100031,100,99967,100,100037,100,99946,100,100056,100,99938,100,100096,100,99934,100,100111,100,99925,100,100119,100,99922,100,100130,100,99907,100,100133,100,99904,100,100150,100,99886,100,100168,100,99868,200
2019-06-28 09:30:00.000000038,100031,100,99967,100,100032,100,99946,100,100037,100,99938,100,100056,100,99934,100,100096,100,99925,100,100111,100,99922,100,100119,100,99907,100,100130,100,99904,100,100133,100,99886,100,100150,100,99868,200
2019-06-28 09:30:00.000000040,100012,100,99967,100,100031,100,99946,100,100032,100,99938,100,100037,100,99934,100,100056,100,99925,100,100096,100,99922,100,100111,100,99907,100,100119,100,99904,100,100130,100,99886,100,100133,100,99868,200
2019-06-28 09:30:00.000000041,100012,100,99967,100,100031,100,99946,100,100032,100,99938,100,100037,100,99934,100,100056,100,99927,100,100096,100,99925,100,100111,100,99922,100,100119,100,99907,100,100130,100,99904,100,100133,100,99886,100
2019-06-28 09:30:00.000000043,100012,100,99967,100,100031,100,99946,100,100032,100,99938,100,100037,100,99934,100,100056,100,99927,100,100095,100,99925,100,100096,100,99922,100,100111,100,99907,100,100119,100,99904,100,100130,100,99886,100
2019-06-28 09:30:00.000000044,100012,100,99985,100,100031,100,99967,100,100032,100,99946,100,100037,100,99938,100,100056,100,99934,100,100095,100,99927,100,100096,100,99925,100,100111,100,99922,100,100119,100,99907,100,100130,100,99904,100
2019-06-28 09:30:00.000000047,100012,100,99985,100,100027,100,99967,100,100031,100,99946,100,100032,100,99938,100,100037,100,99934,100,100056,100,99927,100,100095,100,99925,100,100096,100,99922,100,100111,100,99907,100,100119,100,99904,100
2019-06-28 09:30:00.000000048,100012,100,99985,100,100027,100,99967,100,100031,100,99946,100,100032,100,99938,100,100037,100,99934,100,100056,100,99927,100,100095,100,99925,100,100096,100,99922,100,100111,100,99907,100,100119,100,99904,100
2019-06-28 09:30:00.000000050,100012,100,99985,100,100027,100,99967,100,100031,100,99946,100,100032,100,99938,100,100037,100,99934,100,100056,100,99928,100,100095,100,99927,100,100096,100,99925,100,100111,100,99922,100,100119,100,99907,100
2019-06-28 09:30:00.000000051,100012,100,99985,100,100027,100,99967,100,100031,100,99946,100,100032,100,99938,100,100037,100,99934,100,100056,100,99928,100,100095,100,99927,100,100096,100,99925,100,100111,100,99922,100,100119,100,99907,100
2019-06-28 09:30:00.000000053,100012,100,99967,100,100027,100,99946,100,100031,100,99938,100,100032,100,99934,100,100037,100,99928,100,100056,100,99927,100,100095,100,99925,100,100096,100,99922,100,100111,100,99907,100,100119,100,99904,100
2019-06-28 09:30:00.000000054,100012,100,99999,100,100027,100,99967,100,100031,100,99946,100,100032,100,99938,100,100037,100,99934,100,100056,100,99928,100,100095,100,99927,100,100096,100,99925,100,100111,100,99922,100,100119,100,99907,100
2019-06-28 09:30:00.000000056,100012,100,99999,100,100027,100,99967,100,100031,100,99965,100,100032,100,99946,100,100037,100,99938,100,100056,100,99934,100,100095,100,99928,100,100096,100,99927,100,100111,100,99925,100,100119,100,99922,100
2019-06-28 09:30:00.000000057,100012,100,99967,100,100027,100,99965,100,100031,100,99946,100,100032,100,99938,100,100037,100,99934,100,100056,100,99928,100,100095,100,99927,100,100096,100,99925,100,100111,100,99922,100,100119,100,99907,100
2019-06-28 09:30:00.000000061,100012,100,99967,100,100027,100,99965,100,100031,100,99946,100,100032,100,99938,100,100037,100,99934,100,100056,100,99928,100,100090,100,99927,100,100095,100,99925,100,100096,100,99922,100,100111,100,99907,100
2019-06-28 09:30:00.000000062,100012,100,99967,100,100027,100,99965,100,100031,100,99946,100,100032,100,99938,100,100037,100,99934,100,100047,100,99928,100,100056,100,99927,100,100090,100,99925,100,100095,100,99922,100,100096,100,99907,100
2019-06-28 09:30:00.000000063,100012,100,99965,100,100027,100,99946,100,100031,100,99938,100,100032,100,99934,100,100037,100,99928,100,100047,100,99927,100,100056,100,99925,100,100090,100,99922,100,100095,100,99907,100,100096,100,99904,100
2019-06-28 09:30:00.000000064,99975,100,99965,100,100012,100,99946,100,100027,100,99938,100,100031,100,99934,100,100032,100,99928,100,100037,100,99927,100,100047,100,99925,100,100056,100,99922,100,100090,100,99907,100,100095,100,99904,100
2019-06-28 09:30:00.000000065,99975,100,99965,100,100012,100,99946,100,100027,100,99938,100,100031,100,99934,100,100032,100,99931,100,100037,100,99928,100,100047,100,99927,100,100056,100,99925,100,100090,100,99922,100,100095,100,99907,100
2019-06-28 09:30:00.000000069,99975,100,99965,100,99988,100,99946,100,100011,100,99938,100,100012,100,99934,100,100027,100,99931,100,100031,100,99928,100,100032,100,99927,100,100037,100,99925,100,100047,100,99922,100,100056,100,99907,100
2019-06-28 09:30:00.000000070,99975,100,99965,100,99982,100,99946,100,99988,100,99938,100,99999,100,99934,100,100011,100,99931,100,100012,100,99928,100,100027,100,99927,100,100031,100,99925,100,100032,100,99922,100,100037,100,99907,100
2019-06-28 09:30:00.000000074,99975,100,99965,100,99982,100,99946,100,99988,100,99938,100,99999,100,99934,100,100011,100,99931,100,100012,100,99928,100,100027,100,99927,100,100031,100,99925,100,100032,100,99922,100,100037,100,99907,100
2019-06-28 09:30:00.000000076,99975,100,99967,100,99982,100,99965,100,99988,100,99951,100,99999,100,99946,100,100011,100,99938,100,100012,100,99934,100,100027,100,99931,100,100031,100,99928,100,100032,100,99927,100,100037,100,99925,100
2019-06-28 09:30:00.000000077,99975,100,99967,100,99982,100,99965,100,99988,100,99951,100,99989,100,99946,100,99999,100,99938,100,100011,100,99934,100,100012,100,99931,100,100027,100,99928,100,100031,100,99927,100,100032,100,99925,100
2019-06-28 09:30:00.000000079,99975,100,99967,100,99982,100,99965,100,99988,100,99951,100,99989,100,99946,100,99999,100,99938,100,100011,100,99934,100,100012,100,99931,100,100027,100,99930,100,100031,100,99928,100,100032,100,99927,100
2019-06-28 09:30:00.000000083,99975,100,99967,100,99982,100,99965,100,99988,100,99951,100,99989,100,99946,100,99999,100,99938,100,100001,100,99934,100,100011,100,99931,100,100012,100,99930,100,100027,100,99928,100,100031,100,99927,100
2019-06-28 09:30:00.000000084,99975,100,99967,100,99982,100,99965,100,99988,100,99951,100,99989,100,99946,100,99999,100,99938,100,100001,100,99934,100,100011,100,99931,100,100012,100,99930,100,100027,100,99928,100,100031,100,99927,100
2019-06-28 09:30:00.000000085,99982,100,99967,100,99988,100,99965,100,99989,100,99951,100,99999,100,99946,100,100001,100,99938,100,100011,100,99934,100,100012,100,99931,100,100027,100,99930,100,100031,100,99928,100,100032,100,99927,100
2019-06-28 09:30:00.000000089,99982,100,99967,100,99988,100,99965,100,99989,100,99951,100,99999,100,99946,100,100001,100,99938,100,100011,100,99934,100,100012,100,99931,100,100027,100,99930,100,100031,100,99928,100,100032,100,99927,100
2019-06-28 09:30:00.000000092,99982,100,99968,100,99988,100,99967,100,99989,100,99965,100,99999,100,99951,100,100001,100,99946,100,100011,100,99938,100,100012,100,99934,100,100027,100,99931,100,100031,100,99930,100,100032,100,99928,100
2019-06-28 09:30:00.000000093,99988,100,99968,100,99989,100,99967,100,99999,100,99965,100,100001,100,99951,100,100011,100,99946,100,100012,100,99938,100,100027,100,99934,100,100031,100,99931,100,100032,100,99930,100,100037,100,99928,100
2019-06-28 09:30:00.000000094,99988,100,99967,100,99989,100,99965,100,99999,100,99951,100,100001,100,99946,100,100011,100,99938,100,100012,100,99934,100,100027,100,99931,100,100031,100,99930,100,100032,100,99928,100,100037,100,99927,100
2019-06-28 09:30:00.000000098,99989,100,99967,100,99999,100,99965,100,100001,100,99951,100,100011,100,99946,100,100012,100,99938,100,100027,100,99934,100,100031,100,99931,100,100032,100,99930,100,100033,100,99928,100,100037,100,99927,100
2019-06-28 09:30:01.266582354,99989,100,99967,100,99999,100,99965,100,100001,100,99951,100,100011,100,99946,100,100012,100,99938,100,100027,100,99934,100,100031,100,99931,100,100032,100,99930,100,100033,100,99928,100,100037,100,99927,100
2019-06-28 09:30:06.008934689,99989,100,99967,100,99999,100,99965,100,100001,100,99951,100,100011,100,99946,100,100012,100,99938,100,100027,100,99934,100,100031,100,99931,100,100032,100,99930,100,100033,100,99928,100,100037,100,99927,100
2019-06-28 09:30:10.000000000,99989,426,99967,426,99999,100,99965,100,100001,100,99951,100,100011,100,99946,100,100012,100,99938,100,100027,100,99934,100,100031,100,99931,100,100032,100,99930,100,100033,100,99928,100,100037,100,99927,100
2019-06-28 09:30:20.000000000,99989,165,99967,165,99999,165,99965,165,100001,165,99951,165,100011,165,99946,165,100012,165,99938,165,100027,100,99934,100,100031,100,99931,100,100032,100,99930,100,100033,100,99928,100,100037,100,99927,100
2019-06-28 09:30:24.698705158,99989,165,99967,165,99999,165,99965,165,100001,165,99951,165,100011,165,99946,165,100012,165,99938,165,100027,100,99934,100,100031,100,99931,100,100032,100,99930,100,100033,100,99928,100,100037,100,99927,100
2019-06-28 09:30:30.000000000,99989,211,99967,211,99999,208,99965,208,100001,208,99951,208,100011,100,99946,100,100012,100,99938,100,100027,100,99934,100,100031,100,99931,100,100032,100,99930,100,100033,100,99928,100,100037,100,99927,100
2019-06-28 09:30:36.565928105,99989,211,99968,100,99999,208,99967,211,100001,208,99965,208,100011,100,99951,208,100012,100,99946,100,100027,100,99938,100,100031,100,99934,100,100032,100,99931,100,100033,100,99930,100,100037,100,99928,100
2019-06-28 09:30:36.601236018,99989,211,99968,100,99999,208,99967,211,100001,208,99965,208,100012,100,99951,208,100027,100,99946,100,100031,100,99938,100,100032,100,99934,100,100033,100,99931,100,100037,100,99930,100,100047,200,99928,100
2019-06-28 09:30:40.000000000,99989,426,99968,426,99999,100,99967,100,100001,100,99965,100,100012,100,99951,100,100027,100,99946,100,100031,100,99938,100,100032,100,99934,100,100033,100,99931,100,100037,100,99930,100,100047,200,99928,100
2019-06-28 09:30:44.418083589,99989,326,99968,426,99999,100,99967,100,100001,100,99965,100,100012,100,99951,100,100027,100,99946,100,100031,100,99938,100,100032,100,99934,100,100033,100,99931,100,100037,100,99930,100,100047,200,99928,100
2019-06-28 09:30:50.000000000,99999,263,99968,263,100001,263,99967,263,100012,100,99965,100,100027,100,99951,100,100031,100,99946,100,100032,100,99938,100,100033,100,99934,100,100037,100,99931,100,100047,200,99930,100,100056,100,99928,100
2019-06-28 09:31:00.000000000,99999,426,99968,426,100001,100,99967,100,100012,100,99965,100,100027,100,99951,100,100031,100,99946,100,100032,100,99938,100,100033,100,99934,100,100037,100,99931,100,100047,200,99930,100,100056,100,99928,100
2019-06-28 09:31:10.000000000,99999,263,99968,263,100001,263,99967,263,100012,100,99965,100,100027,100,99951,100,100031,100,99946,100,100032,100,99938,100,100033,100,99934,100,100037,100,99931,100,100047,200,99930,100,100056,100,99928,100
2019-06-28 09:31:20.000000000,99999,165,99968,165,100001,165,99967,165,100012,165,99965,165,100027,165,99951,165,100031,165,99946,165,100032,100,99938,100,100033,100,99934,100,100037,100,99931,100,100047,200,99930,100,100056,100,99928,100
2019-06-28 09:31:20.422997990,99999,165,99968,165,100001,165,99967,165,100012,165,99965,165,100027,165,99951,165,100031,165,99946,165,100032,100,99938,100,100033,100,99934,100,100037,100,99931,100,100047,100,99930,100,100056,100,99928,100
2019-06-28 09:31:20.770657280,99999,165,99988,100,100001,165,99968,165,100012,165,99967,165,100027,65,99965,165,100031,165,99951,165,100032,100,99946,165,100033,100,99938,100,100037,100,99934,100,100047,100,99931,100,100056,100,99930,100
2019-06-28 09:31:24.759098417,99999,165,99988,200,100001,165,99968,165,100012,165,99967,165,100027,65,99965,165,100031,165,99951,165,100032,100,99946,165,100033,100,99938,100,100037,100,99934,100,100047,100,99931,100,100056,100,99930,100
2019-06-28 09:31:30.000000000,99999,211,99988,311,100001,208,99968,208,100012,208,99967,208,100031,100,99965,100,100032,100,99951,100,100033,100,99946,100,100037,100,99938,100,100047,100,99934,100,100056,100,99931,100,100088,100,99930,100
2019-06-28 09:31:32.801375840,99999,111,99988,311,100001,208,99968,208,100012,208,99967,208,100031,100,99965,100,100032,100,99951,100,100033,100,99946,100,100037,100,99938,100,100047,100,99934,100,100056,100,99931,100,100088,100,99930,100
2019-06-28 09:31:40.000000000,100001,182,99988,282,100012,182,99968,182,100031,182,99967,182,100032,182,99965,182,100033,100,99951,100,100037,100,99946,100,100047,100,99938,100,100056,100,99934,100,100088,100,99931,100,100090,100,99930,100
2019-06-28 09:31:41.635602328,100001,82,99988,282,100012,182,99968,182,100031,182,99967,182,100032,182,99965,182,100033,100,99951,100,100037,100,99946,100,100056,100,99938,100,100088,100,99934,100,100090,100,99931,100,100095,200,99930,100
2019-06-28 09:31:42.203796948,100001,82,99988,282,100012,182,99968,182,100031,182,99967,182,100032,182,99965,182,100033,100,99951,100,100056,100,99946,100,100088,100,99938,100,100090,100,99934,100,100095,200,99931,100,100096,100,99930,100
2019-06-28 09:31:50.000000000,100012,211,99988,311,100031,208,99968,208,100032,208,99967,208,100033,100,99965,100,100056,100,99951,100,100088,100,99946,100,100090,100,99938,100,100095,200,99934,100,100096,100,99931,100,100101,100,99930,100
2019-06-28 09:32:00.000000000,100012,165,99988,265,100031,165,99968,165,100032,165,99967,165,100033,165,99965,165,100056,165,99951,165,100088,100,99946,100,100090,100,99938,100,100095,200,99934,100,100096,100,99931,100,100101,100,99930,100
2019-06-28 09:32:07.695883147,100012,65,99988,265,100031,165,99968,165,100032,165,99967,165,100033,165,99965,165,100056,165,99951,165,100088,100,99946,100,100090,100,99938,100,100095,100,99934,100,100096,100,99931,100,100101,100,99930,100
2019-06-28 09:32:10.000000000,100031,182,99988,282,100032,182,99968,182,100033,182,99967,182,100056,182,99965,182,100088,100,99951,100,100090,100,99946,100,100095,100,99938,100,100096,100,99934,100,100101,100,99931,100,100109,100,99930,100
2019-06-28 09:32:20.000000000,100031,263,99988,363,100032,263,99968,263,100033,100,99967,100,100056,100,99965,100,100088,100,99951,100,100090,100,99946,100,100095,100,99938,100,100096,100,99934,100,100101,100,99931,100,100109,100,99930,100
2019-06-28 09:32:30.000000000,100031,165,99988,265,100032,165,99968,165,100033,165,99967,165,100056,165,99965,165,100088,165,99951,165,100090,100,99946,100,100095,100,99938,100,100096,100,99934,100,100101,100,99931,100,100109,100,99930,100
2019-06-28 09:32:35.631798009,100000,100,99988,265,100031,165,99968,165,100032,165,99967,165,100033,165,99965,165,100056,165,99951,165,100088,165,99946,100,100090,100,99938,100,100095,100,99934,100,100096,100,99931,100,100101,100,99930,100
2019-06-28 09:32:40.000000000,100000,211,99988,311,100031,208,99968,208,100032,208,99967,208,100033,100,99965,100,100056,100,99951,100,100088,100,99946,100,100090,100,99938,100,100095,100,99934,100,100096,100,99931,100,100101,100,99930,100
2019-06-28 09:32:47.569473062,100000,211,99988,311,100031,208,99968,208,100032,208,99967,208,100033,100,99965,100,100056,100,99951,100,100088,100,99946,100,100090,100,99938,100,100095,100,99934,100,100096,100,99931,100,100101,100,99930,100
2019-06-28 09:32:50.000000000,100000,165,99988,265,100031,165,99968,165,100032,165,99967,165,100033,165,99965,165,100056,165,99951,165,100088,100,99946,100,100090,100,99938,100,100095,100,99934,100,100096,100,99931,100,100101,100,99930,100
2019-06-28 09:33:00.000000000,100000,426,99988,526,100031,100,99968,100,100032,100,99967,100,100033,100,99965,100,100056,100,99951,100,100088,100,99946,100,100090,100,99938,100,100095,100,99934,100,100096,100,99931,100,100101,100,99930,100
2019-06-28 09:33:01.583483155,100000,426,99988,526,100031,100,99968,100,100032,100,99967,100,100033,100,99965,100,100056,100,99951,100,100088,100,99946,100,100090,100,99938,100,100095,100,99934,100,100096,100,99931,100,100101,100,99930,100
2019-06-28 09:33:10.000000000,100000,182,99988,282,100031,182,99968,182,100032,182,99967,182,100033,182,99965,182,100056,100,99951,100,100088,100,99946,100,100090,100,99938,100,100095,100,99934,100,100096,100,99931,100,100101,100,99930,100
2019-06-28 09:33:17.863708596,100000,182,99988,282,100031,182,99968,182,100032,182,99967,182,100033,182,99965,182,100056,100,99951,100,100088,100,99946,100,100090,100,99938,100,100095,100,99934,100,100096,100,99931,100,100101,100,99930,100
2019-06-28 09:33:20.000000000,100000,182,99988,282,100031,182,99968,182,100032,182,99967,182,100033,182,99965,182,100056,100,99951,100,100088,100,99946,100,100090,100,99938,100,100095,100,99934,100,100096,100,99931,100,100101,100,99930,100
2019-06-28 09:33:22.113004484,100000,182,99988,282,100031,182,99968,182,100032,182,99967,182,100033,182,99965,182,100056,100,99951,100,100088,100,99946,100,100090,100,99938,100,100095,100,99934,100,100096,100,99931,100,100101,100,99930,100
2019-06-28 09:33:30.000000000,100000,426,99988,526,100031,100,99968,100,100032,100,99967,100,100033,100,99965,100,100056,100,99951,100,100088,100,99946,100,100090,100,99938,100,100095,100,99934,100,100096,100,99931,100,100101,100,99930,100
2019-06-28 09:33:30.872795586,100000,426,99988,526,100031,100,99968,100,100032,100,99967,100,100033,100,99965,100,100056,100,99951,100,100088,100,99946,100,100090,100,99938,100,100095,100,99931,100,100096,100,99930,100,100101,100,99928,100
2019-06-28 09:33:40.000000000,100000,211,99988,311,100031,208,99968,208,100032,208,99967,208,100033,100,99965,100,100056,100,99951,100,100088,100,99946,100,100090,100,99938,100,100095,100,99931,100,100096,100,99930,100,100101,100,99928,100
2019-06-28 09:33:43.335059181,100000,211,99988,311,100031,208,99968,208,100032,208,99967,208,100033,100,99965,100,100056,100,99951,100,100088,100,99946,100,100090,100,99938,100,100095,100,99931,100,100096,100,99928,100,100101,100,99927,100
2019-06-28 09:33:50.000000000,100000,426,99988,526,100031,100,99968,100,100032,100,99967,100,100033,100,99965,100,100056,100,99951,100,100088,100,99946,100,100090,100,99938,100,100095,100,99931,100,100096,100,99928,100,100101,100,99927,100
2019-06-28 09:33:54.578867568,100000,526,99988,526,100031,100,99968,100,100032,100,99967,100,100033,100,99965,100,100056,100,99951,100,100088,100,99946,100,100090,100,99938,100,100095,100,99931,100,100096,100,99928,100,100101,100,99927,100
2019-06-28 09:34:00.000000000,100000,311,99988,311,100031,208,99968,208,100032,208,99967,208,100033,100,99965,100,100056,100,99951,100,100088,100,99946,100,100090,100,99938,100,100095,100,99931,100,100096,100,99928,100,100101,100,99927,100
2019-06-28 09:34:10.000000000,100000,363,99988,363,100031,263,99968,263,100032,100,99967,100,100033,100,99965,100,100056,100,99951,100,100088,100,99946,100,100090,100,99938,100,100095,100,99931,100,100096,100,99928,100,100101,100,99927,100
2019-06-28 09:34:10.489055595,100000,363,99988,363,100031,263,99968,263,100032,100,99967,100,100033,100,99965,100,100056,100,99951,100,100088,100,99946,100,100090,100,99938,100,100095,100,99931,100,100096,100,99928,100,100101,100,99927,100
2019-06-28 09:34:20.000000000,100000,265,99988,265,100031,165,99968,165,100032,165,99967,165,100033,165,99965,165,100056,165,99951,165,100088,100,99946,100,100090,100,99938,100,100095,100,99931,100,100096,100,99928,100,100101,100,99927,100
2019-06-28 09:34:29.967821554,100000,265,99988,265,100031,165,99968,165,100032,165,99967,165,100033,165,99965,265,100056,165,99951,165,100088,100,99946,100,100090,100,99938,100,100095,100,99931,100,100096,100,99928,100,100101,100,99927,100
2019-06-28 09:34:30.000000000,100000,265,99988,265,100031,165,99968,165,100032,165,99967,165,100033,165,99965,265,100056,165,99951,165,100088,100,99946,100,100090,100,99938,100,100095,100,99931,100,100096,100,99928,100,100101,100,99927,100
2019-06-28 09:34:40.000000000,100000,265,99988,265,100031,165,99968,165,100032,165,99967,165,100033,165,99965,265,100056,165,99951,165,100088,100,99946,100,100090,100,99938,100,100095,100,99931,100,100096,100,99928,100,100101,100,99927,100
2019-06-28 09:34:47.046385324,100000,265,99988,265,100031,165,99968,165,100032,165,99967,165,100033,165,99965,265,100056,165,99951,165,100088,100,99946,100,100090,100,99938,100,100095,100,99931,100,100096,100,99928,100,100101,100,99927,100
2019-06-28 09:34:50.000000000,100000,526,99988,526,100031,100,99968,100,100032,100,99967,100,100033,100,99965,200,100056,100,99951,100,100088,100,99946,100,100090,100,99938,100,100095,100,99931,100,100096,100,99928,100,100101,100,99927,100
2019-06-28 09:34:52.266275332,100000,526,99988,426,100031,100,99968,100,100032,100,99967,100,100033,100,99965,200,100056,100,99951,100,100088,100,99946,100,100090,100,99938,100,100095,100,99931,100,100096,100,99928,100,100101,100,99927,100
2019-06-28 09:35:00.000000000,100000,526,99988,426,100031,100,99968,100,100032,100,99967,100,100033,100,99965,200,100056,100,99951,100,100088,100,99946,100,100090,100,99938,100,100095,100,99931,100,100096,100,99928,100,100101,100,99927,100
2019-06-28 09:35:10.000000000,100000,265,99988,165,100031,165,99968,165,100032,165,99967,165,100033,165,99965,265,100056,165,99951,165,100088,100,99946,100,100090,100,99938,100,100095,100,99931,100,100096,100,99928,100,100101,100,99927,100
2019-06-28 09:35:20.000000000,100000,311,99988,211,100031,208,99968,208,100032,208,99967,208,100033,100,99965,200,100056,100,99951,100,100088,100,99946,100,100090,100,99938,100,100095,100,99931,100,100096,100,99928,100,100101,100,99927,100
2019-06-28 09:35:25.612141355,100000,311,99988,211,100031,208,99968,208,100032,208,99967,208,100033,100,99965,200,100056,100,99951,100,100088,100,99946,100,100090,100,99938,100,100095,100,99931,100,100096,100,99928,100,100101,100,99927,100
2019-06-28 09:35:30.000000000,100000,526,99988,426,100031,100,99968,100,100032,100,99967,100,100033,100,99965,200,100056,100,99951,100,100088,100,99946,100,100090,100,99938,100,100095,100,99931,100,100096,100,99928,100,100101,100,99927,100
2019-06-28 09:35:31.811271092,100000,526,99988,526,100031,100,99968,100,100032,100,99967,100,100033,100,99965,200,100056,100,99951,100,100088,100,99946,100,100090,100,99938,100,100095,100,99931,100,100096,100,99928,100,100101,100,99925,100
2019-06-28 09:35:32.822691925,100000,526,99988,526,100031,100,99968,100,100032,100,99967,100,100033,100,99965,200,100056,100,99951,100,100088,100,99946,100,100090,100,99938,100,100095,100,99931,100,100096,100,99928,100,100101,100,99925,100
2019-06-28 09:35:39.947309019,100000,526,99988,526,100031,100,99968,100,100032,100,99967,100,100033,100,99965,200,100056,100,99951,100,100088,100,99946,100,100090,100,99938,100,100095,100,99931,100,100096,100,99928,100,100101,100,99925,100
2019-06-28 09:35:40.000000000,100000,265,99988,265,100031,165,99968,165,100032,165,99967,165,100033,165,99965,265,100056,165,99951,165,100088,100,99946,100,100090,100,99938,100,100095,100,99931,100,100096,100,99928,100,100101,100,99925,100
2019-06-28 09:35:50.000000000,100000,526,99988,526,100031,100,99968,100,100032,100,99967,100,100033,100,99965,200,100056,100,99951,100,100088,100,99946,100,100090,100,99938,100,100095,100,99931,100,100096,100,99928,100,100101,100,99925,100
2019-06-28 09:36:00.000000000,100000,282,99988,282,100031,182,99968,182,100032,182,99967,182,100033,182,99965,282,100056,100,99951,100,100088,100,99946,100,100090,100,99938,100,100095,100,99931,100,100096,100,99928,100,100101,100,99925,100
2019-06-28 09:36:10.000000000,100000,311,99988,311,100031,208,99968,208,100032,208,99967,208,100033,100,99965,200,100056,100,99951,100,100088,100,99946,100,100090,100,99938,100,100095,100,99931,100,100096,100,99928,100,100101,100,99925,100
2019-06-28 09:36:20.000000000,100000,526,99988,526,100031,100,99968,100,100032,100,99967,100,100033,100,99965,200,100056,100,99951,100,100088,100,99946,100,100090,100,99938,100,100095,100,99931,100,100096,100,99928,100,100101,100,99925,100
2019-06-28 09:36:30.000000000,100000,526,99988,526,100031,100,99968,100,100032,100,99967,100,100033,100,99965,200,100056,100,99951,100,100088,100,99946,100,100090,100,99938,100,100095,100,99931,100,100096,100,99928,100,100101,100,99925,100
2019-06-28 09:36:40.000000000,100000,282,99988,282,100031,182,99968,182,100032,182,99967,182,100033,182,99965,282,100056,100,99951,100,100088,100,99946,100,100090,100,99938,100,100095,100,99931,100,100096,100,99928,100,100101,100,99925,100
2019-06-28 09:36:50.000000000,100000,265,99988,265,100031,165,99968,165,100032,165,99967,165,100033,165,99965,265,100056,165,99951,165,100088,100,99946,100,100090,100,99938,100,100095,100,99931,100,100096,100,99928,100,100101,100,99925,100
2019-06-28 09:37:00.000000000,100000,265,99988,265,100031,165,99968,165,100032,165,99967,165,100033,165,99965,265,100056,165,99951,165,100088,100,99946,100,100090,100,99938,100,100095,100,99931,100,100096,100,99928,100,100101,100,99925,100
2019-06-28 09:37:07.558887006,100000,265,99988,265,100031,165,99968,165,100032,165,99967,165,100033,165,99965,265,100056,165,99951,165,100088,100,99946,100,100090,100,99938,100,100095,100,99931,100,100096,100,99928,100,100101,100,99925,100
2019-06-28 09:37:10.000000000,100000,265,99988,265,100031,165,99968,165,100032,165,99967,165,100033,165,99965,265,100056,165,99951,165,100088,100,99946,100,100090,100,99938,100,100095,100,99931,100,100096,100,99928,100,100101,100,99925,100
2019-06-28 09:37:16.745357510,100000,265,99988,265,100031,165,99968,165,100032,165,99967,165,100033,165,99965,265,100056,165,99951,165,100088,100,99946,100,100090,100,99938,100,100095,100,99931,100,100096,100,99928,100,100101,100,99925,100
2019-06-28 09:37:20.000000000,100000,526,99988,526,100031,100,99968,100,100032,100,99967,100,100033,100,99965,200,100056,100,99951,100,100088,100,99946,100,100090,100,99938,100,100095,100,99931,100,100096,100,99928,100,100101,100,99925,100
2019-06-28 09:37:30.000000000,100000,282,99988,282,100031,182,99968,182,100032,182,99967,182,100033,182,99965,282,100056,100,99951,100,100088,100,99946,100,100090,100,99938,100,100095,100,99931,100,100096,100,99928,100,100101,100,99925,100
2019-06-28 09:37:30.109040683,100000,182,99988,282,100031,182,99968,182,100032,182,99967,182,100033,182,99965,282,100056,100,99951,100,100088,100,99946,100,100095,100,99938,100,100096,100,99931,100,100101,100,99928,100,100109,100,99925,100
2019-06-28 09:37:40.000000000,100000,426,99988,526,100031,100,99968,100,100032,100,99967,100,100033,100,99965,200,100056,100,99951,100,100088,100,99946,100,100095,100,99938,100,100096,100,99931,100,100101,100,99928,100,100109,100,99925,100
2019-06-28 09:37:50.000000000,100000,263,99988,363,100031,263,99968,263,100032,100,99967,100,100033,100,99965,200,100056,100,99951,100,100088,100,99946,100,100095,100,99938,100,100096,100,99931,100,100101,100,99928,100,100109,100,99925,100
2019-06-28 09:38:00.000000000,100000,426,99988,526,100031,100,99968,100,100032,100,99967,100,100033,100,99965,200,100056,100,99951,100,100088,100,99946,100,100095,100,99938,100,100096,100,99931,100,100101,100,99928,100,100109,100,99925,100
2019-06-28 09:38:00.513738019,100000,326,99988,526,100031,100,99968,100,100032,100,99967,100,100033,100,99965,200,100056,100,99951,100,100088,100,99946,100,100095,100,99938,100,100096,100,99931,100,100101,100,99928,100,100109,100,99925,100
2019-06-28 09:38:10.000000000,100031,182,99988,282,100032,182,99968,182,100033,182,99967,182,100056,182,99965,282,100088,100,99951,100,100095,100,99946,100,100096,100,99938,100,100101,100,99931,100,100109,100,99928,100,100111,100,99925,100
2019-06-28 09:38:15.852423916,100031,182,99988,282,100032,182,99968,182,100033,182,99967,182,100056,182,99965,282,100088,100,99951,100,100094,100,99946,100,100095,100,99938,100,100096,100,99931,100,100101,100,99928,100,100109,100,99925,100
2019-06-28 09:38:20.000000000,100031,165,99988,265,100032,165,99968,165,100033,165,99967,165,100056,165,99965,265,100088,165,99951,165,100094,100,99946,100,100095,100,99938,100,100096,100,99931,100,100101,100,99928,100,100109,100,99925,100
2019-06-28 09:38:30.000000000,100031,165,99988,265,100032,165,99968,165,100033,165,99967,165,100056,165,99965,265,100088,165,99951,165,100094,100,99946,100,100095,100,99938,100,100096,100,99931,100,100101,100,99928,100,100109,100,99925,100
2019-06-28 09:38:30.660997102,100031,165,99988,265,100032,165,99968,165,100033,165,99967,165,100056,165,99965,265,100069,100,99951,165,100088,65,99946,100,100094,100,99938,100,100095,100,99931,100,100096,100,99928,100,100101,100,99925,100
2019-06-28 09:38:40.000000000,100031,182,99988,282,100032,182,99968,182,100033,182,99967,182,100056,182,99965,282,100069,100,99951,100,100094,100,99946,100,100095,100,99938,100,100096,100,99931,100,100101,100,99928,100,100109,100,99925,100
2019-06-28 09:38:49.271569542,100031,182,99988,282,100032,182,99968,182,100033,182,99967,182,100056,182,99965,282,100069,100,99951,100,100094,100,99946,100,100095,100,99938,100,100096,100,99931,100,100101,100,99928,100,100109,100,99925,100
2019-06-28 09:38:50.000000000,100031,211,99988,311,100032,208,99968,208,100033,208,99967,208,100056,100,99965,200,100069,100,99951,100,100094,100,99946,100,100095,100,99938,100,100096,100,99931,100,100101,100,99928,100,100109,100,99925,100
2019-06-28 09:39:00.000000000,100031,165,99988,265,100032,165,99968,165,100033,165,99967,165,100056,165,99965,265,100069,165,99951,165,100094,100,99946,100,100095,100,99938,100,100096,100,99931,100,100101,100,99928,100,100109,100,99925,100
2019-06-28 09:39:05.395610223,100031,165,99988,265,100032,165,99968,165,100033,165,99967,165,100056,165,99965,265,100069,165,99951,165,100094,100,99946,100,100095,100,99938,100,100096,100,99931,100,100101,100,99928,100,100109,100,99925,100
2019-06-28 09:39:10.000000000,100031,211,99988,311,100032,208,99968,208,100033,208,99967,208,100056,100,99965,200,100069,100,99951,100,100094,100,99946,100,100095,100,99938,100,100096,100,99931,100,100101,100,99928,100,100109,100,99925,100
2019-06-28 09:39:20.000000000,100031,426,99988,526,100032,100,99968,100,100033,100,99967,100,100056,100,99965,200,100069,100,99951,100,100094,100,99946,100,100095,100,99938,100,100096,100,99931,100,100101,100,99928,100,100109,100,99925,100
2019-06-28 09:39:30.000000000,100031,426,99988,526,100032,100,99968,100,100033,100,99967,100,100056,100,99965,200,100069,100,99951,100,100094,100,99946,100,100095,100,99938,100,100096,100,99931,100,100101,100,99928,100,100109,100,99925,100
2019-06-28 09:39:40.000000000,100031,426,99988,526,100032,100,99968,100,100033,100,99967,100,100056,100,99965,200,100069,100,99951,100,100094,100,99946,100,100095,100,99938,100,100096,100,99931,100,100101,100,99928,100,100109,100,99925,100
2019-06-28 09:39:43.065842993,100031,426,99988,426,100032,100,99968,100,100033,100,99967,100,100056,100,99965,200,100069,100,99951,100,100094,100,99946,100,100095,100,99938,100,100096,100,99931,100,100101,100,99928,100,100109,100,99925,100
2019-06-28 09:39:43.650530988,99990,100,99988,426,100031,426,99968,100,100032,100,99967,100,100033,100,99965,200,100056,100,99951,100,100069,100,99946,100,100094,100,99938,100,100095,100,99931,100,100096,100,99928,100,100101,100,99925,100
2019-06-28 09:39:50.000000000,99990,426,99988,426,100031,100,99968,100,100032,100,99967,100,100033,100,99965,200,100056,100,99951,100,100069,100,99946,100,100094,100,99938,100,100095,100,99931,100,100096,100,99928,100,100101,100,99925,100
2019-06-28 09:40:00.000000000,99990,426,99988,426,100031,100,99968,100,100032,100,99967,100,100033,100,99965,200,100056,100,99951,100,100069,100,99946,100,100094,100,99938,100,100095,100,99931,100,100096,100,99928,100,100101,100,99925,100
2019-06-28 09:40:07.395494414,99990,426,99988,326,100031,100,99968,100,100032,100,99967,100,100033,100,99965,200,100056,100,99951,100,100069,100,99946,100,100094,100,99938,100,100095,100,99931,100,100096,100,99928,100,100101,100,99925,100
2019-06-28 09:40:08.587423244,99990,426,99988,226,100031,100,99968,100,100032,100,99967,100,100033,100,99965,200,100056,100,99951,100,100069,100,99946,100,100094,100,99938,100,100095,100,99931,100,100096,100,99928,100,100101,100,99925,100
2019-06-28 09:40:10.000000000,99990,263,99968,263,100031,263,99967,263,100032,100,99965,200,100033,100,99951,100,100056,100,99946,100,100069,100,99938,100,100094,100,99931,100,100095,100,99928,100,100096,100,99925,100,100101,100,99904,100
2019-06-28 09:40:10.762387596,99990,263,99968,163,100031,263,99967,263,100032,100,99965,200,100033,100,99951,100,100056,100,99946,100,100069,100,99938,100,100094,100,99931,100,100095,100,99928,100,100096,100,99925,100,100101,100,99904,100
2019-06-28 09:40:20.000000000,99990,263,99967,263,100031,263,99965,363,100032,100,99951,100,100033,100,99946,100,100056,100,99938,100,100069,100,99931,100,100094,100,99928,100,100095,100,99925,100,100096,100,99904,100,100101,100,99886,100
2019-06-28 09:40:30.000000000,99990,426,99967,426,100031,100,99965,200,100032,100,99951,100,100033,100,99946,100,100056,100,99938,100,100069,100,99931,100,100094,100,99928,100,100095,100,99925,100,100096,100,99904,100,100101,100,99886,100
2019-06-28 09:40:40.000000000,99990,263,99967,263,100031,263,99965,363,100032,100,99951,100,100033,100,99946,100,100056,100,99938,100,100069,100,99931,100,100094,100,99928,100,100095,100,99925,100,100096,100,99904,100,100101,100,99886,100
2019-06-28 09:40:50.000000000,99990,211,99967,211,100031,208,99965,308,100032,208,99951,208,100033,100,99946,100,100056,100,99938,100,100069,100,99931,100,100094,100,99928,100,100095,100,99925,100,100096,100,99904,100,100101,100,99886,100
2019-06-28 09:40:57.559378099,99988,100,99967,211,99990,211,99965,308,100031,208,99951,208,100032,208,99946,100,100033,100,99938,100,100056,100,99931,100,100069,100,99928,100,100094,100,99925,100,100095,100,99904,100,100096,100,99886,100
2019-06-28 09:41:00.000000000,99988,182,99967,182,99990,182,99965,282,100031,182,99951,182,100032,182,99946,182,100033,100,99938,100,100056,100,99931,100,100069,100,99928,100,100094,100,99925,100,100095,100,99904,100,100096,100,99886,100
2019-06-28 09:41:10.000000000,99988,211,99967,211,99990,208,99965,308,100031,208,99951,208,100032,100,99946,100,100033,100,99938,100,100056,100,99931,100,100069,100,99928,100,100094,100,99925,100,100095,100,99904,100,100096,100,99886,100
2019-06-28 09:41:10.088718262,99988,311,99967,111,99990,208,99965,308,100031,208,99951,208,100032,100,99946,100,100033,100,99938,100,100056,100,99931,100,100069,100,99928,100,100094,100,99925,100,100095,100,99904,100,100096,100,99886,100
2019-06-28 09:41:17.276826217,99988,311,99967,11,99990,208,99965,208,100031,208,99951,208,100032,100,99946,100,100033,100,99938,100,100056,100,99931,100,100069,100,99928,100,100094,100,99925,100,100095,100,99904,100,100096,100,99886,100
2019-06-28 09:41:20.000000000,99988,526,99965,426,99990,100,99951,100,100031,100,99946,100,100032,100,99938,100,100033,100,99931,100,100056,100,99928,100,100069,100,99925,100,100094,100,99904,100,100095,100,99886,100,100096,100,99857,100
2019-06-28 09:41:24.132028233,99988,526,99965,426,99990,100,99951,100,100031,100,99946,100,100032,100,99938,100,100033,100,99931,100,100056,100,99928,100,100069,100,99925,100,100094,100,99904,100,100095,100,99886,100,100096,100,99857,100
2019-06-28 09:41:30.000000000,99988,311,99965,211,99990,208,99951,208,100031,208,99946,208,100032,100,99938,100,100033,100,99931,100,100056,100,99928,100,100069,100,99925,100,100094,100,99904,100,100095,100,99886,100,100096,100,99857,100
2019-06-28 09:41:33.032221677,99968,100,99965,211,99988,311,99951,208,99990,208,99946,208,100031,208,99938,100,100032,100,99931,100,100033,100,99928,100,100056,100,99925,100,100069,100,99904,100,100094,100,99886,100,100095,100,99857,100
2019-06-28 09:41:40.000000000,99968,165,99965,165,99988,265,99951,165,99990,165,99946,165,100031,165,99938,165,100032,165,99931,165,100033,100,99928,100,100056,100,99925,100,100069,100,99904,100,100094,100,99886,100,100095,100,99857,100
2019-06-28 09:41:43.524227401,99968,165,99965,165,99988,265,99951,165,99990,165,99946,65,100031,165,99938,165,100032,165,99931,165,100033,100,99928,100,100056,100,99925,100,100069,100,99904,100,100094,100,99886,100,100095,100,99857,100
2019-06-28 09:41:50.000000000,99968,263,99965,263,99988,363,99951,263,99990,100,99938,100,100031,100,99931,100,100032,100,99928,100,100033,100,99925,100,100056,100,99904,100,100069,100,99886,100,100094,100,99857,100,100095,100,99831,100
2019-06-28 09:42:00.000000000,99968,263,99965,263,99988,363,99951,263,99990,100,99938,100,100031,100,99931,100,100032,100,99928,100,100033,100,99925,100,100056,100,99904,100,100069,100,99886,100,100094,100,99857,100,100095,100,99831,100
2019-06-28 09:42:03.854617975,99968,263,99965,263,99988,363,99951,263,99990,100,99938,100,100031,100,99931,100,100032,100,99928,100,100033,100,99925,100,100056,100,99904,100,100069,100,99886,100,100094,100,99857,100,100095,100,99831,100
2019-06-28 09:42:10.000000000,99968,211,99965,211,99988,308,99951,208,99990,208,99938,208,100031,100,99931,100,100032,100,99928,100,100033,100,99925,100,100056,100,99904,100,100069,100,99886,100,100094,100,99857,100,100095,100,99831,100
2019-06-28 09:42:18.725776715,99968,211,99965,111,99988,308,99951,208,99990,208,99938,208,100031,100,99931,100,100032,100,99928,100,100033,100,99925,100,100056,100,99904,100,100069,100,99886,100,100094,100,99857,100,100095,100,99831,100
2019-06-28 09:42:20.000000000,99968,211,99951,211,99988,308,99938,208,99990,208,99931,208,100031,100,99928,100,100032,100,99925,100,100033,100,99904,100,100056,100,99886,100,100069,100,99857,100,100094,100,99831,100,100095,100,99758,100
2019-06-28 09:42:28.393291645,99968,211,99951,211,99988,308,99938,208,99990,208,99931,208,100031,100,99928,100,100032,100,99925,100,100033,100,99904,100,100056,100,99886,100,100069,100,99857,100,100094,100,99855,100,100096,100,99831,100
2019-06-28 09:42:30.000000000,99968,165,99951,165,99988,265,99938,165,99990,165,99931,165,100031,165,99928,165,100032,165,99925,165,100033,100,99904,100,100056,100,99886,100,100069,100,99857,100,100094,100,99855,100,100096,100,99831,100
2019-06-28 09:42:40.000000000,99968,182,99951,182,99988,282,99938,182,99990,182,99931,182,100031,182,99928,182,100032,100,99925,100,100033,100,99904,100,100056,100,99886,100,100069,100,99857,100,100094,100,99855,100,100096,100,99831,100
2019-06-28 09:42:50.000000000,99968,182,99951,182,99988,282,99938,182,99990,182,99931,182,100031,182,99928,182,100032,100,99925,100,100033,100,99904,100,100056,100,99886,100,100069,100,99857,100,100094,100,99855,100,100096,100,99831,100
2019-06-28 09:43:00.000000000,99968,426,99951,426,99988,200,99938,100,99990,100,99931,100,100031,100,99928,100,100032,100,99925,100,100033,100,99904,100,100056,100,99886,100,100069,100,99857,100,100094,100,99855,100,100096,100,99831,100
2019-06-28 09:43:06.524092594,99968,426,99951,426,99988,200,99938,100,99990,100,99931,100,100031,100,99928,100,100032,100,99925,100,100033,100,99904,100,100056,100,99886,100,100069,100,99857,100,100094,100,99855,100,100096,100,99831,100
2019-06-28 09:43:08.888162001,99967,100,99951,426,99968,426,99938,100,99988,200,99931,100,99990,100,99928,100,100031,100,99925,100,100032,100,99904,100,100033,100,99886,100,100056,100,99857,100,100069,100,99855,100,100094,100,99831,100
2019-06-28 09:43:10.000000000,99967,211,99951,211,99968,208,99938,208,99988,308,99931,208,99990,100,99928,100,100031,100,99925,100,100032,100,99904,100,100033,100,99886,100,100056,100,99857,100,100069,100,99855,100,100094,100,99831,100
2019-06-28 09:43:10.316887072,99967,211,99951,211,99968,208,99938,208,99988,308,99931,208,99990,100,99928,100,100031,100,99925,100,100032,100,99904,100,100033,100,99886,100,100056,100,99857,100,100069,100,99855,100,100094,100,99831,100
2019-06-28 09:43:20.000000000,99967,263,99951,263,99968,263,99938,263,99988,200,99931,100,99990,100,99928,100,100031,100,99925,100,100032,100,99904,100,100033,100,99886,100,100056,100,99857,100,100069,100,99855,100,100094,100,99831,100
2019-06-28 09:43:21.602554075,99967,263,99951,163,99968,263,99938,263,99988,200,99931,100,99990,100,99928,100,100031,100,99925,100,100032,100,99904,100,100033,100,99886,100,100056,100,99857,100,100069,100,99855,100,100094,100,99831,100
2019-06-28 09:43:30.000000000,99967,263,99938,263,99968,263,99931,263,99988,200,99928,100,99990,100,99925,100,100031,100,99904,100,100032,100,99886,100,100033,100,99857,100,100056,100,99855,100,100069,100,99831,100,100094,100,99758,100
2019-06-28 09:43:37.290820884,99967,263,99938,263,99968,263,99931,263,99988,200,99928,100,99990,100,99925,100,100031,100,99904,100,100032,100,99886,100,100033,100,99863,100,100056,100,99857,100,100069,100,99855,100,100094,100,99831,100
2019-06-28 09:43:40.000000000,99967,211,99938,211,99968,208,99931,208,99988,308,99928,208,99990,100,99925,100,100031,100,99904,100,100032,100,99886,100,100033,100,99863,100,100056,100,99857,100,100069,100,99855,100,100094,100,99831,100
2019-06-28 09:43:40.434251165,99965,100,99938,211,99967,211,99931,208,99968,208,99928,208,99988,308,99925,100,99990,100,99904,100,100031,100,99863,100,100032,100,99857,100,100033,100,99855,100,100056,100,99831,100,100069,100,99758,100
2019-06-28 09:43:48.259605852,99965,100,99938,111,99967,211,99931,208,99968,208,99928,208,99988,308,99925,100,99990,100,99904,100,100031,100,99863,100,100032,100,99857,100,100033,100,99855,100,100056,100,99831,100,100069,100,99758,100
2019-06-28 09:43:50.000000000,99965,211,99931,211,99967,208,99928,208,99968,208,99925,208,99988,200,99904,100,99990,100,99863,100,100031,100,99857,100,100032,100,99855,100,100033,100,99831,100,100056,100,99758,100,100069,100,99649,100
2019-06-28 09:43:56.285664755,99942,100,99931,211,99965,211,99928,208,99967,208,99925,208,99968,208,99904,100,99988,200,99863,100,99990,100,99857,100,100031,100,99855,100,100032,100,99831,100,100033,100,99758,100,100056,100,99649,100
2019-06-28 09:43:56.654668621,99942,100,99931,211,99965,211,99928,208,99967,208,99925,208,99968,208,99904,100,99988,200,99863,100,99990,100,99857,100,100031,100,99855,100,100032,100,99831,100,100033,100,99786,100,100056,100,99758,100
2019-06-28 09:44:00.000000000,99942,182,99931,182,99965,182,99928,182,99967,182,99925,182,99968,182,99904,182,99988,200,99863,100,99990,100,99857,100,100031,100,99855,100,100032,100,99831,100,100033,100,99786,100,100056,100,99758,100
2019-06-28 09:44:01.732272829,99942,182,99931,82,99965,182,99928,182,99967,182,99925,182,99968,182,99904,182,99988,200,99863,100,99990,100,99857,100,100031,100,99855,100,100032,100,99831,100,100033,100,99786,100,100056,100,99758,100
2019-06-28 09:44:10.000000000,99942,165,99928,165,99965,165,99925,165,99967,165,99904,165,99968,165,99863,165,99988,265,99857,165,99990,100,99855,100,100031,100,99831,100,100032,100,99786,100,100033,100,99758,100,100056,100,99649,100
2019-06-28 09:44:14.584113863,99942,165,99928,65,99965,165,99925,165,99967,165,99904,165,99968,165,99863,165,99988,265,99857,165,99990,100,99855,100,100031,100,99831,100,100032,100,99786,100,100033,100,99758,100,100056,100,99649,100
2019-06-28 09:44:20.000000000,99942,211,99925,211,99965,208,99904,208,99967,208,99863,208,99968,100,99857,100,99988,200,99855,100,99990,100,99831,100,100031,100,99786,100,100032,100,99758,100,100033,100,99649,100,100056,100,99633,100
2019-06-28 09:44:26.485464351,99942,211,99925,211,99965,208,99904,208,99967,208,99863,208,99968,100,99857,100,99988,200,99855,100,99990,100,99831,100,100031,100,99822,100,100032,100,99786,100,100033,100,99758,100,100056,100,99649,100
2019-06-28 09:44:30.000000000,99942,165,99925,165,99965,165,99904,165,99967,165,99863,165,99968,165,99857,165,99988,265,99855,165,99990,100,99831,100,100031,100,99822,100,100032,100,99786,100,100033,100,99758,100,100056,100,99649,100
2019-06-28 09:44:40.000000000,99942,165,99925,165,99965,165,99904,165,99967,165,99863,165,99968,165,99857,165,99988,265,99855,165,99990,100,99831,100,100031,100,99822,100,100032,100,99786,100,100033,100,99758,100,100056,100,99649,100
2019-06-28 09:44:50.000000000,99942,426,99925,426,99965,100,99904,100,99967,100,99863,100,99968,100,99857,100,99988,200,99855,100,99990,100,99831,100,100031,100,99822,100,100032,100,99786,100,100033,100,99758,100,100056,100,99649,100
2019-06-28 09:44:57.308073665,99931,100,99925,426,99942,426,99904,100,99965,100,99863,100,99967,100,99857,100,99968,100,99855,100,99988,200,99831,100,99990,100,99822,100,100031,100,99786,100,100032,100,99758,100,100033,100,99649,100
2019-06-28 09:44:59.264362889,99931,100,99925,326,99942,426,99904,100,99965,100,99863,100,99967,100,99857,100,99968,100,99855,100,99988,200,99831,100,99990,100,99822,100,100031,100,99786,100,100032,100,99758,100,100033,100,99633,100
2019-06-28 09:45:00.000000000,99931,182,99904,182,99942,182,99863,182,99965,182,99857,182,99967,182,99855,182,99968,100,99831,100,99988,200,99822,100,99990,100,99786,100,100031,100,99758,100,100032,100,99633,100,100033,100,99624,100
2019-06-28 09:45:10.000000000,99931,182,99904,182,99942,182,99863,182,99965,182,99857,182,99967,182,99855,182,99968,100,99831,100,99988,200,99822,100,99990,100,99786,100,100031,100,99758,100,100032,100,99633,100,100033,100,99624,100
2019-06-28 09:45:10.081215653,99931,182,99904,82,99942,182,99863,182,99965,182,99857,182,99967,182,99855,182,99968,100,99831,100,99988,200,99822,100,99990,100,99786,100,100031,100,99758,100,100032,100,99633,100,100033,100,99624,100
2019-06-28 09:45:20.000000000,99931,165,99863,165,99942,165,99857,165,99965,165,99855,165,99967,165,99831,165,99968,165,99822,165,99988,200,99786,100,99990,100,99758,100,100031,100,99633,100,100032,100,99624,100,100033,100,99549,100
2019-06-28 09:45:30.000000000,99931,165,99863,165,99942,165,99857,165,99965,165,99855,165,99967,165,99831,165,99968,165,99822,165,99988,200,99786,100,99990,100,99758,100,100031,100,99633,100,100032,100,99624,100,100033,100,99549,100
2019-06-28 09:45:40.000000000,99931,165,99863,165,99942,165,99857,165,99965,165,99855,165,99967,165,99831,165,99968,165,99822,165,99988,200,99786,100,99990,100,99758,100,100031,100,99633,100,100032,100,99624,100,100033,100,99549,100
2019-06-28 09:45:45.976568101,99930,100,99863,165,99931,165,99857,165,99942,165,99855,165,99965,165,99831,165,99967,165,99822,165,99968,165,99786,100,99988,200,99758,100,99990,100,99633,100,100031,100,99549,100,100032,100,99405,100
2019-06-28 09:45:46.854610289,99928,100,99863,165,99930,100,99857,165,99931,165,99855,165,99942,165,99831,165,99965,165,99822,165,99967,165,99786,100,99968,165,99758,100,99988,200,99633,100,99990,100,99549,100,100031,100,99405,100
2019-06-28 09:45:50.000000000,99928,263,99863,263,99930,263,99857,263,99931,100,99855,100,99942,100,99831,100,99965,100,99822,100,99967,100,99786,100,99968,100,99758,100,99988,200,99633,100,99990,100,99549,100,100031,100,99405,100
2019-06-28 09:46:00.000000000,99928,182,99863,182,99930,182,99857,182,99931,182,99855,182,99942,182,99831,182,99965,100,99822,100,99967,100,99786,100,99968,100,99758,100,99988,200,99633,100,99990,100,99549,100,100031,100,99405,100
2019-06-28 09:46:06.823368944,99928,282,99863,182,99930,182,99857,182,99931,182,99855,182,99942,182,99831,182,99965,100,99822,100,99967,100,99786,100,99968,100,99758,100,99988,200,99633,100,99990,100,99549,100,100031,100,99405,100
2019-06-28 09:46:10.000000000,99928,526,99863,426,99930,100,99857,100,99931,100,99855,100,99942,100,99831,100,99965,100,99822,100,99967,100,99786,100,99968,100,99758,100,99988,200,99633,100,99990,100,99549,100,100031,100,99405,100
2019-06-28 09:46:20.000000000,99928,363,99863,263,99930,263,99857,263,99931,100,99855,100,99942,100,99831,100,99965,100,99822,100,99967,100,99786,100,99968,100,99758,100,99988,200,99633,100,99990,100,99549,100,100031,100,99405,100
2019-06-28 09:46:20.635097507,99928,363,99863,163,99930,263,99857,263,99931,100,99855,100,99942,100,99831,100,99965,100,99822,100,99967,100,99786,100,99968,100,99758,100,99988,200,99633,100,99990,100,99549,100,100031,100,99405,100
2019-06-28 09:46:21.699253159,99928,363,99863,63,99930,263,99857,263,99931,100,99855,100,99942,100,99831,100,99965,100,99822,100,99967,100,99786,100,99968,100,99758,100,99988,200,99633,100,99990,100,99549,100,100031,100,99405,100
2019-06-28 09:46:25.935764405,99863,37,99857,263,99928,363,99855,100,99930,263,99831,100,99931,100,99822,100,99942,100,99786,100,99965,100,99758,100,99967,100,99633,100,99968,100,99549,100,99988,200,99405,100,99990,100,99294,100
2019-06-28 09:46:30.000000000,99863,200,99857,263,99928,363,99855,263,99930,100,99831,100,99931,100,99822,100,99942,100,99786,100,99965,100,99758,100,99967,100,99633,100,99968,100,99549,100,99988,200,99405,100,99990,100,99294,100
2019-06-28 09:46:37.971845617,99863,300,99857,263,99928,363,99855,263,99930,100,99831,100,99931,100,99822,100,99942,100,99786,100,99965,100,99758,100,99967,100,99633,100,99968,100,99549,100,99988,200,99405,100,99990,100,99294,100
2019-06-28 09:46:40.000000000,99863,202,99857,165,99928,265,99855,165,99930,165,99831,165,99931,165,99822,165,99942,165,99786,165,99965,100,99758,100,99967,100,99633,100,99968,100,99549,100,99988,200,99405,100,99990,100,99294,100
2019-06-28 09:46:50.000000000,99863,202,99857,165,99928,265,99855,165,99930,165,99831,165,99931,165,99822,165,99942,165,99786,165,99965,100,99758,100,99967,100,99633,100,99968,100,99549,100,99988,200,99405,100,99990,100,99294,100
2019-06-28 09:46:51.460582382,99863,202,99857,165,99928,265,99855,165,99930,65,99831,165,99931,165,99822,165,99942,165,99786,165,99965,100,99758,100,99967,100,99633,100,99968,100,99549,100,99988,200,99405,100,99990,100,99399,100
2019-06-28 09:46:59.037374204,99863,202,99857,65,99928,265,99855,165,99930,65,99831,165,99931,165,99822,165,99942,165,99786,165,99965,100,99633,100,99967,100,99549,100,99968,100,99405,100,99988,200,99399,100,99990,100,99294,100
2019-06-28 09:47:00.000000000,99863,202,99855,165,99928,265,99831,165,99931,165,99822,165,99942,165,99786,165,99965,165,99633,165,99967,100,99549,100,99968,100,99405,100,99988,200,99399,100,99990,100,99294,100,100031,100,99216,100
2019-06-28 09:47:10.000000000,99863,300,99855,263,99928,363,99831,263,99931,100,99822,100,99942,100,99786,100,99965,100,99633,100,99967,100,99549,100,99968,100,99405,100,99988,200,99399,100,99990,100,99294,100,100031,100,99216,100
2019-06-28 09:47:17.336705080,99862,100,99855,263,99863,300,99831,263,99928,363,99822,100,99931,100,99786,100,99942,100,99633,100,99965,100,99549,100,99967,100,99405,100,99988,200,99399,100,99990,100,99294,100,100031,100,99216,100
2019-06-28 09:47:20.000000000,99862,165,99855,165,99863,202,99831,165,99928,265,99822,165,99931,165,99786,165,99942,165,99633,165,99965,100,99549,100,99967,100,99405,100,99988,200,99399,100,99990,100,99294,100,100031,100,99216,100
2019-06-28 09:47:30.000000000,99862,182,99855,182,99863,219,99831,182,99928,282,99822,182,99931,182,99786,182,99942,100,99633,100,99965,100,99549,100,99967,100,99405,100,99988,200,99399,100,99990,100,99294,100,100031,100,99216,100
2019-06-28 09:47:35.785107071,99862,182,99855,82,99863,219,99831,182,99928,282,99822,182,99931,182,99786,182,99942,100,99633,100,99965,100,99549,100,99967,100,99405,100,99988,200,99294,100,99990,100,99216,100,100031,100,,
2019-06-28 09:47:40.000000000,99862,211,99831,211,99863,245,99822,208,99928,308,99786,208,99931,100,99633,100,99942,100,99549,100,99965,100,99405,100,99967,100,99294,100,99988,200,99216,100,99990,100,,,100031,100,,
2019-06-28 09:47:48.822713808,99862,211,99831,211,99863,245,99822,208,99928,308,99786,208,99931,100,99633,100,99942,100,99549,100,99965,100,99453,100,99967,100,99405,100,99988,200,99294,100,99990,100,99216,100,100032,100,,
2019-06-28 09:47:50.000000000,99862,165,99831,165,99863,202,99822,165,99928,265,99786,165,99931,165,99633,165,99942,165,99549,165,99965,100,99453,100,99967,100,99405,100,99988,200,99294,100,99990,100,99216,100,100032,100,,
2019-06-28 09:47:56.586990498,99857,100,99831,165,99862,165,99822,165,99863,202,99786,165,99928,265,99633,165,99931,165,99549,165,99942,165,99453,100,99967,100,99405,100,99988,200,99294,100,99990,100,99216,100,100032,100,,
2019-06-28 09:48:00.000000000,99857,211,99831,211,99862,208,99822,208,99863,245,99786,208,99928,200,99633,100,99931,100,99549,100,99942,100,99453,100,99967,100,99405,100,99988,200,99294,100,99990,100,99216,100,100032,100,,
2019-06-28 09:48:10.000000000,99857,165,99831,165,99862,165,99822,165,99863,202,99786,165,99928,265,99633,165,99931,165,99549,165,99942,100,99453,100,99967,100,99405,100,99988,200,99294,100,99990,100,99216,100,100032,100,,
2019-06-28 09:48:15.341592052,99857,165,99831,65,99862,165,99822,165,99863,202,99786,165,99928,265,99633,165,99931,165,99549,165,99942,100,99453,100,99967,100,99405,100,99988,200,99294,100,99990,100,99216,100,100032,100,,
2019-06-28 09:48:18.578229671,99855,100,99831,65,99857,165,99822,165,99862,165,99786,165,99863,202,99633,165,99928,165,99549,165,99931,165,99453,100,99942,100,99405,100,99967,100,99294,100,99988,200,99216,100,99990,100,,
2019-06-28 09:48:20.000000000,99855,182,99822,182,99857,182,99786,182,99862,182,99633,182,99863,219,99549,182,99928,100,99453,100,99931,100,99405,100,99942,100,99294,100,99967,100,99216,100,99988,200,,,99990,100,,
2019-06-28 09:48:30.000000000,99855,263,99822,263,99857,263,99786,263,99862,100,99633,100,99863,137,99549,100,99928,100,99453,100,99931,100,99405,100,99942,100,99294,100,99967,100,99216,100,99988,200,,,99990,100,,
2019-06-28 09:48:40.000000000,99855,211,99822,211,99857,208,99786,208,99862,208,99633,208,99863,137,99549,100,99928,100,99453,100,99931,100,99405,100,99942,100,99294,100,99967,100,99216,100,99988,200,,,99990,100,,
2019-06-28 09:48:40.613618119,99855,211,99822,211,99857,208,99786,208,99862,208,99633,208,99863,137,99549,100,99928,100,99482,100,99931,100,99453,100,99942,100,99405,100,99967,100,99294,100,99988,200,99216,100,99990,100,,
2019-06-28 09:48:50.000000000,99855,263,99822,263,99857,263,99786,263,99862,100,99633,100,99863,137,99549,100,99928,100,99482,100,99931,100,99453,100,99942,100,99405,100,99967,100,99294,100,99988,200,99216,100,99990,100,,
2019-06-28 09:49:00.000000000,99855,165,99822,165,99857,165,99786,165,99862,165,99633,165,99863,202,99549,165,99928,165,99482,165,99931,100,99453,100,99942,100,99405,100,99967,100,99294,100,99988,200,99216,100,99990,100,,
2019-06-28 09:49:07.961111329,99855,265,99822,165,99857,165,99786,165,99862,165,99633,165,99863,202,99549,165,99928,165,99482,165,99931,100,99453,100,99942,100,99405,100,99967,100,99294,100,99988,200,99216,100,99990,100,,
2019-06-28 09:49:10.000000000,99855,282,99822,182,99857,182,99786,182,99862,182,99633,182,99863,219,99549,182,99928,100,99482,100,99931,100,99453,100,99942,100,99405,100,99967,100,99294,100,99988,200,99216,100,99990,100,,
2019-06-28 09:49:13.690496207,99855,282,99822,182,99857,182,99786,182,99862,182,99633,182,99863,219,99588,100,99928,100,99549,182,99931,100,99453,100,99942,100,99405,100,99967,100,99294,100,99988,200,99216,100,99990,100,,
2019-06-28 09:49:20.000000000,99855,265,99822,165,99857,165,99786,165,99862,165,99633,165,99863,202,99588,165,99928,165,99549,165,99931,100,99453,100,99942,100,99405,100,99967,100,99294,100,99988,200,99216,100,99990,100,,
2019-06-28 09:49:30.000000000,99855,265,99822,165,99857,165,99786,165,99862,165,99633,165,99863,202,99588,165,99928,165,99549,165,99931,100,99453,100,99942,100,99405,100,99967,100,99294,100,99988,200,99216,100,99990,100,,
2019-06-28 09:49:39.393897761,99855,265,99822,165,99857,165,99786,165,99862,165,99657,100,99863,202,99633,165,99928,165,99588,165,99931,100,99549,165,99942,100,99453,100,99967,100,99405,100,99988,200,99294,100,99990,100,99216,100
2019-06-28 09:49:40.000000000,99855,363,99822,263,99857,263,99786,263,99862,100,99657,100,99863,137,99633,100,99928,100,99588,100,99931,100,99549,100,99942,100,99453,100,99967,100,99405,100,99988,200,99294,100,99990,100,99216,100
2019-06-28 09:49:43.184590583,99855,363,99822,163,99857,263,99786,263,99862,100,99657,100,99863,137,99633,100,99928,100,99588,100,99931,100,99549,100,99942,100,99453,100,99967,100,99405,100,99988,200,99294,100,99990,100,99216,100
2019-06-28 09:49:49.690258892,99831,100,99822,163,99855,363,99786,263,99857,263,99657,100,99862,100,99633,100,99863,137,99588,100,99928,100,99549,100,99931,100,99453,100,99942,100,99405,100,99967,100,99294,100,99988,200,99216,100
2019-06-28 09:49:50.000000000,99831,165,99786,165,99855,265,99657,165,99857,165,99633,165,99862,165,99588,165,99863,202,99549,165,99928,100,99453,100,99931,100,99405,100,99942,100,99294,100,99967,100,99216,100,99988,200,,
2019-06-28 09:50:00.000000000,99831,211,99786,211,99855,308,99657,208,99857,208,99633,208,99862,100,99588,100,99863,137,99549,100,99928,100,99453,100,99931,100,99405,100,99942,100,99294,100,99967,100,99216,100,99988,200,,
2019-06-28 09:50:03.234090001,99831,211,99786,11,99855,308,99657,208,99857,208,99633,208,99862,100,99588,100,99863,137,99549,100,99928,100,99453,100,99931,100,99405,100,99942,100,99294,100,99967,100,99216,100,99988,200,,
2019-06-28 09:50:09.668729744,99822,100,99786,11,99831,211,99657,208,99855,308,99633,208,99857,208,99588,100,99862,100,99549,100,99863,137,99453,100,99928,100,99405,100,99931,100,99294,100,99942,100,99216,100,99967,100,,
2019-06-28 09:50:10.000000000,99822,165,99657,165,99831,165,99633,165,99855,265,99588,165,99857,165,99549,165,99862,165,99453,165,99863,137,99405,100,99928,100,99294,100,99931,100,99216,100,99942,100,,,99967,100,,
2019-06-28 09:50:18.161296227,99822,165,99657,65,99831,165,99633,165,99855,265,99588,165,99857,165,99549,165,99862,165,99453,165,99863,137,99405,100,99928,100,99294,100,99931,100,99216,100,99942,100,,,99967,100,,
2019-06-28 09:50:20.000000000,99822,211,99633,211,99831,208,99588,208,99855,308,99549,208,99857,100,99453,100,99862,100,99405,100,99863,137,99294,100,99928,100,99216,100,99931,100,,,99942,100,,,99967,100,,
2019-06-28 09:50:26.330571019,99822,211,99633,211,99831,208,99588,208,99855,308,99549,208,99857,100,99453,100,99862,100,99405,100,99863,137,99294,100,99928,100,99216,100,99931,100,,,99942,100,,,99967,100,,
2019-06-28 09:50:27.920640785,99822,211,99655,100,99831,208,99633,211,99855,308,99588,208,99857,100,99549,208,99862,100,99453,100,99863,137,99405,100,99928,100,99216,100,99931,100,,,99942,100,,,99967,100,,
2019-06-28 09:50:28.794948238,99786,100,99655,100,99822,211,99633,211,99831,208,99588,208,99855,208,99549,208,99857,100,99453,100,99862,100,99405,100,99863,137,99216,100,99928,100,,,99931,100,,,99942,100,,
2019-06-28 09:50:30.000000000,99786,182,99655,182,99822,182,99633,182,99831,182,99588,182,99855,182,99549,182,99857,100,99453,100,99862,100,99405,100,99863,137,99216,100,99928,100,,,99931,100,,,99942,100,,
2019-06-28 09:50:40.000000000,99786,263,99655,263,99822,263,99633,263,99831,100,99588,100,99855,100,99549,100,99857,100,99453,100,99862,100,99405,100,99863,137,99216,100,99928,100,,,99931,100,,,99942,100,,
2019-06-28 09:50:41.253717104,99786,263,99655,263,99822,263,99633,263,99831,100,99588,100,99855,100,99549,100,99857,100,99453,100,99862,100,99405,100,99863,137,99216,100,99911,100,,,99928,100,,,99931,100,,
2019-06-28 09:50:42.445491677,99786,363,99655,263,99822,263,99633,263,99831,100,99588,100,99855,100,99549,100,99857,100,99453,100,99862,100,99405,100,99863,137,99216,100,99911,100,,,99928,100,,,99931,100,,
2019-06-28 09:50:50.000000000,99786,282,99655,182,99822,182,99633,182,99831,182,99588,182,99855,182,99549,182,99857,100,99453,100,99862,100,99405,100,99863,137,99216,100,99911,100,,,99928,100,,,99931,100,,
2019-06-28 09:51:00.000000000,99786,265,99655,165,99822,165,99633,165,99831,165,99588,165,99855,165,99549,165,99857,165,99453,165,99862,100,99405,100,99863,137,99216,100,99911,100,,,99928,100,,,99931,100,,
2019-06-28 09:51:05.486098322,99786,265,99655,65,99822,165,99633,165,99831,165,99588,165,99855,165,99549,165,99857,165,99453,165,99862,100,99405,100,99863,137,99216,100,99911,100,,,99928,100,,,99931,100,,
2019-06-28 09:51:10.000000000,99786,282,99633,182,99822,182,99588,182,99831,182,99549,182,99855,182,99453,182,99857,100,99405,100,99862,100,99216,100,99863,137,,,99911,100,,,99928,100,,,99931,100,,
2019-06-28 09:51:13.212044140,99786,282,99718,100,99822,182,99633,182,99831,182,99588,182,99855,182,99549,182,99857,100,99453,182,99862,100,99405,100,99863,137,99216,100,99911,100,,,99928,100,,,99931,100,,
2019-06-28 09:51:14.851198841,99786,282,99633,182,99822,182,99588,182,99831,182,99549,182,99855,182,99453,182,99857,100,99405,100,99862,100,99216,100,99863,137,,,99911,100,,,99928,100,,,99931,100,,
2019-06-28 09:51:20.000000000,99786,282,99633,182,99822,182,99588,182,99831,182,99549,182,99855,182,99453,182,99857,100,99405,100,99862,100,99216,100,99863,137,,,99911,100,,,99928,100,,,99931,100,,
2019-06-28 09:51:21.950372277,99718,100,99633,182,99786,282,99588,182,99822,182,99549,182,99831,182,99453,182,99855,182,99405,100,99857,100,99216,100,99862,100,,,99863,137,,,99911,100,,,99928,100,,
2019-06-28 09:51:22.697470899,99718,200,99633,182,99786,282,99588,182,99822,182,99549,182,99831,182,99453,182,99855,182,99405,100,99857,100,99216,100,99863,137,,,99911,100,,,99928,100,,,99931,100,,
2019-06-28 09:51:29.631397240,99708,100,99633,182,99718,200,99588,182,99786,282,99549,182,99822,182,99453,182,99831,182,99405,100,99855,182,99216,100,99857,100,,,99863,137,,,99911,100,,,99928,100,,
2019-06-28 09:51:30.000000000,99708,165,99633,165,99718,265,99588,165,99786,265,99549,165,99822,165,99453,165,99831,165,99405,165,99855,100,99216,100,99857,100,,,99863,137,,,99911,100,,,99928,100,,
2019-06-28 09:51:40.000000000,99708,211,99633,211,99718,308,99588,208,99786,308,99549,208,99822,100,99453,100,99831,100,99405,100,99855,100,99216,100,99857,100,,,99863,137,,,99911,100,,,99928,100,,
2019-06-28 09:51:50.000000000,99708,211,99633,211,99718,308,99588,208,99786,308,99549,208,99822,100,99453,100,99831,100,99405,100,99855,100,99216,100,99857,100,,,99863,137,,,99911,100,,,99928,100,,
2019-06-28 09:51:58.062182090,99708,211,99633,211,99718,408,99588,208,99786,308,99549,208,99822,100,99453,100,99831,100,99405,100,99855,100,99216,100,99857,100,,,99863,37,,,99911,100,,,99928,100,,
2019-06-28 09:52:00.000000000,99708,263,99633,263,99718,463,99588,263,99786,200,99549,100,99822,100,99453,100,99831,100,99405,100,99855,100,99216,100,99857,100,,,99863,37,,,99911,100,,,99928,100,,
2019-06-28 09:52:06.361742924,99708,263,99633,263,99718,463,99588,263,99786,200,99549,100,99822,100,99453,100,99831,100,99405,100,99855,100,99216,100,99857,100,99143,100,99863,37,,,99911,100,,,99928,100,,
2019-06-28 09:52:10.000000000,99708,426,99633,426,99718,300,99588,100,99786,200,99549,100,99822,100,99453,100,99831,100,99405,100,99855,100,99216,100,99857,100,99143,100,99863,37,,,99911,100,,,99928,100,,
2019-06-28 09:52:15.589314845,99708,426,99633,326,99718,300,99588,100,99786,200,99549,100,99822,100,99453,100,99831,100,99405,100,99855,100,99216,100,99857,100,99143,100,99863,37,,,99911,100,,,99928,100,,
2019-06-28 09:52:20.000000000,99708,165,99588,165,99718,365,99549,165,99786,265,99453,165,99822,165,99405,165,99831,165,99216,165,99855,100,99143,100,99857,100,,,99863,37,,,99911,100,,,99928,100,,
2019-06-28 09:52:26.039240944,99707,100,99588,165,99708,165,99549,165,99718,365,99453,165,99786,165,99405,165,99822,165,99216,165,99831,165,99143,100,99855,100,,,99857,100,,,99863,37,,,99911,100,,
2019-06-28 09:52:30.000000000,99707,263,99588,263,99708,263,99549,263,99718,300,99453,100,99786,100,99405,100,99822,100,99216,100,99831,100,99143,100,99855,100,,,99857,100,,,99863,37,,,99911,100,,
2019-06-28 09:52:40.000000000,99707,211,99588,211,99708,208,99549,208,99718,408,99453,208,99786,100,99405,100,99822,100,99216,100,99831,100,99143,100,99855,100,,,99857,100,,,99863,37,,,99911,100,,
2019-06-28 09:52:45.994411778,99676,100,99588,211,99707,211,99549,208,99708,208,99453,208,99718,408,99405,100,99786,100,99216,100,99822,100,99143,100,99831,100,,,99855,100,,,99857,100,,,99863,37,,
2019-06-28 09:52:50.000000000,99676,263,99588,263,99707,263,99549,263,99708,100,99453,100,99718,300,99405,100,99786,100,99216,100,99822,100,99143,100,99831,100,,,99855,100,,,99857,100,,,99863,37,,
2019-06-28 09:52:57.659388551,99676,263,99588,263,99707,263,99549,263,99708,100,99453,100,99718,300,99405,100,99786,100,99216,100,99822,100,99158,100,99831,100,99143,100,99855,100,,,99857,100,,,99863,37,,
2019-06-28 09:53:00.000000000,99676,426,99588,426,99707,100,99549,100,99708,100,99453,100,99718,300,99405,100,99786,100,99216,100,99822,100,99158,100,99831,100,99143,100,99855,100,,,99857,100,,,99863,37,,
2019-06-28 09:53:10.000000000,99676,165,99588,165,99707,165,99549,165,99708,165,99453,165,99718,365,99405,165,99786,165,99216,165,99822,100,99158,100,99831,100,99143,100,99855,100,,,99857,100,,,99863,37,,
2019-06-28 09:53:20.000000000,99676,182,99588,182,99707,182,99549,182,99708,182,99453,182,99718,382,99405,182,99786,100,99216,100,99822,100,99158,100,99831,100,99143,100,99855,100,,,99857,100,,,99863,37,,
2019-06-28 09:53:30.000000000,99676,165,99588,165,99707,165,99549,165,99708,165,99453,165,99718,365,99405,165,99786,165,99216,165,99822,100,99158,100,99831,100,99143,100,99855,100,,,99857,100,,,99863,37,,
2019-06-28 09:53:34.057966588,99676,165,99588,165,99707,165,99549,165,99708,165,99453,165,99718,365,99405,165,99786,165,99216,165,99822,100,99158,100,99831,100,99143,100,99855,100,98831,100,99857,100,,,99863,37,,
2019-06-28 09:53:40.000000000,99676,211,99588,211,99707,208,99549,208,99708,208,99453,208,99718,300,99405,100,99786,100,99216,100,99822,100,99158,100,99831,100,99143,100,99855,100,98831,100,99857,100,,,99863,37,,
2019-06-28 09:53:50.000000000,99676,426,99588,426,99707,100,99549,100,99708,100,99453,100,99718,300,99405,100,99786,100,99216,100,99822,100,99158,100,99831,100,99143,100,99855,100,98831,100,99857,100,,,99863,37,,
2019-06-28 09:53:58.078803006,99676,426,99588,426,99707,100,99549,100,99708,100,99453,100,99718,300,99405,100,99786,100,99216,100,99822,100,99158,100,99831,100,99143,100,99855,100,98907,100,99857,100,98831,100,99863,37,,
2019-06-28 09:54:00.000000000,99676,263,99588,263,99707,263,99549,263,99708,100,99453,100,99718,300,99405,100,99786,100,99216,100,99822,100,99158,100,99831,100,99143,100,99855,100,98907,100,99857,100,98831,100,99863,37,,
2019-06-28 09:54:10.000000000,99676,263,99588,263,99707,263,99549,263,99708,100,99453,100,99718,300,99405,100,99786,100,99216,100,99822,100,99158,100,99831,100,99143,100,99855,100,98907,100,99857,100,98831,100,99863,37,,
2019-06-28 09:54:12.243350231,99676,263,99588,263,99707,263,99549,263,99708,100,99453,100,99718,300,99405,100,99786,100,99216,100,99822,100,99158,100,99831,100,99143,100,99855,100,99036,100,99857,100,98907,100,99863,37,98831,100
2019-06-28 09:54:20.000000000,99676,263,99588,263,99707,263,99549,263,99708,100,99453,100,99718,300,99405,100,99786,100,99216,100,99822,100,99158,100,99831,100,99143,100,99855,100,99036,100,99857,100,98907,100,99863,37,98831,100
2019-06-28 09:54:30.000000000,99676,211,99588,211,99707,208,99549,208,99708,208,99453,208,99718,300,99405,100,99786,100,99216,100,99822,100,99158,100,99831,100,99143,100,99855,100,99036,100,99857,100,98907,100,99863,37,98831,100
2019-06-28 09:54:33.606553717,99676,211,99588,211,99707,308,99549,208,99708,208,99453,208,99718,300,99405,100,99786,100,99216,100,99822,100,99158,100,99831,100,99143,100,99855,100,99036,100,99857,100,98907,100,99863,37,98831,100
2019-06-28 09:54:34.796066208,99676,211,99588,211,99707,308,99549,208,99708,208,99453,208,99718,300,99405,100,99786,100,99240,100,99822,100,99216,100,99831,100,99158,100,99855,100,99143,100,99857,100,99036,100,99863,37,98907,100
2019-06-28 09:54:40.000000000,99676,211,99588,211,99707,308,99549,208,99708,208,99453,208,99718,300,99405,100,99786,100,99240,100,99822,100,99216,100,99831,100,99158,100,99855,100,99143,100,99857,100,99036,100,99863,37,98907,100
2019-06-28 09:54:50.000000000,99676,263,99588,263,99707,363,99549,263,99708,100,99453,100,99718,300,99405,100,99786,100,99240,100,99822,100,99216,100,99831,100,99158,100,99855,100,99143,100,99857,100,99036,100,99863,37,98907,100
2019-06-28 09:55:00.000000000,99676,182,99588,182,99707,282,99549,182,99708,182,99453,182,99718,382,99405,182,99786,100,99240,100,99822,100,99216,100,99831,100,99158,100,99855,100,99143,100,99857,100,99036,100,99863,37,98907,100
2019-06-28 09:55:04.134284081,99676,182,99588,182,99707,182,99549,182,99708,182,99453,182,99718,382,99405,182,99786,100,99240,100,99822,100,99216,100,99831,100,99158,100,99855,100,99143,100,99857,100,99036,100,99863,37,98907,100
2019-06-28 09:55:10.000000000,99676,211,99588,211,99707,208,99549,208,99708,208,99453,208,99718,300,99405,100,99786,100,99240,100,99822,100,99216,100,99831,100,99158,100,99855,100,99143,100,99857,100,99036,100,99863,37,98907,100
2019-06-28 09:55:11.308261535,99676,211,99588,211,99707,208,99549,208,99708,208,99453,208,99718,300,99405,100,99786,100,99240,100,99822,100,99216,100,99831,100,99158,100,99855,100,99143,100,99857,100,99036,100,99863,37,98907,100
2019-06-28 09:55:20.000000000,99676,165,99588,165,99707,165,99549,165,99708,165,99453,165,99718,365,99405,165,99786,165,99240,165,99822,100,99216,100,99831,100,99158,100,99855,100,99143,100,99857,100,99036,100,99863,37,98907,100
2019-06-28 09:55:21.268678814,99676,165,99588,165,99707,165,99549,165,99708,165,99453,165,99718,365,99405,165,99786,165,99240,165,99822,100,99216,100,99831,100,99158,100,99855,100,99143,100,99857,100,99036,100,99863,37,98997,100
2019-06-28 09:55:24.669186006,99676,165,99588,165,99707,165,99549,165,99708,165,99453,165,99718,365,99405,165,99786,165,99240,165,99822,100,99216,100,99831,100,99158,100,99855,100,99143,100,99857,100,99036,100,99863,37,98997,100
2019-06-28 09:55:30.000000000,99676,263,99588,263,99707,263,99549,263,99708,100,99453,100,99718,300,99405,100,99786,100,99240,100,99822,100,99216,100,99831,100,99158,100,99855,100,99143,100,99857,100,99036,100,99863,37,98997,100
2019-06-28 09:55:32.579543390,99676,263,99588,263,99707,263,99549,263,99708,100,99453,100,99718,300,99405,100,99786,100,99240,100,99822,100,99216,100,99831,100,99158,100,99855,100,99143,100,99857,100,99036,100,99863,37,98997,100
2019-06-28 09:55:40.000000000,99676,182,99588,182,99707,182,99549,182,99708,182,99453,182,99718,382,99405,182,99786,100,99240,100,99822,100,99216,100,99831,100,99158,100,99855,100,99143,100,99857,100,99036,100,99863,37,98997,100
2019-06-28 09:55:50.000000000,99676,182,99588,182,99707,182,99549,182,99708,182,99453,182,99718,382,99405,182,99786,100,99240,100,99822,100,99216,100,99831,100,99158,100,99855,100,99143,100,99857,100,99036,100,99863,37,98997,100
2019-06-28 09:56:00.000000000,99676,211,99588,211,99707,208,99549,208,99708,208,99453,208,99718,300,99405,100,99786,100,99240,100,99822,100,99216,100,99831,100,99158,100,99855,100,99143,100,99857,100,99036,100,99863,37,98997,100
2019-06-28 09:56:02.754996763,99676,211,99588,211,99707,308,99549,208,99708,208,99453,208,99718,300,99405,100,99786,100,99240,100,99822,100,99216,100,99831,100,99158,100,99855,100,99143,100,99857,100,99036,100,99863,37,98997,100
2019-06-28 09:56:10.000000000,99676,182,99588,182,99707,282,99549,182,99708,182,99453,182,99718,382,99405,182,99786,100,99240,100,99822,100,99216,100,99831,100,99158,100,99855,100,99143,100,99857,100,99036,100,99863,37,98997,100
2019-06-28 09:56:20.000000000,99676,182,99588,182,99707,282,99549,182,99708,182,99453,182,99718,382,99405,182,99786,100,99240,100,99822,100,99216,100,99831,100,99158,100,99855,100,99143,100,99857,100,99036,100,99863,37,98997,100
2019-06-28 09:56:26.554050298,99676,182,99588,182,99707,282,99549,182,99708,182,99453,182,99718,382,99405,182,99786,100,99240,100,99822,100,99216,100,99831,100,99158,100,99855,100,99143,100,99863,37,99036,100,99911,100,98997,100
2019-06-28 09:56:30.000000000,99676,165,99588,165,99707,265,99549,165,99708,165,99453,165,99718,365,99405,165,99786,165,99240,165,99822,100,99216,100,99831,100,99158,100,99855,100,99143,100,99863,37,99036,100,99911,100,98997,100
2019-06-28 09:56:34.997645158,99676,165,99588,165,99707,265,99549,165,99708,165,99453,65,99718,365,99405,165,99786,165,99240,165,99822,100,99216,100,99831,100,99158,100,99855,100,99143,100,99863,37,99036,100,99911,100,98997,100
2019-06-28 09:56:35.686897554,99676,165,99588,65,99707,265,99549,65,99708,165,99453,65,99718,365,99405,165,99786,165,99240,165,99822,100,99216,100,99831,100,99158,100,99855,100,99143,100,99863,37,99036,100,99911,100,98997,100
2019-06-28 09:56:40.000000000,99676,165,99405,165,99707,265,99240,165,99708,165,99216,165,99718,365,99158,165,99786,165,99143,165,99822,100,99036,100,99831,100,98997,100,99855,100,98907,100,99863,37,98868,100,99911,100,98831,100
2019-06-28 09:56:50.000000000,99676,426,99405,426,99707,200,99240,100,99708,100,99216,100,99718,300,99158,100,99786,100,99143,100,99822,100,99036,100,99831,100,98997,100,99855,100,98907,100,99863,37,98868,100,99911,100,98831,100
2019-06-28 09:57:00.000000000,99676,426,99405,426,99707,200,99240,100,99708,100,99216,100,99718,300,99158,100,99786,100,99143,100,99822,100,99036,100,99831,100,98997,100,99855,100,98907,100,99863,37,98868,100,99911,100,98831,100
2019-06-28 09:57:00.442214403,99676,426,99405,426,99707,200,99240,100,99708,100,99216,100,99718,300,99158,100,99786,100,99143,100,99822,100,99036,100,99831,100,98997,100,99855,100,98907,100,99863,37,98868,100,99911,100,98831,100
2019-06-28 09:57:03.652993901,99676,426,99405,326,99707,200,99240,100,99708,100,99216,100,99718,300,99158,100,99786,100,99143,100,99822,100,99036,100,99831,100,98997,100,99855,100,98868,100,99863,37,98831,100,99911,100,98807,100
2019-06-28 09:57:10.000000000,99676,165,99240,165,99707,265,99216,165,99708,165,99158,165,99718,365,99143,165,99786,165,99036,165,99822,100,98997,100,99831,100,98868,100,99855,100,98831,100,99863,37,98807,100,99911,100,98657,100
2019-06-28 09:57:20.000000000,99676,165,99240,165,99707,265,99216,165,99708,165,99158,165,99718,365,99143,165,99786,165,99036,165,99822,100,98997,100,99831,100,98868,100,99855,100,98831,100,99863,37,98807,100,99911,100,98657,100
2019-06-28 09:57:30.000000000,99676,165,99240,165,99707,265,99216,165,99708,165,99158,165,99718,365,99143,165,99786,165,99036,165,99822,100,98997,100,99831,100,98868,100,99855,100,98831,100,99863,37,98807,100,99911,100,98657,100
2019-06-28 09:57:35.863164826,99676,165,99240,165,99707,265,99216,165,99708,165,99158,165,99718,365,99143,165,99786,165,99036,165,99822,100,98868,100,99831,100,98831,100,99855,100,98807,100,99863,37,98657,100,99911,100,98449,100
2019-06-28 09:57:40.000000000,99676,426,99240,426,99707,200,99216,100,99708,100,99158,100,99718,300,99143,100,99786,100,99036,100,99822,100,98868,100,99831,100,98831,100,99855,100,98807,100,99863,37,98657,100,99911,100,98449,100
2019-06-28 09:57:43.547206366,99676,426,99240,326,99707,200,99216,100,99708,100,99158,100,99718,300,99143,100,99786,100,99036,100,99822,100,98868,100,99831,100,98831,100,99855,100,98807,100,99863,37,98657,100,99911,100,98449,100
2019-06-28 09:57:46.098395578,99676,426,99240,226,99707,200,99216,100,99718,300,99158,100,99786,100,99143,100,99822,100,99036,100,99831,100,98868,100,99855,100,98831,100,99863,37,98807,100,99911,100,98657,100,99928,100,98449,100
2019-06-28 09:57:50.000000000,99676,426,99216,426,99707,200,99158,100,99718,300,99143,100,99786,100,99036,100,99822,100,98868,100,99831,100,98831,100,99855,100,98807,100,99863,37,98657,100,99911,100,98449,100,99928,100,98326,100
2019-06-28 09:58:00.000000000,99676,263,99216,263,99707,363,99158,263,99718,300,99143,100,99786,100,99036,100,99822,100,98868,100,99831,100,98831,100,99855,100,98807,100,99863,37,98657,100,99911,100,98449,100,99928,100,98326,100
2019-06-28 09:58:10.000000000,99676,263,99216,263,99707,363,99158,263,99718,300,99143,100,99786,100,99036,100,99822,100,98868,100,99831,100,98831,100,99855,100,98807,100,99863,37,98657,100,99911,100,98449,100,99928,100,98326,100
2019-06-28 09:58:16.279822101,99240,100,99216,263,99676,263,99158,263,99707,363,99143,100,99718,300,99036,100,99786,100,98868,100,99822,100,98831,100,99831,100,98807,100,99855,100,98657,100,99863,37,98449,100,99911,100,98326,100
2019-06-28 09:58:17.759493689,99240,100,99216,263,99676,263,99158,263,99707,363,99143,100,99718,300,99036,100,99786,100,98868,100,99822,100,98831,100,99831,100,98807,100,99855,100,98657,100,99863,37,98495,100,99911,100,98449,100
2019-06-28 09:58:20.000000000,99240,182,99216,182,99676,182,99158,182,99707,282,99143,182,99718,382,99036,182,99786,100,98868,100,99822,100,98831,100,99831,100,98807,100,99855,100,98657,100,99863,37,98495,100,99911,100,98449,100
2019-06-28 09:58:29.525448014,99240,182,99216,82,99676,182,99158,182,99707,282,99143,182,99718,382,99036,182,99786,100,98868,100,99822,100,98831,100,99831,100,98807,100,99855,100,98657,100,99863,37,98495,100,99911,100,98449,100
2019-06-28 09:58:30.000000000,99240,182,99158,182,99676,182,99143,182,99707,282,99036,182,99718,382,98868,182,99786,100,98831,100,99822,100,98807,100,99831,100,98657,100,99855,100,98495,100,99863,37,98449,100,99911,100,98326,100
2019-06-28 09:58:40.000000000,99240,165,99158,165,99676,165,99143,165,99707,265,99036,165,99718,365,98868,165,99786,165,98831,165,99822,100,98807,100,99831,100,98657,100,99855,100,98495,100,99863,37,98449,100,99911,100,98326,100
2019-06-28 09:58:40.905459234,99240,165,99158,65,99676,165,99143,165,99707,265,99036,165,99718,365,98868,165,99786,165,98831,165,99822,100,98807,100,99831,100,98657,100,99855,100,98495,100,99863,37,98449,100,99911,100,98326,100
2019-06-28 09:58:50.000000000,99240,165,99143,165,99676,165,99036,165,99707,265,98868,165,99718,365,98831,165,99786,165,98807,165,99822,100,98657,100,99831,100,98495,100,99855,100,98449,100,99863,37,98326,100,99911,100,,
2019-06-28 09:59:00.000000000,99240,211,99143,211,99676,208,99036,208,99707,308,98868,208,99718,300,98831,100,99786,100,98807,100,99822,100,98657,100,99831,100,98495,100,99855,100,98449,100,99863,37,98326,100,99911,100,,
2019-06-28 09:59:10.000000000,99240,211,99143,211,99676,208,99036,208,99707,308,98868,208,99718,300,98831,100,99786,100,98807,100,99822,100,98657,100,99831,100,98495,100,99855,100,98449,100,99863,37,98326,100,99911,100,,
2019-06-28 09:59:14.866328761,99240,211,99143,111,99676,208,99036,208,99707,308,98868,208,99718,300,98831,100,99786,100,98807,100,99822,100,98657,100,99831,100,98495,100,99855,100,98449,100,99863,37,98326,100,99911,100,,
2019-06-28 09:59:20.000000000,99240,182,99036,182,99676,182,98868,182,99707,282,98831,182,99718,382,98807,182,99786,100,98657,100,99822,100,98495,100,99831,100,98449,100,99855,100,98326,100,99863,37,,,99911,100,,
2019-06-28 09:59:30.000000000,99240,165,99036,165,99676,165,98868,165,99707,265,98831,165,99718,365,98807,165,99786,165,98657,165,99822,100,98495,100,99831,100,98449,100,99855,100,98326,100,99863,37,,,99911,100,,
2019-06-28 09:59:40.000000000,99240,182,99036,182,99676,182,98868,182,99707,282,98831,182,99718,382,98807,182,99786,100,98657,100,99822,100,98495,100,99831,100,98449,100,99855,100,98326,100,99863,37,,,99911,100,,
2019-06-28 09:59:50.000000000,99240,211,99036,211,99676,208,98868,208,99707,308,98831,208,99718,300,98807,100,99786,100,98657,100,99822,100,98495,100,99831,100,98449,100,99855,100,98326,100,99863,37,,,99911,100,,
2019-06-28 10:00:00.000000000,99240,426,99036,426,99676,100,98868,100,99707,200,98831,100,99718,300,98807,100,99786,100,98657,100,99822,100,98495,100,99831,100,98449,100,99855,100,98326,100,99863,37,,,99911,100,,
2019-06-28 10:00:10.000000000,99240,426,99036,426,99676,100,98868,100,99707,200,98831,100,99718,300,98807,100,99786,100,98657,100,99822,100,98495,100,99831,100,98449,100,99855,100,98326,100,99863,37,,,99911,100,,
2019-06-28 10:00:20.000000000,99240,182,99036,182,99676,182,98868,182,99707,282,98831,182,99718,382,98807,182,99786,100,98657,100,99822,100,98495,100,99831,100,98449,100,99855,100,98326,100,99863,37,,,99911,100,,
2019-06-28 10:00:30.000000000,99240,263,99036,263,99676,263,98868,263,99707,200,98831,100,99718,300,98807,100,99786,100,98657,100,99822,100,98495,100,99831,100,98449,100,99855,100,98326,100,99863,37,,,99911,100,,
2019-06-28 10:00:40.000000000,99240,426,99036,426,99676,100,98868,100,99707,200,98831,100,99718,300,98807,100,99786,100,98657,100,99822,100,98495,100,99831,100,98449,100,99855,100,98326,100,99863,37,,,99911,100,,
2019-06-28 10:00:46.709015225,99240,426,99036,426,99401,100,98868,100,99676,100,98831,100,99707,200,98807,100,99718,300,98657,100,99786,100,98495,100,99822,100,98449,100,99831,100,98326,100,99855,100,,,99863,37,,
2019-06-28 10:00:50.000000000,99240,263,99036,263,99401,263,98868,263,99676,100,98831,100,99707,200,98807,100,99718,300,98657,100,99786,100,98495,100,99822,100,98449,100,99831,100,98326,100,99855,100,,,99863,37,,
2019-06-28 10:00:58.077738941,99240,263,99036,263,99401,263,98868,263,99676,100,98831,100,99707,200,98807,100,99718,200,98657,100,99786,100,98495,100,99822,100,98449,100,99831,100,98326,100,99855,100,,,99863,37,,
2019-06-28 10:01:00.000000000,99240,182,99036,182,99401,182,98868,182,99676,182,98831,182,99707,282,98807,182,99718,200,98657,100,99786,100,98495,100,99822,100,98449,100,99831,100,98326,100,99855,100,,,99863,37,,
2019-06-28 10:01:10.000000000,99240,263,99036,263,99401,263,98868,263,99676,100,98831,100,99707,200,98807,100,99718,200,98657,100,99786,100,98495,100,99822,100,98449,100,99831,100,98326,100,99855,100,,,99863,37,,
2019-06-28 10:01:13.321765009,99240,263,99159,100,99401,263,99036,263,99676,100,98868,263,99707,200,98831,100,99718,200,98807,100,99786,100,98657,100,99831,100,98495,100,99855,100,98449,100,99863,37,98326,100,99911,100,,
2019-06-28 10:01:18.172834363,99240,263,99159,100,99401,263,99036,263,99669,100,98868,263,99676,100,98831,100,99707,200,98807,100,99718,200,98495,100,99786,100,98449,100,99831,100,98326,100,99855,100,,,99863,37,,
2019-06-28 10:01:20.000000000,99240,426,99159,426,99401,100,99036,100,99669,100,98868,100,99676,100,98831,100,99707,200,98807,100,99718,200,98495,100,99786,100,98449,100,99831,100,98326,100,99855,100,,,99863,37,,
2019-06-28 10:01:30.000000000,99240,426,99159,426,99401,100,99036,100,99669,100,98868,100,99676,100,98831,100,99707,200,98807,100,99718,200,98495,100,99786,100,98449,100,99831,100,98326,100,99855,100,,,99863,37,,
2019-06-28 10:01:40.000000000,99240,182,99159,182,99401,182,99036,182,99669,182,98868,182,99676,182,98831,182,99707,200,98807,100,99718,200,98495,100,99786,100,98449,100,99831,100,98326,100,99855,100,,,99863,37,,
2019-06-28 10:01:50.000000000,99240,182,99159,182,99401,182,99036,182,99669,182,98868,182,99676,182,98831,182,99707,200,98807,100,99718,200,98495,100,99786,100,98449,100,99831,100,98326,100,99855,100,,,99863,37,,
2019-06-28 10:02:00.000000000,99240,263,99159,263,99401,263,99036,263,99669,100,98868,100,99676,100,98831,100,99707,200,98807,100,99718,200,98495,100,99786,100,98449,100,99831,100,98326,100,99855,100,,,99863,37,,
2019-06-28 10:02:02.927896228,99240,263,99159,263,99401,263,99036,263,99669,100,98868,100,99676,100,98831,100,99707,200,98807,100,99718,200,98495,100,99786,100,98449,100,99796,100,98326,100,99831,100,,,99855,100,,
2019-06-28 10:02:09.425289187,99240,263,99159,363,99401,263,99036,263,99669,100,98868,100,99676,100,98831,100,99707,200,98807,100,99718,200,98495,100,99786,100,98449,100,99796,100,98326,100,99831,100,,,99863,37,,
2019-06-28 10:02:10.000000000,99240,182,99159,282,99401,182,99036,182,99669,182,98868,182,99676,182,98831,182,99707,200,98807,100,99718,200,98495,100,99786,100,98449,100,99796,100,98326,100,99831,100,,,99863,37,,
2019-06-28 10:02:20.000000000,99240,165,99159,265,99401,165,99036,165,99669,165,98868,165,99676,165,98831,165,99707,265,98807,165,99718,200,98495,100,99786,100,98449,100,99796,100,98326,100,99831,100,,,99863,37,,
2019-06-28 10:02:28.033832004,99240,165,99159,265,99401,165,99036,165,99669,165,98868,165,99676,165,98831,65,99707,265,98807,165,99718,200,98495,100,99786,100,98449,100,99796,100,98326,100,99831,100,,,99863,37,,
2019-06-28 10:02:30.000000000,99240,165,99159,265,99401,165,99036,165,99669,165,98868,165,99676,165,98807,165,99707,265,98495,165,99718,200,98449,100,99786,100,98326,100,99796,100,,,99831,100,,,99863,37,,
2019-06-28 10:02:40.000000000,99240,426,99159,526,99401,100,99036,100,99669,100,98868,100,99676,100,98807,100,99707,200,98495,100,99718,200,98449,100,99786,100,98326,100,99796,100,,,99831,100,,,99863,37,,
2019-06-28 10:02:41.937526498,99240,426,99159,526,99401,100,99036,100,99669,100,98868,100,99676,100,98807,100,99707,200,98495,100,99718,200,98449,100,99786,100,98326,100,99796,100,,,99831,100,,,99857,100,,
2019-06-28 10:02:44.101559265,99240,426,99159,526,99401,100,99036,100,99669,100,98868,100,99676,100,98807,100,99707,200,98495,100,99718,200,98449,100,99786,100,98326,100,99796,100,,,99831,100,,,99857,100,,
2019-06-28 10:02:50.000000000,99240,263,99159,363,99401,263,99036,263,99669,100,98868,100,99676,100,98807,100,99707,200,98495,100,99718,200,98449,100,99786,100,98326,100,99796,100,,,99831,100,,,99857,100,,
2019-06-28 10:02:51.151414563,99240,163,99159,363,99401,263,99036,263,99676,100,98868,100,99707,200,98807,100,99718,200,98495,100,99786,100,98449,100,99796,100,98326,100,99831,100,,,99857,100,,,99863,37,,
2019-06-28 10:03:00.000000000,99401,263,99159,363,99676,263,99036,263,99707,200,98868,100,99718,200,98807,100,99786,100,98495,100,99796,100,98449,100,99831,100,98326,100,99857,100,,,99863,37,,,99911,100,,
2019-06-28 10:03:00.157960915,99401,263,99160,100,99676,263,99159,363,99707,100,99036,263,99718,200,98868,100,99786,100,98807,100,99796,100,98495,100,99831,100,98449,100,99857,100,98326,100,99863,37,,,99911,100,,
2019-06-28 10:03:10.000000000,99401,165,99160,165,99676,165,99159,265,99707,165,99036,165,99718,265,98868,165,99786,165,98807,165,99796,100,98495,100,99831,100,98449,100,99857,100,98326,100,99863,37,,,99911,100,,
2019-06-28 10:03:20.000000000,99401,182,99160,182,99676,182,99159,282,99707,182,99036,182,99718,282,98868,182,99786,100,98807,100,99796,100,98495,100,99831,100,98449,100,99857,100,98326,100,99863,37,,,99911,100,,
2019-06-28 10:03:23.729095422,99401,182,99160,82,99676,182,99159,282,99707,182,99036,182,99718,282,98868,182,99786,100,98807,100,99796,100,98495,100,99831,100,98449,100,99857,100,98326,100,99863,37,,,99911,100,,
2019-06-28 10:03:30.000000000,99401,426,99159,526,99676,100,99036,100,99707,100,98868,100,99718,200,98807,100,99786,100,98495,100,99796,100,98449,100,99831,100,98326,100,99857,100,,,99863,37,,,99911,100,,
2019-06-28 10:03:40.000000000,99401,165,99159,265,99676,165,99036,165,99707,165,98868,165,99718,265,98807,165,99786,165,98495,165,99796,100,98449,100,99831,100,98326,100,99857,100,,,99863,37,,,99911,100,,
2019-06-28 10:03:50.000000000,99401,263,99159,363,99676,263,99036,263,99707,100,98868,100,99718,200,98807,100,99786,100,98495,100,99796,100,98449,100,99831,100,98326,100,99857,100,,,99863,37,,,99911,100,,
2019-06-28 10:04:00.000000000,99401,211,99159,311,99676,208,99036,208,99707,208,98868,208,99718,200,98807,100,99786,100,98495,100,99796,100,98449,100,99831,100,98326,100,99857,100,,,99863,37,,,99911,100,,
2019-06-28 10:04:10.000000000,99401,263,99159,363,99676,263,99036,263,99707,100,98868,100,99718,200,98807,100,99786,100,98495,100,99796,100,98449,100,99831,100,98326,100,99857,100,,,99863,37,,,99911,100,,
2019-06-28 10:04:20.000000000,99401,263,99159,363,99676,263,99036,263,99707,100,98868,100,99718,200,98807,100,99786,100,98495,100,99796,100,98449,100,99831,100,98326,100,99857,100,,,99863,37,,,99911,100,,
2019-06-28 10:04:22.167446143,99401,163,99159,363,99676,263,99036,263,99707,100,98868,100,99718,200,98807,100,99786,100,98495,100,99831,100,98449,100,99857,100,98326,100,99863,37,,,99911,100,,,99928,100,,
2019-06-28 10:04:30.000000000,99676,182,99159,282,99707,182,99036,182,99718,282,98868,182,99786,182,98807,182,99831,100,98495,100,99857,100,98449,100,99863,37,98326,100,99911,100,,,99928,100,,,99931,100,,
2019-06-28 10:04:35.415148593,99676,82,99159,282,99707,182,99036,182,99718,282,98868,182,99786,182,98807,182,99831,100,98495,100,99857,100,98449,100,99863,37,98326,100,99911,100,,,99928,100,,,99931,100,,
2019-06-28 10:04:40.000000000,99707,165,99159,265,99718,265,99036,165,99786,165,98868,165,99831,165,98807,165,99857,165,98495,165,99863,37,98449,100,99911,100,98326,100,99928,100,,,99931,100,,,99967,100,,
2019-06-28 10:04:46.526289994,99707,165,99159,265,99718,265,99036,165,99786,165,98868,65,99831,165,98807,165,99857,165,98495,165,99863,37,98449,100,99911,100,98326,100,99928,100,,,99931,100,,,99967,100,,
2019-06-28 10:04:50.000000000,99707,263,99159,363,99718,363,99036,263,99786,100,98807,100,99831,100,98495,100,99857,100,98449,100,99863,37,98326,100,99911,100,,,99928,100,,,99931,100,,,99967,100,,
2019-06-28 10:04:51.561193117,99707,263,99159,363,99718,363,99036,263,99786,100,98807,100,99831,100,98495,100,99857,100,98449,100,99863,37,98326,100,99911,100,,,99928,100,,,99931,100,,,99967,100,,
2019-06-28 10:05:00.000000000,99707,211,99159,311,99718,308,99036,208,99786,208,98807,208,99831,100,98495,100,99857,100,98449,100,99863,37,98326,100,99911,100,,,99928,100,,,99931,100,,,99967,100,,
2019-06-28 10:05:10.000000000,99707,165,99159,265,99718,265,99036,165,99786,165,98807,165,99831,165,98495,165,99857,165,98449,165,99863,37,98326,100,99911,100,,,99928,100,,,99931,100,,,99967,100,,
2019-06-28 10:05:11.077501061,99707,65,99159,265,99718,265,99036,165,99786,165,98807,165,99831,165,98495,165,99857,65,98449,165,99863,37,98326,100,99911,100,,,99928,100,,,99931,100,,,99967,100,,
2019-06-28 10:05:20.000000000,99718,363,99159,363,99786,263,99036,263,99831,100,98807,100,99863,37,98495,100,99911,100,98449,100,99928,100,98326,100,99931,100,,,99967,100,,,100033,100,,,100056,100,,
2019-06-28 10:05:30.000000000,99718,311,99159,311,99786,208,99036,208,99831,208,98807,208,99863,37,98495,100,99911,100,98449,100,99928,100,98326,100,99931,100,,,99967,100,,,100033,100,,,100056,100,,
2019-06-28 10:05:40.000000000,99718,282,99159,282,99786,182,99036,182,99831,182,98807,182,99863,119,98495,182,99911,100,98449,100,99928,100,98326,100,99931,100,,,99967,100,,,100033,100,,,100056,100,,
2019-06-28 10:05:43.219974586,99718,282,99159,282,99786,182,99036,182,99831,182,98807,182,99863,119,98495,182,99911,100,98449,100,99928,100,98326,100,99931,100,,,99967,100,,,100033,100,,,100056,100,,
2019-06-28 10:05:43.943770628,99718,282,99159,282,99786,182,99036,182,99831,182,98807,182,99863,119,98495,182,99911,100,98449,100,99928,100,98326,100,99931,100,,,99967,100,,,100033,100,,,100056,100,,
2019-06-28 10:05:50.000000000,99718,311,99159,311,99786,208,99036,208,99831,208,98807,208,99863,37,98495,100,99911,100,98449,100,99928,100,98326,100,99931,100,,,99967,100,,,100033,100,,,100056,100,,
2019-06-28 10:06:00.000000000,99718,363,99159,363,99786,263,99036,263,99831,100,98807,100,99863,37,98495,100,99911,100,98449,100,99928,100,98326,100,99931,100,,,99967,100,,,100033,100,,,100056,100,,
2019-06-28 10:06:10.000000000,99718,265,99159,265,99786,165,99036,165,99831,165,98807,165,99863,102,98495,165,99911,165,98449,165,99928,100,98326,100,99931,100,,,99967,100,,,100033,100,,,100056,100,,
2019-06-28 10:06:12.158385084,99718,265,99159,265,99786,165,99036,165,99831,165,98807,165,99863,102,98495,165,99911,165,98449,165,99928,100,98326,100,99931,100,,,99967,100,,,100033,100,,,100056,100,,
2019-06-28 10:06:20.000000000,99718,265,99159,265,99786,165,99036,165,99831,165,98807,165,99863,102,98495,165,99911,165,98449,165,99928,100,98326,100,99931,100,,,99967,100,,,100033,100,,,100056,100,,
2019-06-28 10:06:23.859202665,99718,165,99159,265,99786,165,99036,165,99831,165,98807,165,99863,102,98495,165,99911,165,98449,165,99928,100,98326,100,99931,100,,,99967,100,,,100033,100,,,100056,100,,
2019-06-28 10:06:30.000000000,99718,426,99159,526,99786,100,99036,100,99831,100,98807,100,99863,37,98495,100,99911,100,98449,100,99928,100,98326,100,99931,100,,,99967,100,,,100033,100,,,100056,100,,
2019-06-28 10:06:39.406703035,99718,326,99159,526,99786,100,99036,100,99831,100,98807,100,99863,37,98495,100,99911,100,98449,100,99928,100,98326,100,99931,100,,,99967,100,,,100033,100,,,100056,100,,
2019-06-28 10:06:40.000000000,99786,211,99159,311,99831,208,99036,208,99863,145,98807,208,99911,100,98495,100,99928,100,98449,100,99931,100,98326,100,99967,100,,,100033,100,,,100056,100,,,100096,100,,
2019-06-28 10:06:50.000000000,99786,182,99159,282,99831,182,99036,182,99863,119,98807,182,99911,182,98495,182,99928,100,98449,100,99931,100,98326,100,99967,100,,,100033,100,,,100056,100,,,100096,100,,
2019-06-28 10:07:00.000000000,99786,426,99159,526,99831,100,99036,100,99863,37,98807,100,99911,100,98495,100,99928,100,98449,100,99931,100,98326,100,99967,100,,,100033,100,,,100056,100,,,100096,100,,
2019-06-28 10:07:06.342302584,99786,426,99718,100,99831,100,99159,526,99863,37,99036,100,99911,100,98807,100,99928,100,98495,100,99931,100,98449,100,99967,100,98326,100,100033,100,,,100056,100,,,100096,100,,
2019-06-28 10:07:10.000000000,99786,211,99718,211,99831,208,99159,308,99863,145,99036,208,99911,100,98807,100,99928,100,98495,100,99931,100,98449,100,99967,100,98326,100,100033,100,,,100056,100,,,100096,100,,
2019-06-28 10:07:20.000000000,99786,182,99718,182,99831,182,99159,282,99863,119,99036,182,99911,182,98807,182,99928,100,98495,100,99931,100,98449,100,99967,100,98326,100,100033,100,,,100056,100,,,100096,100,,
2019-06-28 10:07:30.000000000,99786,211,99718,211,99831,208,99159,308,99863,145,99036,208,99911,100,98807,100,99928,100,98495,100,99931,100,98449,100,99967,100,98326,100,100033,100,,,100056,100,,,100096,100,,
2019-06-28 10:07:40.000000000,99786,165,99718,165,99831,165,99159,265,99863,102,99036,165,99911,165,98807,165,99928,165,98495,165,99931,100,98449,100,99967,100,98326,100,100033,100,,,100056,100,,,100096,100,,
2019-06-28 10:07:50.000000000,99786,263,99718,263,99831,263,99159,363,99863,37,99036,100,99911,100,98807,100,99928,100,98495,100,99931,100,98449,100,99967,100,98326,100,100033,100,,,100056,100,,,100096,100,,
2019-06-28 10:08:00.000000000,99786,165,99718,165,99831,165,99159,265,99863,102,99036,165,99911,165,98807,165,99928,165,98495,165,99931,100,98449,100,99967,100,98326,100,100033,100,,,100056,100,,,100096,100,,
2019-06-28 10:08:04.745114258,99786,165,99718,265,99831,165,99159,165,99863,102,99036,165,99911,165,98807,165,99928,165,98495,165,99931,100,98449,100,99967,100,98326,100,100033,100,,,100056,100,,,100096,100,,
2019-06-28 10:08:10.000000000,99786,211,99718,311,99831,208,99159,208,99863,145,99036,208,99911,100,98807,100,99928,100,98495,100,99931,100,98449,100,99967,100,98326,100,100033,100,,,100056,100,,,100096,100,,
2019-06-28 10:08:18.368384547,99786,211,99718,311,99831,208,99159,208,99863,145,99036,208,99911,100,98807,100,99928,100,98495,100,99931,100,98449,100,99967,100,98326,100,100019,100,,,100033,100,,,100056,100,,
2019-06-28 10:08:20.000000000,99786,211,99718,311,99831,208,99159,208,99863,145,99036,208,99911,100,98807,100,99928,100,98495,100,99931,100,98449,100,99967,100,98326,100,100019,100,,,100033,100,,,100056,100,,
2019-06-28 10:08:25.240765266,99786,211,99718,311,99831,208,99159,208,99863,145,99036,208,99911,100,98807,100,99928,100,98449,100,99931,100,98326,100,99967,100,,,99982,100,,,100019,100,,,100033,100,,
2019-06-28 10:08:30.000000000,99786,263,99718,363,99831,263,99159,263,99863,37,99036,100,99911,100,98807,100,99928,100,98449,100,99931,100,98326,100,99967,100,,,99982,100,,,100019,100,,,100033,100,,
2019-06-28 10:08:32.762661354,99786,263,99718,463,99831,163,99159,263,99863,37,99036,100,99911,100,98807,100,99928,100,98449,100,99931,100,98326,100,99967,100,,,99982,100,,,100019,100,,,100033,100,,
2019-06-28 10:08:40.000000000,99786,182,99718,382,99863,119,99159,182,99911,182,99036,182,99928,182,98807,182,99931,100,98449,100,99967,100,98326,100,99982,100,,,100019,100,,,100033,100,,,100056,100,,
2019-06-28 10:08:50.000000000,99786,165,99718,365,99863,102,99159,165,99911,165,99036,165,99928,165,98807,165,99931,165,98449,165,99967,100,98326,100,99982,100,,,100019,100,,,100033,100,,,100056,100,,
2019-06-28 10:09:00.000000000,99786,211,99718,411,99863,145,99159,208,99911,208,99036,208,99928,100,98807,100,99931,100,98449,100,99967,100,98326,100,99982,100,,,100019,100,,,100033,100,,,100056,100,,
2019-06-28 10:09:01.126949325,99786,111,99718,511,99863,145,99159,208,99911,208,99036,208,99928,100,98807,100,99931,100,98449,100,99967,100,98326,100,99982,100,,,100019,100,,,100033,100,,,100056,100,,
2019-06-28 10:09:10.000000000,99863,200,99718,563,99911,263,99159,263,99928,100,99036,100,99931,100,98807,100,99967,100,98449,100,99982,100,98326,100,100019,100,,,100033,100,,,100056,100,,,100096,100,,
2019-06-28 10:09:20.000000000,99863,119,99718,482,99911,182,99159,182,99928,182,99036,182,99931,182,98807,182,99967,100,98449,100,99982,100,98326,100,100019,100,,,100033,100,,,100056,100,,,100096,100,,
