,ask_price_1,ask_size_1,bid_price_1,bid_size_1,ask_price_2,ask_size_2,bid_price_2,bid_size_2,ask_price_3,ask_size_3,bid_price_3,bid_size_3,ask_price_4,ask_size_4,bid_price_4,bid_size_4,ask_price_5,ask_size_5,bid_price_5,bid_size_5,ask_price_6,ask_size_6,bid_price_6,bid_size_6,ask_price_7,ask_size_7,bid_price_7,bid_size_7,ask_price_8,ask_size_8,bid_price_8,bid_size_8,ask_price_9,ask_size_9,bid_price_9,bid_size_9,ask_price_10,ask_size_10,bid_price_10,bid_size_10
2019-06-28 09:30:00.000000000,100174,100,100065,100,,,,,,,,,,,,,,,,,,,,,,,,,,,,,,,,,,,,
2019-06-28 09:30:00.000000001,100069,100,100065,100,100174,100,,,,,,,,,,,,,,,,,,,,,,,,,,,,,,,,,,
2019-06-28 09:30:00.000000003,100069,100,100065,100,100080,100,,,100174,100,,,,,,,,,,,,,,,,,,,,,,,,,,,,,,
2019-06-28 09:30:00.000000006,100069,100,99955,100,100080,100,,,100174,100,,,,,,,,,,,,,,,,,,,,,,,,,,,,,,
2019-06-28 09:30:00.000000014,100069,100,99955,100,100080,100,99944,100,100174,100,99827,100,,,,,,,,,,,,,,,,,,,,,,,,,,,,
2019-06-28 09:30:00.000000015,100069,100,99955,100,100080,100,99944,100,100174,100,99923,100,,,99827,100,,,,,,,,,,,,,,,,,,,,,,,,
2019-06-28 09:30:00.000000016,100069,100,99955,100,100080,100,99944,100,100174,100,99923,100,,,99917,100,,,99827,100,,,,,,,,,,,,,,,,,,,,
2019-06-28 09:30:00.000000017,100069,100,99955,100,100080,100,99944,100,100174,100,99935,100,,,99923,100,,,99917,100,,,99827,100,,,,,,,,,,,,,,,,
2019-06-28 09:30:00.000000018,100080,100,99955,100,100174,100,99944,100,,,99935,100,,,99923,100,,,99917,100,,,99827,100,,,,,,,,,,,,,,,,
2019-06-28 09:30:00.000000020,100080,100,99944,100,100174,100,99935,100,,,99923,100,,,99917,100,,,99827,100,,,,,,,,,,,,,,,,,,,,
2019-06-28 09:30:00.000000023,100080,100,99975,100,100174,100,99944,100,,,99935,100,,,99923,100,,,99917,100,,,99827,100,,,,,,,,,,,,,,,,
2019-06-28 09:30:00.000000025,100069,100,99975,100,100080,100,99944,100,100174,100,99935,100,,,99923,100,,,99917,100,,,99827,100,,,,,,,,,,,,,,,,
2019-06-28 09:30:00.000000027,100069,100,99975,100,100080,100,99944,100,100174,100,99935,100,,,99923,100,,,99917,100,,,99868,100,,,99827,100,,,,,,,,,,,,
2019-06-28 09:30:00.000000028,100069,100,99975,100,100080,100,99955,100,100174,100,99944,100,,,99935,100,,,99923,100,,,99917,100,,,99868,100,,,99827,100,,,,,,,,
2019-06-28 09:30:00.000000029,100009,100,99975,100,100069,100,99955,100,100080,100,99944,100,100174,100,99935,100,,,99923,100,,,99917,100,,,99868,100,,,99827,100,,,,,,,,
2019-06-28 09:30:00.000000030,100009,100,99955,100,100067,100,99944,100,100069,100,99935,100,100080,100,99923,100,100174,100,99917,100,,,99868,100,,,99827,100,,,,,,,,,,,,
2019-06-28 09:30:00.000000031,100009,100,99955,100,100067,100,99944,100,100069,100,99935,100,100080,100,99923,100,100174,100,99917,100,,,99868,100,,,99831,100,,,99827,100,,,,,,,,
2019-06-28 09:30:00.000000033,100009,100,100007,100,100067,100,99955,100,100069,100,99944,100,100080,100,99935,100,100174,100,99923,100,,,99917,100,,,99868,100,,,99831,100,,,99827,100,,,,
2019-06-28 09:30:00.000000035,100009,100,100007,100,100048,100,99955,100,100067,100,99944,100,100069,100,99935,100,100080,100,99923,100,100174,100,99917,100,,,99868,100,,,99831,100,,,99827,100,,,,
2019-06-28 09:30:00.000000036,100009,100,100007,100,100048,100,99955,100,100057,100,99944,100,100067,100,99935,100,100069,100,99923,100,100080,100,99917,100,100174,100,99868,100,,,99831,100,,,99827,100,,,,
2019-06-28 09:30:00.000000039,100009,100,100007,100,100048,100,99955,100,100057,100,99944,100,100065,100,99935,100,100067,100,99924,100,100069,100,99923,100,100080,100,99917,100,100099,100,99868,100,100174,100,99831,100,,,99827,100
2019-06-28 09:30:00.000000041,100009,100,100007,100,100048,100,99955,100,100057,100,99944,100,100065,100,99935,100,100067,100,99924,100,100069,100,99923,100,100080,100,99917,100,100099,100,99868,100,100174,100,99831,100,,,99827,100
2019-06-28 09:30:00.000000042,100009,100,100007,100,100048,100,99956,100,100057,100,99955,100,100065,100,99944,100,100067,100,99935,100,100069,100,99924,100,100080,100,99923,100,100099,100,99917,100,100174,100,99868,100,,,99831,100
2019-06-28 09:30:00.000000046,100009,100,100007,100,100048,100,99956,100,100056,100,99955,100,100057,100,99944,100,100065,100,99935,100,100067,100,99924,100,100069,100,99923,100,100080,100,99917,100,100099,100,99868,100,100174,100,99831,100
2019-06-28 09:30:00.000000047,100009,100,100007,100,100047,100,99968,100,100048,100,99956,100,100056,100,99955,100,100057,100,99944,100,100065,100,99935,100,100067,100,99924,100,100069,100,99923,100,100080,100,99917,100,100099,100,99868,100
2019-06-28 09:30:00.000000048,100047,100,100007,100,100048,100,99968,100,100056,100,99956,100,100057,100,99955,100,100065,100,99944,100,100067,100,99935,100,100069,100,99924,100,100080,100,99923,100,100099,100,99917,100,100174,100,99868,100
2019-06-28 09:30:00.000000051,100047,100,100038,100,100048,100,100007,100,100056,100,99968,100,100057,100,99956,100,100065,100,99955,100,100067,100,99944,100,100069,100,99935,100,100080,100,99924,100,100099,100,99923,100,100174,100,99917,100
2019-06-28 09:30:00.000000052,100047,100,100038,100,100048,100,100007,100,100056,100,99975,100,100057,100,99968,100,100065,100,99956,100,100067,100,99955,100,100069,100,99944,100,100080,100,99935,100,100099,100,99924,100,100174,100,99923,100
2019-06-28 09:30:00.000000053,100047,100,100009,100,100048,100,100007,100,100056,100,99975,100,100057,100,99968,100,100065,100,99956,100,100067,100,99955,100,100069,100,99944,100,100080,100,99935,100,100099,100,99924,100,100174,100,99923,100
2019-06-28 09:30:00.000000056,100047,100,100009,100,100048,100,100007,100,100056,100,99975,100,100057,100,99968,100,100065,100,99956,100,100067,100,99955,100,100069,100,99944,100,100080,100,99935,100,100099,100,99924,100,100172,100,99923,100
2019-06-28 09:30:00.000000062,100047,100,100009,100,100048,100,100007,100,100056,100,99975,100,100057,100,99968,100,100065,100,99956,100,100067,100,99955,100,100069,100,99944,100,100080,100,99935,100,100099,100,99924,100,100172,100,99923,100
2019-06-28 09:30:00.000000065,100047,100,100009,100,100048,100,100007,100,100056,100,99987,100,100057,100,99975,100,100065,100,99968,100,100067,100,99956,100,100069,100,99955,100,100080,100,99944,100,100099,100,99935,100,100172,100,99924,100
2019-06-28 09:30:00.000000067,100047,100,100009,100,100048,100,100007,100,100056,100,99987,100,100057,100,99975,100,100065,100,99968,100,100067,100,99956,100,100069,100,99955,100,100080,100,99944,100,100099,100,99935,100,100103,100,99924,100
2019-06-28 09:30:00.000000068,100047,100,100009,100,100048,100,100007,100,100056,100,99987,100,100057,100,99975,100,100065,100,99968,100,100067,100,99956,100,100069,100,99955,200,100080,100,99944,100,100099,100,99935,100,100103,100,99924,100
2019-06-28 09:30:00.000000070,100048,100,100009,100,100056,100,100007,100,100057,100,99987,100,100065,100,99975,100,100067,100,99968,100,100069,100,99956,100,100080,100,99955,200,100099,100,99944,100,100103,100,99935,100,100172,100,99924,100
2019-06-28 09:30:00.000000075,100045,100,100009,100,100048,100,100007,100,100056,100,99987,100,100057,100,99975,100,100065,100,99968,100,100067,100,99956,100,100069,100,99955,200,100080,100,99944,100,100099,100,99935,100,100103,100,99924,100
2019-06-28 09:30:00.000000076,100030,100,100009,100,100045,100,100007,100,100048,100,99987,100,100056,100,99975,100,100057,100,99968,100,100065,100,99956,100,100067,100,99955,200,100069,100,99944,100,100080,100,99935,100,100099,100,99924,100
2019-06-28 09:30:00.000000081,100030,100,100009,100,100045,100,100007,100,100048,100,99987,100,100056,100,99975,100,100057,100,99968,100,100065,100,99956,100,100067,100,99955,200,100069,100,99944,100,100080,100,99935,100,100099,100,99924,100
2019-06-28 09:30:00.000000083,100030,100,100009,100,100045,100,100007,100,100048,100,99987,100,100056,100,99975,100,100057,100,99968,100,100065,100,99956,100,100067,100,99955,200,100069,100,99944,100,100080,100,99935,100,100099,100,99924,100
2019-06-28 09:30:00.000000084,100030,100,100007,100,100045,100,99987,100,100048,100,99975,100,100056,100,99968,100,100057,100,99956,100,100065,100,99955,200,100067,100,99944,100,100069,100,99935,100,100080,100,99924,100,100099,100,99923,100
2019-06-28 09:30:00.000000088,100030,100,100007,100,100045,100,99987,100,100048,100,99975,100,100056,100,99968,100,100057,100,99956,100,100065,100,99955,200,100067,100,99944,100,100069,100,99935,100,100070,100,99924,100,100080,100,99923,100
2019-06-28 09:30:00.000000090,100012,100,100007,100,100030,100,99987,100,100045,100,99975,100,100048,100,99968,100,100056,100,99956,100,100057,100,99955,200,100065,100,99944,100,100067,100,99935,100,100069,100,99924,100,100070,100,99923,100
2019-06-28 09:30:00.000000093,100012,100,100007,100,100029,100,99987,100,100030,100,99975,100,100045,100,99968,100,100048,100,99956,100,100056,100,99955,200,100057,100,99944,100,100065,100,99935,100,100067,100,99924,100,100069,100,99923,100
2019-06-28 09:30:00.000000094,100012,100,100007,100,100029,100,99987,100,100030,100,99975,100,100044,100,99968,100,100045,100,99956,100,100048,100,99955,200,100056,100,99944,100,100057,100,99935,100,100065,100,99924,100,100067,100,99923,100
2019-06-28 09:30:00.000000096,100012,100,100007,100,100029,200,99987,100,100030,100,99975,100,100044,100,99968,100,100045,100,99956,100,100048,100,99955,200,100056,100,99944,100,100057,100,99935,100,100065,100,99924,100,100067,100,99923,100
2019-06-28 09:30:00.000000097,100012,100,100007,100,100029,200,99987,100,100030,100,99975,100,100040,100,99968,100,100044,100,99956,100,100045,100,99955,200,100048,100,99944,100,100056,100,99935,100,100057,100,99924,100,100065,100,99923,100
2019-06-28 09:30:10.000000000,100012,482,100007,482,100029,200,99987,100,100030,100,99975,100,100040,100,99968,100,100044,100,99956,100,100045,100,99955,200,100048,100,99944,100,100056,100,99935,100,100057,100,99924,100,100065,100,99923,100
2019-06-28 09:30:10.777010111,100012,482,100009,100,100029,200,100007,482,100030,100,99987,100,100040,100,99975,100,100044,100,99968,100,100045,100,99955,200,100048,100,99944,100,100056,100,99935,100,100057,100,99924,100,100065,100,99923,100
2019-06-28 09:30:20.000000000,100012,482,100009,482,100029,200,100007,100,100030,100,99987,100,100040,100,99975,100,100044,100,99968,100,100045,100,99955,200,100048,100,99944,100,100056,100,99935,100,100057,100,99924,100,100065,100,99923,100
2019-06-28 09:30:30.000000000,100012,230,100009,230,100029,326,100007,226,100030,226,99987,226,100040,100,99975,100,100044,100,99968,100,100045,100,99955,200,100048,100,99944,100,100056,100,99935,100,100057,100,99924,100,100065,100,99923,100
2019-06-28 09:30:35.904611533,100012,130,100009,230,100029,326,100007,226,100030,226,99987,226,100040,100,99975,100,100044,100,99968,100,100045,100,99955,200,100048,100,99944,100,100056,100,99935,100,100057,100,99924,100,100065,100,99923,100
2019-06-28 09:30:35.993950375,100012,130,100009,230,100029,326,100007,226,100030,226,99998,100,100040,100,99987,226,100044,100,99975,100,100045,100,99968,100,100048,100,99955,200,100056,100,99944,100,100057,100,99935,100,100065,100,99924,100
2019-06-28 09:30:40.000000000,100029,330,100009,230,100030,226,100007,226,100040,226,99998,226,100044,100,99987,100,100045,100,99975,100,100048,100,99968,100,100056,100,99955,200,100057,100,99944,100,100065,100,99935,100,100067,100,99924,100
2019-06-28 09:30:50.000000000,100029,582,100009,482,100030,100,100007,100,100040,100,99998,100,100044,100,99987,100,100045,100,99975,100,100048,100,99968,100,100056,100,99955,200,100057,100,99944,100,100065,100,99935,100,100067,100,99924,100
2019-06-28 09:31:00.000000000,100029,296,100009,196,100030,196,100007,196,100040,196,99998,196,100044,196,99987,196,100045,100,99975,100,100048,100,99968,100,100056,100,99955,200,100057,100,99944,100,100065,100,99935,100,100067,100,99924,100
2019-06-28 09:31:10.000000000,100029,296,100009,196,100030,196,100007,196,100040,196,99998,196,100044,196,99987,196,100045,100,99975,100,100048,100,99968,100,100056,100,99955,200,100057,100,99944,100,100065,100,99935,100,100067,100,99924,100
2019-06-28 09:31:20.000000000,100029,391,100009,291,100030,291,100007,291,100040,100,99998,100,100044,100,99987,100,100045,100,99975,100,100048,100,99968,100,100056,100,99955,200,100057,100,99944,100,100065,100,99935,100,100067,100,99924,100
2019-06-28 09:31:30.000000000,100029,330,100009,230,100030,226,100007,226,100040,226,99998,226,100044,100,99987,100,100045,100,99975,100,100048,100,99968,100,100056,100,99955,200,100057,100,99944,100,100065,100,99935,100,100067,100,99924,100
2019-06-28 09:31:40.000000000,100029,391,100009,291,100030,291,100007,291,100040,100,99998,100,100044,100,99987,100,100045,100,99975,100,100048,100,99968,100,100056,100,99955,200,100057,100,99944,100,100065,100,99935,100,100067,100,99924,100
2019-06-28 09:31:44.195694199,100011,100,100009,291,100029,391,100007,291,100030,291,99998,100,100040,100,99987,100,100044,100,99975,100,100045,100,99968,100,100048,100,99955,200,100056,100,99944,100,100057,100,99935,100,100065,100,99924,100
2019-06-28 09:31:50.000000000,100011,230,100009,230,100029,326,100007,226,100030,226,99998,226,100040,100,99987,100,100044,100,99975,100,100045,100,99968,100,100048,100,99955,200,100056,100,99944,100,100057,100,99935,100,100065,100,99924,100
2019-06-28 09:31:51.125827441,100011,230,100009,130,100029,326,100007,226,100030,226,99998,226,100040,100,99987,100,100044,100,99975,100,100045,100,99968,100,100048,100,99955,200,100056,100,99944,100,100057,100,99935,100,100065,100,99924,100
2019-06-28 09:32:00.000000000,100011,196,100007,196,100029,296,99998,196,100030,196,99987,196,100040,196,99975,196,100044,100,99968,100,100045,100,99955,200,100048,100,99944,100,100056,100,99935,100,100057,100,99924,100,100065,100,99923,100
2019-06-28 09:32:10.000000000,100011,291,100007,291,100029,391,99998,291,100030,100,99987,100,100040,100,99975,100,100044,100,99968,100,100045,100,99955,200,100048,100,99944,100,100056,100,99935,100,100057,100,99924,100,100065,100,99923,100
2019-06-28 09:32:20.000000000,100011,291,100007,291,100029,391,99998,291,100030,100,99987,100,100040,100,99975,100,100044,100,99968,100,100045,100,99955,200,100048,100,99944,100,100056,100,99935,100,100057,100,99924,100,100065,100,99923,100
2019-06-28 09:32:30.000000000,100011,230,100007,230,100029,326,99998,226,100030,226,99987,226,100040,100,99975,100,100044,100,99968,100,100045,100,99955,200,100048,100,99944,100,100056,100,99935,100,100057,100,99924,100,100065,100,99923,100
2019-06-28 09:32:32.856045869,100011,230,100007,230,100029,326,99998,226,100030,226,99987,226,100040,100,99975,100,100044,100,99968,100,100045,100,99955,200,100048,100,99944,100,100056,100,99935,100,100057,100,99924,100,100065,100,99923,100
2019-06-28 09:32:34.954295461,100011,230,100007,130,100029,326,99998,226,100030,226,99987,226,100040,100,99975,100,100044,100,99968,100,100045,100,99955,200,100048,100,99944,100,100056,100,99935,100,100065,100,99924,100,100067,100,99923,100
2019-06-28 09:32:40.000000000,100011,482,99998,482,100029,200,99987,100,100030,100,99975,100,100040,100,99968,100,100044,100,99955,200,100045,100,99944,100,100048,100,99935,100,100056,100,99924,100,100065,100,99923,100,100067,100,99917,100
2019-06-28 09:32:50.000000000,100011,291,99998,291,100029,391,99987,291,100030,100,99975,100,100040,100,99968,100,100044,100,99955,200,100045,100,99944,100,100048,100,99935,100,100056,100,99924,100,100065,100,99923,100,100067,100,99917,100
2019-06-28 09:32:58.528350047,100011,291,99998,291,100029,391,99987,291,100030,100,99975,100,100040,100,99968,100,100044,100,99955,200,100045,100,99944,100,100048,100,99935,100,100056,100,99926,100,100065,100,99924,100,100067,100,99923,100
2019-06-28 09:33:00.000000000,100011,482,99998,482,100029,200,99987,100,100030,100,99975,100,100040,100,99968,100,100044,100,99955,200,100045,100,99944,100,100048,100,99935,100,100056,100,99926,100,100065,100,99924,100,100067,100,99923,100
2019-06-28 09:33:10.000000000,100011,291,99998,291,100029,391,99987,291,100030,100,99975,100,100040,100,99968,100,100044,100,99955,200,100045,100,99944,100,100048,100,99935,100,100056,100,99926,100,100065,100,99924,100,100067,100,99923,100
2019-06-28 09:33:20.000000000,100011,291,99998,291,100029,391,99987,291,100030,100,99975,100,100040,100,99968,100,100044,100,99955,200,100045,100,99944,100,100048,100,99935,100,100056,100,99926,100,100065,100,99924,100,100067,100,99923,100
2019-06-28 09:33:30.000000000,100011,291,99998,291,100029,391,99987,291,100030,100,99975,100,100040,100,99968,100,100044,100,99955,200,100045,100,99944,100,100048,100,99935,100,100056,100,99926,100,100065,100,99924,100,100067,100,99923,100
2019-06-28 09:33:40.000000000,100011,291,99998,291,100029,391,99987,291,100030,100,99975,100,100040,100,99968,100,100044,100,99955,200,100045,100,99944,100,100048,100,99935,100,100056,100,99926,100,100065,100,99924,100,100067,100,99923,100
2019-06-28 09:33:49.765854118,100011,291,99998,291,100029,391,99987,291,100030,100,99975,100,100040,100,99968,100,100044,100,99955,200,100045,100,99944,100,100048,100,99935,100,100056,100,99926,100,100065,100,99924,100,100067,100,99923,100
2019-06-28 09:33:50.000000000,100011,482,99998,482,100029,200,99987,100,100030,100,99975,100,100040,100,99968,100,100044,100,99955,200,100045,100,99944,100,100048,100,99935,100,100056,100,99926,100,100065,100,99924,100,100067,100,99923,100
2019-06-28 09:34:00.000000000,100011,230,99998,230,100029,326,99987,226,100030,226,99975,226,100040,100,99968,100,100044,100,99955,200,100045,100,99944,100,100048,100,99935,100,100056,100,99926,100,100065,100,99924,100,100067,100,99923,100
2019-06-28 09:34:10.000000000,100011,230,99998,230,100029,326,99987,226,100030,226,99975,226,100040,100,99968,100,100044,100,99955,200,100045,100,99944,100,100048,100,99935,100,100056,100,99926,100,100065,100,99924,100,100067,100,99923,100
2019-06-28 09:34:20.000000000,100011,196,99998,196,100029,296,99987,196,100030,196,99975,196,100040,196,99968,196,100044,100,99955,200,100045,100,99944,100,100048,100,99935,100,100056,100,99926,100,100065,100,99924,100,100067,100,99923,100
2019-06-28 09:34:22.960688898,100011,196,99998,96,100029,296,99987,96,100030,196,99975,196,100040,196,99968,196,100044,100,99955,200,100045,100,99944,100,100048,100,99935,100,100056,100,99926,100,100065,100,99924,100,100067,100,99923,100
2019-06-28 09:34:30.000000000,100011,230,99975,230,100029,326,99968,226,100030,226,99955,326,100040,100,99944,100,100044,100,99935,100,100045,100,99926,100,100048,100,99924,100,100056,100,99923,100,100065,100,99917,100,100067,100,99900,200
2019-06-28 09:34:40.000000000,100011,482,99975,482,100029,200,99968,100,100030,100,99955,200,100040,100,99944,100,100044,100,99935,100,100045,100,99926,100,100048,100,99924,100,100056,100,99923,100,100065,100,99917,100,100067,100,99900,200
2019-06-28 09:34:50.000000000,100011,176,99975,176,100029,276,99968,176,100030,176,99955,276,100040,176,99944,176,100044,176,99935,176,100045,100,99926,100,100048,100,99924,100,100056,100,99923,100,100065,100,99917,100,100067,100,99900,200
2019-06-28 09:35:00.000000000,100011,230,99975,230,100029,326,99968,226,100030,226,99955,326,100040,100,99944,100,100044,100,99935,100,100045,100,99926,100,100048,100,99924,100,100056,100,99923,100,100065,100,99917,100,100067,100,99900,200
2019-06-28 09:35:04.322276655,100011,230,99975,230,100029,326,99968,226,100030,226,99955,326,100040,100,99944,100,100044,100,99935,100,100045,100,99926,100,100048,100,99924,100,100056,100,99923,100,100065,100,99900,200,100067,100,99870,100
2019-06-28 09:35:10.000000000,100011,230,99975,230,100029,326,99968,226,100030,226,99955,326,100040,100,99944,100,100044,100,99935,100,100045,100,99926,100,100048,100,99924,100,100056,100,99923,100,100065,100,99900,200,100067,100,99870,100
2019-06-28 09:35:14.110269595,100011,230,99975,230,100026,100,99968,226,100029,326,99955,326,100030,226,99944,100,100040,100,99935,100,100044,100,99926,100,100045,100,99924,100,100048,100,99900,200,100056,100,99870,100,100065,100,99868,100
2019-06-28 09:35:20.000000000,100011,291,99975,291,100026,291,99968,291,100029,200,99955,200,100030,100,99944,100,100040,100,99935,100,100044,100,99926,100,100045,100,99924,100,100048,100,99900,200,100056,100,99870,100,100065,100,99868,100
2019-06-28 09:35:28.224786504,100011,291,99975,291,100026,291,99968,291,100029,200,99955,200,100030,100,99944,100,100040,100,99935,100,100044,100,99926,100,100045,100,99924,100,100048,100,99900,200,100065,100,99870,100,100067,100,99868,100
2019-06-28 09:35:30.000000000,100011,176,99975,176,100026,176,99968,176,100029,276,99955,276,100030,176,99944,176,100040,176,99935,176,100044,100,99926,100,100045,100,99924,100,100048,100,99900,200,100065,100,99870,100,100067,100,99868,100
2019-06-28 09:35:40.000000000,100011,196,99975,196,100026,196,99968,196,100029,296,99955,296,100030,196,99944,196,100040,100,99935,100,100044,100,99926,100,100045,100,99924,100,100048,100,99900,200,100065,100,99870,100,100067,100,99868,100
2019-06-28 09:35:49.789400375,100011,96,99975,196,100026,196,99968,196,100029,296,99955,296,100030,196,99944,196,100040,100,99935,100,100044,100,99926,100,100045,100,99924,100,100048,100,99900,200,100065,100,99870,100,100067,100,99868,100
2019-06-28 09:35:50.000000000,100026,482,99975,482,100029,200,99968,100,100030,100,99955,200,100040,100,99944,100,100044,100,99935,100,100045,100,99926,100,100048,100,99924,100,100065,100,99900,200,100067,100,99870,100,100069,100,99868,100
2019-06-28 09:35:52.614072761,100026,482,99975,482,100029,200,99968,100,100030,100,99955,200,100040,100,99944,100,100044,100,99935,100,100045,100,99926,100,100048,100,99924,100,100065,100,99900,200,100067,100,99870,100,100069,100,99868,100
2019-06-28 09:36:00.000000000,100026,230,99975,230,100029,326,99968,226,100030,226,99955,326,100040,100,99944,100,100044,100,99935,100,100045,100,99926,100,100048,100,99924,100,100065,100,99900,200,100067,100,99870,100,100069,100,99868,100
2019-06-28 09:36:10.000000000,100026,230,99975,230,100029,326,99968,226,100030,226,99955,326,100040,100,99944,100,100044,100,99935,100,100045,100,99926,100,100048,100,99924,100,100065,100,99900,200,100067,100,99870,100,100069,100,99868,100
2019-06-28 09:36:20.000000000,100026,482,99975,482,100029,200,99968,100,100030,100,99955,200,100040,100,99944,100,100044,100,99935,100,100045,100,99926,100,100048,100,99924,100,100065,100,99900,200,100067,100,99870,100,100069,100,99868,100
2019-06-28 09:36:30.000000000,100026,482,99975,482,100029,200,99968,100,100030,100,99955,200,100040,100,99944,100,100044,100,99935,100,100045,100,99926,100,100048,100,99924,100,100065,100,99900,200,100067,100,99870,100,100069,100,99868,100
2019-06-28 09:36:40.000000000,100026,230,99975,230,100029,326,99968,226,100030,226,99955,326,100040,100,99944,100,100044,100,99935,100,100045,100,99926,100,100048,100,99924,100,100065,100,99900,200,100067,100,99870,100,100069,100,99868,100
2019-06-28 09:36:42.186639907,100026,230,99999,100,100029,326,99975,230,100030,226,99968,226,100040,100,99955,326,100044,100,99944,100,100045,100,99935,100,100048,100,99926,100,100065,100,99924,100,100067,100,99900,200,100069,100,99870,100
2019-06-28 09:36:42.622438351,100026,230,99999,100,100029,326,99975,230,100030,226,99968,226,100040,100,99955,326,100044,100,99944,100,100045,100,99935,100,100048,100,99926,100,100065,100,99924,100,100067,100,99900,200,100069,100,99870,100
2019-06-28 09:36:43.627379148,100026,130,99999,100,100029,326,99975,230,100030,226,99968,226,100040,100,99955,326,100044,100,99944,100,100045,100,99935,100,100048,100,99926,100,100065,100,99924,100,100067,100,99900,200,100069,100,99868,100
2019-06-28 09:36:50.000000000,100029,330,99999,230,100030,226,99975,226,100040,226,99968,226,100044,100,99955,200,100045,100,99944,100,100048,100,99935,100,100065,100,99926,100,100067,100,99924,100,100069,100,99900,200,100070,100,99868,100
2019-06-28 09:36:53.192630873,100029,330,99999,130,100030,226,99975,226,100040,226,99968,226,100044,100,99955,200,100045,100,99944,100,100048,100,99935,100,100065,100,99926,100,100067,100,99924,100,100069,100,99900,200,100070,100,99868,100
2019-06-28 09:37:00.000000000,100029,330,99975,230,100030,226,99968,226,100040,226,99955,326,100044,100,99944,100,100045,100,99935,100,100048,100,99926,100,100065,100,99924,100,100067,100,99900,200,100069,100,99868,100,100070,100,99866,100
2019-06-28 09:37:10.000000000,100029,276,99975,176,100030,176,99968,176,100040,176,99955,276,100044,176,99944,176,100045,176,99935,176,100048,100,99926,100,100065,100,99924,100,100067,100,99900,200,100069,100,99868,100,100070,100,99866,100
2019-06-28 09:37:10.138469854,100029,276,99975,176,100030,176,99968,176,100040,176,99955,276,100044,176,99944,176,100045,176,99935,176,100048,100,99926,100,100065,100,99924,100,100067,100,99900,200,100069,100,99868,100,100070,100,99866,100
2019-06-28 09:37:20.000000000,100029,296,99975,196,100030,196,99968,196,100040,196,99955,296,100044,196,99944,196,100045,100,99935,100,100048,100,99926,100,100065,100,99924,100,100067,100,99900,200,100069,100,99868,100,100070,100,99866,100
2019-06-28 09:37:21.759735796,100029,296,100011,100,100030,196,99975,196,100040,196,99968,196,100044,96,99955,296,100045,100,99944,196,100048,100,99935,100,100065,100,99926,100,100067,100,99924,100,100069,100,99900,200,100070,100,99868,100
2019-06-28 09:37:30.000000000,100029,391,100011,291,100030,291,99975,291,100040,100,99968,100,100045,100,99955,200,100048,100,99944,100,100065,100,99935,100,100067,100,99926,100,100069,100,99924,100,100070,100,99900,200,100099,100,99868,100
2019-06-28 09:37:40.000000000,100029,391,100011,291,100030,291,99975,291,100040,100,99968,100,100045,100,99955,200,100048,100,99944,100,100065,100,99935,100,100067,100,99926,100,100069,100,99924,100,100070,100,99900,200,100099,100,99868,100
2019-06-28 09:37:46.019524795,100029,391,100011,291,100030,291,99975,291,100040,100,99968,100,100045,100,99955,200,100048,100,99944,100,100065,100,99935,100,100067,100,99926,100,100069,100,99924,100,100070,100,99900,200,100099,100,99868,100
2019-06-28 09:37:50.000000000,100029,296,100011,196,100030,196,99975,196,100040,196,99968,196,100045,196,99955,296,100048,100,99944,100,100065,100,99935,100,100067,100,99926,100,100069,100,99924,100,100070,100,99900,200,100099,100,99868,100
2019-06-28 09:37:53.034426546,100029,196,100011,196,100030,196,99975,196,100040,196,99968,196,100045,196,99955,296,100065,100,99944,100,100067,100,99935,100,100069,100,99926,100,100070,100,99924,100,100099,100,99900,200,100103,100,99868,100
2019-06-28 09:38:00.000000000,100029,230,100011,230,100030,226,99975,226,100040,226,99968,226,100045,100,99955,200,100065,100,99944,100,100067,100,99935,100,100069,100,99926,100,100070,100,99924,100,100099,100,99900,200,100103,100,99868,100
2019-06-28 09:38:00.693289771,100029,230,100026,100,100030,226,100011,230,100040,226,99975,226,100045,100,99968,226,100065,100,99955,200,100067,100,99944,100,100069,100,99935,100,100070,100,99926,100,100099,100,99924,100,100103,100,99900,200
2019-06-28 09:38:08.479200494,100029,130,100026,100,100030,226,100011,230,100040,226,99975,226,100045,100,99968,126,100065,100,99955,200,100067,100,99944,100,100069,100,99935,100,100070,100,99926,100,100099,100,99924,100,100103,100,99900,200
2019-06-28 09:38:10.000000000,100030,230,100026,230,100040,226,100011,226,100045,226,99975,226,100065,100,99955,200,100067,100,99944,100,100069,100,99935,100,100070,100,99926,100,100099,100,99924,100,100103,100,99900,200,100142,100,99868,100
2019-06-28 09:38:12.590552252,100030,230,100026,230,100040,226,100011,226,100045,226,99975,226,100065,100,99955,200,100067,100,99944,100,100069,100,99935,100,100070,100,99926,100,100099,100,99924,100,100103,100,99900,200,100142,100,99868,100
2019-06-28 09:38:20.000000000,100030,196,100026,196,100040,196,100011,196,100045,196,99975,196,100065,196,99955,296,100067,100,99944,100,100069,100,99935,100,100070,100,99926,100,100099,100,99924,100,100103,100,99900,200,100142,100,99868,100
2019-06-28 09:38:29.023974889,100030,96,100026,196,100040,196,100011,196,100045,196,99975,196,100065,196,99955,296,100067,100,99944,100,100069,100,99935,100,100070,100,99926,100,100099,100,99924,100,100103,100,99900,200,100142,100,99868,100
2019-06-28 09:38:29.623579518,100030,96,100026,196,100040,196,100011,196,100045,196,99975,196,100065,196,99955,296,100067,100,99944,100,100069,100,99935,100,100070,100,99926,100,100099,100,99924,100,100103,100,99900,200,100142,100,99868,100
2019-06-28 09:38:30.000000000,100040,230,100026,230,100045,226,100011,226,100065,226,99975,226,100067,100,99955,200,100069,100,99944,100,100070,100,99935,100,100099,100,99926,100,100103,100,99924,100,100142,100,99900,200,100171,100,99868,100
2019-06-28 09:38:40.000000000,100040,291,100026,291,100045,291,100011,291,100065,100,99975,100,100067,100,99955,200,100069,100,99944,100,100070,100,99935,100,100099,100,99926,100,100103,100,99924,100,100142,100,99900,200,100171,100,99868,100
2019-06-28 09:38:40.184411776,100040,291,100026,291,100045,291,100011,291,100065,100,99975,100,100067,100,99955,200,100069,100,99944,100,100070,100,99935,100,100099,100,99926,100,100103,100,99900,200,100142,100,99868,100,100171,100,99866,100
2019-06-28 09:38:48.000709654,100040,291,100029,100,100045,291,100026,291,100065,100,100011,291,100067,100,99975,100,100069,100,99955,200,100070,100,99944,100,100099,100,99935,100,100103,100,99926,100,100142,100,99900,200,100171,100,99868,100
2019-06-28 09:38:50.000000000,100040,230,100029,230,100045,226,100026,226,100065,226,100011,226,100067,100,99975,100,100069,100,99955,200,100070,100,99944,100,100099,100,99935,100,100103,100,99926,100,100142,100,99900,200,100171,100,99868,100
2019-06-28 09:38:52.912941960,100040,230,100029,230,100045,226,100026,226,100065,226,100011,226,100069,100,99975,100,100070,100,99955,200,100099,100,99944,100,100103,100,99935,100,100142,100,99926,100,100171,100,99900,200,100174,100,99868,100
2019-06-28 09:39:00.000000000,100040,196,100029,196,100045,196,100026,196,100065,196,100011,196,100069,196,99975,196,100070,100,99955,200,100099,100,99944,100,100103,100,99935,100,100142,100,99926,100,100171,100,99900,200,100174,100,99868,100
2019-06-28 09:39:10.000000000,100040,196,100029,196,100045,196,100026,196,100065,196,100011,196,100069,196,99975,196,100070,100,99955,200,100099,100,99944,100,100103,100,99935,100,100142,100,99926,100,100171,100,99900,200,100174,100,99868,100
2019-06-28 09:39:17.104292123,100040,196,100029,196,100045,196,100026,196,100065,196,100011,196,100069,196,99975,196,100070,100,99964,100,100099,100,99955,200,100103,100,99944,100,100142,100,99935,100,100171,100,99926,100,100174,100,99900,200
2019-06-28 09:39:20.000000000,100040,230,100029,230,100045,226,100026,226,100065,226,100011,226,100069,100,99975,100,100070,100,99964,100,100099,100,99955,200,100103,100,99944,100,100142,100,99935,100,100171,100,99926,100,100174,100,99900,200
2019-06-28 09:39:30.000000000,100040,230,100029,230,100045,226,100026,226,100065,226,100011,226,100069,100,99975,100,100070,100,99964,100,100099,100,99955,200,100103,100,99944,100,100142,100,99935,100,100171,100,99926,100,100174,100,99900,200
2019-06-28 09:39:39.118693682,100040,230,100029,230,100045,226,100026,226,100065,226,100011,226,100069,100,99975,100,100070,100,99964,100,100099,100,99955,200,100103,100,99944,100,100142,100,99935,100,100171,100,99926,100,100174,100,99900,200
2019-06-28 09:39:40.000000000,100040,176,100029,176,100045,176,100026,176,100065,176,100011,176,100069,176,99975,176,100070,176,99964,176,100099,100,99955,200,100103,100,99944,100,100142,100,99935,100,100171,100,99926,100,100174,100,99900,200
2019-06-28 09:39:50.000000000,100040,291,100029,291,100045,291,100026,291,100065,100,100011,100,100069,100,99975,100,100070,100,99964,100,100099,100,99955,200,100103,100,99944,100,100142,100,99935,100,100171,100,99926,100,100174,100,99900,200
2019-06-28 09:40:00.000000000,100040,482,100029,482,100045,100,100026,100,100065,100,100011,100,100069,100,99975,100,100070,100,99964,100,100099,100,99955,200,100103,100,99944,100,100142,100,99935,100,100171,100,99926,100,100174,100,99900,200
2019-06-28 09:40:10.000000000,100040,291,100029,291,100045,291,100026,291,100065,100,100011,100,100069,100,99975,100,100070,100,99964,100,100099,100,99955,200,100103,100,99944,100,100142,100,99935,100,100171,100,99926,100,100174,100,99900,200
2019-06-28 09:40:17.917275101,100040,191,100029,291,100045,291,100026,291,100065,100,100011,100,100069,100,99975,100,100070,100,99964,100,100099,100,99955,200,100142,100,99944,100,100171,100,99935,100,100174,100,99926,100,100183,100,99900,200
2019-06-28 09:40:20.000000000,100045,482,100029,482,100065,100,100026,100,100069,100,100011,100,100070,100,99975,100,100099,100,99964,100,100142,100,99955,200,100171,100,99944,100,100174,100,99935,100,100183,100,99926,100,100205,100,99900,200
2019-06-28 09:40:30.000000000,100045,196,100029,196,100065,196,100026,196,100069,196,100011,196,100070,196,99975,196,100099,100,99964,100,100142,100,99955,200,100171,100,99944,100,100174,100,99935,100,100183,100,99926,100,100205,100,99900,200
2019-06-28 09:40:32.218215002,100045,96,100029,196,100065,196,100026,196,100069,196,100011,196,100070,196,99975,196,100099,100,99964,100,100142,100,99955,200,100171,100,99944,100,100174,100,99935,100,100183,100,99926,100,100205,100,99900,200
2019-06-28 09:40:36.192983306,100045,96,100029,196,100065,196,100026,196,100069,196,100011,196,100070,96,99975,196,100099,100,99964,100,100142,100,99955,200,100171,100,99944,100,100174,100,99935,100,100183,100,99926,100,100205,100,99900,200
2019-06-28 09:40:40.000000000,100065,291,100029,291,100069,291,100026,291,100099,100,100011,100,100142,100,99975,100,100171,100,99964,100,100174,100,99955,200,100183,100,99944,100,100205,100,99935,100,100313,100,99926,100,100412,100,99900,200
2019-06-28 09:40:49.437587507,100065,291,100029,291,100069,191,100026,291,100099,100,100011,100,100142,100,99975,100,100171,100,99964,100,100174,100,99955,200,100183,100,99944,100,100205,100,99935,100,100313,100,99926,100,100412,100,99900,200
2019-06-28 09:40:50.000000000,100065,176,100029,176,100099,176,100026,176,100142,176,100011,176,100171,176,99975,176,100174,176,99964,176,100183,100,99955,200,100205,100,99944,100,100313,100,99935,100,100412,100,99926,100,100444,100,99900,200
2019-06-28 09:40:55.516715711,100065,176,100029,176,100099,76,100026,176,100142,176,100011,176,100171,176,99975,176,100174,176,99964,176,100183,100,99955,200,100205,100,99944,100,100232,100,99935,100,100313,100,99926,100,100412,100,99900,200
2019-06-28 09:40:57.342276010,100065,176,100029,176,100099,76,100026,176,100142,176,100011,176,100171,176,99975,176,100174,176,99964,176,100183,100,99955,200,100205,100,99944,100,100232,100,99935,100,100307,100,99926,100,100313,100,99900,200
2019-06-28 09:41:00.000000000,100065,482,100029,482,100142,100,100026,100,100171,100,100011,100,100174,100,99975,100,100183,100,99964,100,100205,100,99955,200,100232,100,99944,100,100307,100,99935,100,100313,100,99926,100,100412,100,99900,200
2019-06-28 09:41:06.470464419,100065,382,100029,482,100171,100,100026,100,100174,100,100011,100,100183,100,99975,100,100205,100,99964,100,100232,100,99955,200,100307,100,99944,100,100313,100,99935,100,100412,100,99926,100,100444,100,99900,200
2019-06-28 09:41:10.000000000,100171,291,100029,291,100174,291,100026,291,100183,100,100011,100,100205,100,99975,100,100232,100,99964,100,100307,100,99955,200,100313,100,99944,100,100412,100,99935,100,100444,100,99926,100,100492,100,99900,200
2019-06-28 09:41:10.322082637,100171,291,100029,291,100174,191,100026,291,100183,100,100011,100,100205,100,99975,100,100232,100,99964,100,100307,100,99955,200,100313,100,99944,100,100412,100,99935,100,100434,100,99926,100,100444,100,99900,200
2019-06-28 09:41:20.000000000,100171,230,100029,230,100183,226,100026,226,100205,226,100011,226,100232,100,99975,100,100307,100,99964,100,100313,100,99955,200,100412,100,99944,100,100434,100,99935,100,100444,100,99926,100,100492,100,99900,200
2019-06-28 09:41:30.000000000,100171,482,100029,482,100183,100,100026,100,100205,100,100011,100,100232,100,99975,100,100307,100,99964,100,100313,100,99955,200,100412,100,99944,100,100434,100,99935,100,100444,100,99926,100,100492,100,99900,200
2019-06-28 09:41:38.819197907,100152,100,100029,482,100171,482,100026,100,100183,100,100011,100,100205,100,99975,100,100232,100,99964,100,100307,100,99955,200,100313,100,99944,100,100412,100,99935,100,100434,100,99926,100,100444,100,99900,200
2019-06-28 09:41:40.000000000,100152,230,100029,230,100171,226,100026,226,100183,226,100011,226,100205,100,99975,100,100232,100,99964,100,100307,100,99955,200,100313,100,99944,100,100412,100,99935,100,100434,100,99926,100,100444,100,99900,200
2019-06-28 09:41:50.000000000,100152,176,100029,176,100171,176,100026,176,100183,176,100011,176,100205,176,99975,176,100232,176,99964,176,100307,100,99955,200,100313,100,99944,100,100412,100,99935,100,100434,100,99926,100,100444,100,99900,200
2019-06-28 09:42:00.000000000,100152,230,100029,230,100171,226,100026,226,100183,226,100011,226,100205,100,99975,100,100232,100,99964,100,100307,100,99955,200,100313,100,99944,100,100412,100,99935,100,100434,100,99926,100,100444,100,99900,200
2019-06-28 09:42:09.925223819,100152,230,100029,230,100171,226,100026,226,100183,226,100011,226,100205,100,99975,100,100232,100,99964,100,100307,100,99955,200,100313,100,99935,100,100412,100,99926,100,100434,100,99900,200,100444,100,99868,100
2019-06-28 09:42:10.000000000,100152,196,100029,196,100171,196,100026,196,100183,196,100011,196,100205,196,99975,196,100232,100,99964,100,100307,100,99955,200,100313,100,99935,100,100412,100,99926,100,100434,100,99900,200,100444,100,99868,100
2019-06-28 09:42:11.591295717,100152,196,100029,196,100171,196,100026,196,100183,96,100011,196,100205,196,99975,196,100232,100,99964,100,100307,100,99955,200,100313,100,99935,100,100412,100,99926,100,100434,100,99900,200,100444,100,99868,100
2019-06-28 09:42:20.000000000,100152,291,100029,291,100171,291,100026,291,100205,100,100011,100,100232,100,99975,100,100307,100,99964,100,100313,100,99955,200,100412,100,99935,100,100434,100,99926,100,100444,100,99900,200,100492,100,99868,100
2019-06-28 09:42:30.000000000,100152,176,100029,176,100171,176,100026,176,100205,176,100011,176,100232,176,99975,176,100307,176,99964,176,100313,100,99955,200,100412,100,99935,100,100434,100,99926,100,100444,100,99900,200,100492,100,99868,100
2019-06-28 09:42:34.076105236,100152,76,100029,176,100171,176,100026,176,100205,176,100011,176,100232,176,99975,176,100307,76,99964,176,100313,100,99955,200,100412,100,99935,100,100434,100,99926,100,100444,100,99900,200,100492,100,99868,100
2019-06-28 09:42:40.000000000,100171,176,100029,176,100205,176,100026,176,100232,176,100011,176,100313,176,99975,176,100412,176,99964,176,100434,100,99955,200,100444,100,99935,100,100492,100,99926,100,100493,100,99900,200,100497,100,99868,100
2019-06-28 09:42:40.432017439,100171,176,100045,100,100205,176,100029,176,100232,176,100026,176,100313,176,100011,176,100412,176,99975,176,100434,100,99964,176,100444,100,99955,200,100492,100,99935,100,100493,100,99926,100,100497,100,99900,200
2019-06-28 09:42:45.111918505,100171,76,100045,100,100205,176,100029,176,100232,176,100026,176,100313,176,100011,176,100412,176,99975,176,100434,100,99964,176,100444,100,99955,200,100493,100,99935,100,100497,100,99926,100,100542,100,99900,200
2019-06-28 09:42:50.000000000,100205,196,100045,196,100232,196,100029,196,100313,196,100026,196,100412,196,100011,196,100434,100,99975,100,100444,100,99964,100,100493,100,99955,200,100497,100,99935,100,100542,100,99926,100,100602,100,99900,200
2019-06-28 09:43:00.000000000,100205,230,100045,230,100232,226,100029,226,100313,226,100026,226,100412,100,100011,100,100434,100,99975,100,100444,100,99964,100,100493,100,99955,200,100497,100,99935,100,100542,100,99926,100,100602,100,99900,200
2019-06-28 09:43:02.255454622,100205,130,100045,230,100232,226,100029,226,100313,226,100026,226,100412,100,100011,100,100434,100,99975,100,100444,100,99964,100,100493,100,99955,100,100497,100,99935,100,100542,100,99926,100,100602,100,99900,200
2019-06-28 09:43:10.000000000,100232,482,100045,482,100313,100,100029,100,100412,100,100026,100,100434,100,100011,100,100444,100,99975,100,100493,100,99964,100,100497,100,99955,100,100542,100,99935,100,100602,100,99926,100,100789,100,99900,200
2019-06-28 09:43:14.854015543,100232,482,100045,482,100313,100,100029,100,100412,100,100026,100,100434,100,100011,100,100444,100,99975,100,100493,100,99964,100,100497,100,99955,100,100542,100,99935,100,100602,100,99926,100,100789,100,99900,200
2019-06-28 09:43:15.985040115,100232,482,100045,482,100313,100,100026,100,100412,100,100011,100,100434,100,99975,100,100444,100,99964,100,100493,100,99955,100,100497,100,99935,100,100542,100,99926,100,100602,100,99900,200,100789,100,99868,100
2019-06-28 09:43:20.000000000,100232,482,100045,482,100313,100,100026,100,100412,100,100011,100,100434,100,99975,100,100444,100,99964,100,100493,100,99955,100,100497,100,99935,100,100542,100,99926,100,100602,100,99900,200,100789,100,99868,100
2019-06-28 09:43:27.998433766,100232,482,100045,382,100313,100,100026,100,100412,100,100011,100,100434,100,99975,100,100444,100,99964,100,100493,100,99955,100,100497,100,99935,100,100542,100,99926,100,100602,100,99900,200,100789,100,99868,100
2019-06-28 09:43:29.914653280,100232,482,100045,382,100313,100,100026,100,100412,100,100011,100,100434,100,99975,100,100444,100,99964,100,100493,100,99935,100,100497,100,99926,100,100542,100,99900,200,100602,100,99868,100,100789,100,99866,100
2019-06-28 09:43:30.000000000,100232,196,100026,196,100313,196,100011,196,100412,196,99975,196,100434,196,99964,196,100444,100,99935,100,100493,100,99926,100,100497,100,99900,200,100542,100,99868,100,100602,100,99866,100,100789,100,99839,100
2019-06-28 09:43:40.000000000,100232,482,100026,482,100313,100,100011,100,100412,100,99975,100,100434,100,99964,100,100444,100,99935,100,100493,100,99926,100,100497,100,99900,200,100542,100,99868,100,100602,100,99866,100,100789,100,99839,100
2019-06-28 09:43:50.000000000,100232,482,100026,482,100313,100,100011,100,100412,100,99975,100,100434,100,99964,100,100444,100,99935,100,100493,100,99926,100,100497,100,99900,200,100542,100,99868,100,100602,100,99866,100,100789,100,99839,100
2019-06-28 09:43:51.371010409,100232,482,100171,100,100313,100,100026,482,100412,100,100011,100,100434,100,99975,100,100444,100,99964,100,100493,100,99935,100,100497,100,99926,100,100542,100,99900,200,100602,100,99868,100,100789,100,99866,100
2019-06-28 09:44:00.000000000,100232,291,100171,291,100313,291,100026,291,100412,100,100011,100,100434,100,99975,100,100444,100,99964,100,100493,100,99935,100,100497,100,99926,100,100542,100,99900,200,100602,100,99868,100,100789,100,99866,100
2019-06-28 09:44:06.786642111,100232,191,100171,291,100313,291,100026,291,100412,100,100011,100,100434,100,99975,100,100444,100,99964,100,100493,100,99935,100,100497,100,99926,100,100542,100,99900,200,100602,100,99868,100,100789,100,99866,100
2019-06-28 09:44:10.000000000,100313,482,100171,482,100412,100,100026,100,100434,100,100011,100,100444,100,99975,100,100493,100,99964,100,100497,100,99935,100,100542,100,99926,100,100602,100,99900,200,100789,100,99868,100,100894,100,99866,100
2019-06-28 09:44:20.000000000,100313,176,100171,176,100412,176,100026,176,100434,176,100011,176,100444,176,99975,176,100493,176,99964,176,100497,100,99935,100,100542,100,99926,100,100602,100,99900,200,100789,100,99868,100,100894,100,99866,100
2019-06-28 09:44:27.484547836,100313,176,100171,176,100412,176,100026,176,100434,176,100011,176,100444,176,99975,176,100493,176,99964,176,100497,100,99935,100,100542,100,99926,100,100602,100,99900,100,100789,100,99868,100,100894,100,99866,100
2019-06-28 09:44:30.000000000,100313,196,100171,196,100412,196,100026,196,100434,196,100011,196,100444,196,99975,196,100493,100,99964,100,100497,100,99935,100,100542,100,99926,100,100602,100,99900,100,100789,100,99868,100,100894,100,99866,100
2019-06-28 09:44:30.045952663,100313,96,100171,196,100412,196,100026,196,100434,196,100011,196,100444,196,99975,196,100493,100,99964,100,100497,100,99935,100,100542,100,99926,100,100602,100,99900,100,100789,100,99868,100,100808,100,99866,100
2019-06-28 09:44:30.991027134,100313,96,100205,100,100412,196,100171,196,100434,196,100026,196,100444,196,100011,196,100493,100,99975,196,100497,100,99964,100,100542,100,99935,100,100602,100,99926,100,100789,100,99900,100,100808,100,99868,100
2019-06-28 09:44:40.000000000,100412,482,100205,482,100434,100,100171,100,100444,100,100026,100,100493,100,100011,100,100497,100,99975,100,100542,100,99964,100,100602,100,99935,100,100789,100,99926,100,100808,100,99900,100,100894,100,99868,100
2019-06-28 09:44:42.060026917,100412,382,100205,482,100434,100,100171,100,100444,100,100026,100,100493,100,100011,100,100497,100,99975,100,100542,100,99964,100,100602,100,99935,100,100789,100,99926,100,100808,100,99900,100,100894,100,99868,100
2019-06-28 09:44:50.000000000,100434,482,100205,482,100444,100,100171,100,100493,100,100026,100,100497,100,100011,100,100542,100,99975,100,100602,100,99964,100,100789,100,99935,100,100808,100,99926,100,100894,100,99900,100,100934,100,99868,100
2019-06-28 09:45:00.000000000,100434,482,100205,482,100444,100,100171,100,100493,100,100026,100,100497,100,100011,100,100542,100,99975,100,100602,100,99964,100,100789,100,99935,100,100808,100,99926,100,100894,100,99900,100,100934,100,99868,100
2019-06-28 09:45:00.243159682,100434,482,100205,482,100444,100,100026,100,100493,100,100011,100,100497,100,99975,100,100542,100,99964,100,100602,100,99935,100,100789,100,99926,100,100808,100,99900,100,100894,100,99868,100,100934,100,99866,100
2019-06-28 09:45:04.938362604,100434,382,100205,482,100444,100,100026,100,100493,100,100011,100,100497,100,99975,100,100542,100,99964,100,100602,100,99935,100,100808,100,99926,100,100894,100,99900,100,100934,100,99868,100,100935,100,99866,100
2019-06-28 09:45:07.716367784,100434,382,100205,482,100444,100,100026,100,100493,100,99975,100,100497,100,99964,100,100542,100,99935,100,100602,100,99926,100,100808,100,99900,100,100894,100,99868,100,100934,100,99866,100,100935,100,99839,100
2019-06-28 09:45:10.000000000,100444,291,100205,291,100493,291,100026,291,100497,100,99975,100,100542,100,99964,100,100602,100,99935,100,100808,100,99926,100,100894,100,99900,100,100934,100,99868,100,100935,100,99866,100,,,99839,100
2019-06-28 09:45:19.408988198,100444,291,100205,291,100493,291,100026,291,100497,100,99975,100,100542,100,99964,100,100602,100,99935,100,100755,100,99926,100,100808,100,99900,100,100894,100,99868,100,100934,100,99866,100,100935,100,99839,100
2019-06-28 09:45:20.000000000,100444,291,100205,291,100493,291,100026,291,100497,100,99975,100,100542,100,99964,100,100602,100,99935,100,100755,100,99926,100,100808,100,99900,100,100894,100,99868,100,100934,100,99866,100,100935,100,99839,100
2019-06-28 09:45:30.000000000,100444,291,100205,291,100493,291,100026,291,100497,100,99975,100,100542,100,99964,100,100602,100,99935,100,100755,100,99926,100,100808,100,99900,100,100894,100,99868,100,100934,100,99866,100,100935,100,99839,100
2019-06-28 09:45:40.000000000,100444,291,100205,291,100493,291,100026,291,100497,100,99975,100,100542,100,99964,100,100602,100,99935,100,100755,100,99926,100,100808,100,99900,100,100894,100,99868,100,100934,100,99866,100,100935,100,99839,100
2019-06-28 09:45:42.300441569,100444,291,100205,291,100493,291,100026,291,100497,100,99975,100,100542,100,99964,100,100602,100,99935,100,100755,100,99926,100,100766,100,99900,100,100808,100,99868,100,100894,100,99866,100,100934,100,99839,100
2019-06-28 09:45:50.000000000,100444,196,100205,196,100493,196,100026,196,100497,196,99975,196,100542,196,99964,196,100602,100,99935,100,100755,100,99926,100,100766,100,99900,100,100808,100,99868,100,100894,100,99866,100,100934,100,99839,100
2019-06-28 09:46:00.000000000,100444,230,100205,230,100493,226,100026,226,100497,226,99975,226,100542,100,99964,100,100602,100,99935,100,100755,100,99926,100,100766,100,99900,100,100808,100,99868,100,100894,100,99866,100,100934,100,99839,100
2019-06-28 09:46:10.000000000,100444,176,100205,176,100493,176,100026,176,100497,176,99975,176,100542,176,99964,176,100602,176,99935,176,100755,100,99926,100,100766,100,99900,100,100808,100,99868,100,100894,100,99866,100,100934,100,99839,100
2019-06-28 09:46:12.208893047,100444,176,100205,176,100493,176,100026,176,100497,176,99975,176,100542,176,99964,176,100602,176,99935,176,100755,100,99926,100,100766,100,99900,100,100808,100,99868,100,100894,100,99866,100,100934,100,99839,100
2019-06-28 09:46:20.000000000,100444,196,100205,196,100493,196,100026,196,100497,196,99975,196,100542,196,99964,196,100602,100,99935,100,100755,100,99926,100,100766,100,99900,100,100808,100,99868,100,100894,100,99866,100,100934,100,99839,100
2019-06-28 09:46:30.000000000,100444,482,100205,482,100493,100,100026,100,100497,100,99975,100,100542,100,99964,100,100602,100,99935,100,100755,100,99926,100,100766,100,99900,100,100808,100,99868,100,100894,100,99866,100,100934,100,99839,100
2019-06-28 09:46:40.000000000,100444,291,100205,291,100493,291,100026,291,100497,100,99975,100,100542,100,99964,100,100602,100,99935,100,100755,100,99926,100,100766,100,99900,100,100808,100,99868,100,100894,100,99866,100,100934,100,99839,100
2019-06-28 09:46:45.843905165,100444,191,100205,291,100493,291,100026,291,100497,100,99975,100,100542,100,99964,100,100602,100,99935,100,100755,100,99926,100,100766,100,99900,100,100808,100,99868,100,100894,100,99866,100,100934,100,99839,100
2019-06-28 09:46:49.254368319,100444,91,100205,291,100493,291,100026,291,100497,100,99975,100,100542,100,99964,100,100602,100,99935,100,100755,100,99926,100,100766,100,99900,100,100808,100,99868,100,100894,100,99866,100,100934,100,99839,100
2019-06-28 09:46:49.690224625,100493,291,100444,9,100497,100,100205,291,100542,100,100026,291,100602,100,99975,100,100755,100,99964,100,100766,100,99935,100,100808,100,99926,100,100894,100,99900,100,100934,100,99868,100,100935,100,99866,100
2019-06-28 09:46:50.000000000,100493,176,100444,85,100497,176,100205,176,100542,176,100026,176,100602,176,99975,176,100755,176,99964,176,100766,100,99935,100,100808,100,99926,100,100894,100,99900,100,100934,100,99868,100,100935,100,99866,100
2019-06-28 09:47:00.000000000,100493,176,100444,85,100497,176,100205,176,100542,176,100026,176,100602,176,99975,176,100755,176,99964,176,100766,100,99935,100,100808,100,99926,100,100894,100,99900,100,100934,100,99868,100,100935,100,99866,100
2019-06-28 09:47:10.000000000,100493,196,100444,105,100497,196,100205,196,100542,196,100026,196,100602,196,99975,196,100755,100,99964,100,100766,100,99935,100,100808,100,99926,100,100894,100,99900,100,100934,100,99868,100,100935,100,99866,100
2019-06-28 09:47:14.393825277,100493,196,100444,205,100497,196,100205,196,100542,196,100026,196,100602,196,99975,196,100755,100,99964,100,100766,100,99935,100,100808,100,99926,100,100894,100,99900,100,100934,100,99868,100,100935,100,99866,100
2019-06-28 09:47:20.000000000,100493,291,100444,300,100497,291,100205,291,100542,100,100026,100,100602,100,99975,100,100755,100,99964,100,100766,100,99935,100,100808,100,99926,100,100894,100,99900,100,100934,100,99868,100,100935,100,99866,100
2019-06-28 09:47:24.895356659,100493,291,100444,300,100497,291,100205,291,100542,100,100026,100,100602,100,99975,100,100755,100,99964,100,100766,100,99935,100,100808,100,99926,100,100894,100,99868,100,100934,100,99866,100,100935,100,99839,100
2019-06-28 09:47:30.000000000,100493,230,100444,239,100497,226,100205,226,100542,226,100026,226,100602,100,99975,100,100755,100,99964,100,100766,100,99935,100,100808,100,99926,100,100894,100,99868,100,100934,100,99866,100,100935,100,99839,100
2019-06-28 09:47:40.000000000,100493,230,100444,239,100497,226,100205,226,100542,226,100026,226,100602,100,99975,100,100755,100,99964,100,100766,100,99935,100,100808,100,99926,100,100894,100,99868,100,100934,100,99866,100,100935,100,99839,100
2019-06-28 09:47:47.945021502,100493,230,100444,239,100497,226,100205,226,100542,226,100026,226,100602,100,99975,100,100755,100,99964,100,100766,100,99935,100,100808,100,99926,100,100894,100,99868,100,100934,100,99866,100,100935,100,99839,100
2019-06-28 09:47:50.000000000,100493,176,100444,185,100497,176,100205,176,100542,176,100026,176,100602,176,99975,176,100755,176,99964,176,100766,100,99935,100,100808,100,99926,100,100894,100,99868,100,100934,100,99866,100,100935,100,99839,100
2019-06-28 09:47:59.398794481,100493,176,100444,185,100497,176,100205,176,100542,176,100026,176,100602,176,99975,176,100755,176,99964,176,100766,100,99935,100,100808,100,99926,100,100894,100,99868,100,100934,100,99866,100,101372,100,99839,100
2019-06-28 09:48:00.000000000,100493,482,100444,491,100497,100,100205,100,100542,100,100026,100,100602,100,99975,100,100755,100,99964,100,100766,100,99935,100,100808,100,99926,100,100894,100,99868,100,100934,100,99866,100,101372,100,99839,100
2019-06-28 09:48:06.085872556,100493,382,100444,491,100497,100,100205,100,100542,100,100026,100,100755,100,99975,100,100766,100,99964,100,100808,100,99935,100,100894,100,99926,100,100934,100,99868,100,101372,100,99866,100,101537,100,99839,100
2019-06-28 09:48:10.000000000,100497,196,100444,205,100542,196,100205,196,100755,196,100026,196,100766,196,99975,196,100808,100,99964,100,100894,100,99935,100,100934,100,99926,100,101372,100,99868,100,101537,100,99866,100,101706,100,99839,100
2019-06-28 09:48:20.000000000,100497,291,100444,300,100542,291,100205,291,100755,100,100026,100,100766,100,99975,100,100808,100,99964,100,100894,100,99935,100,100934,100,99926,100,101372,100,99868,100,101537,100,99866,100,101706,100,99839,100
2019-06-28 09:48:28.240664784,100497,191,100444,300,100542,291,100205,291,100755,100,100026,100,100766,100,99975,100,100808,100,99964,100,100894,100,99935,100,100934,100,99926,100,101372,100,99868,100,101537,100,99866,100,101706,100,99839,100
2019-06-28 09:48:30.000000000,100542,230,100444,239,100755,226,100205,226,100766,226,100026,226,100808,100,99975,100,100894,100,99964,100,100934,100,99935,100,101372,100,99926,100,101537,100,99868,100,101706,100,99866,100,,,99839,100
2019-06-28 09:48:30.395638259,100542,230,100444,239,100755,226,100205,226,100766,226,100026,226,100808,100,99975,100,100934,100,99964,100,101079,100,99935,100,101372,100,99926,100,101537,100,99868,100,101706,100,99866,100,,,99839,100
2019-06-28 09:48:32.257134868,100542,230,100493,100,100755,226,100444,239,100766,226,100205,226,100808,100,100026,226,100934,100,99964,100,101079,100,99935,100,101372,100,99926,100,101537,100,99868,100,101706,100,99866,100,,,99839,100
2019-06-28 09:48:40.000000000,100542,230,100493,230,100755,226,100444,235,100766,226,100205,226,100808,100,100026,100,100934,100,99964,100,101079,100,99935,100,101372,100,99926,100,101537,100,99868,100,101706,100,99866,100,,,99839,100
2019-06-28 09:48:43.705385676,100542,130,100493,230,100755,226,100444,235,100766,226,100205,226,100808,100,100026,100,100934,100,99964,100,101079,100,99935,100,101372,100,99926,100,101537,100,99868,100,101706,100,99866,100,,,99839,100
2019-06-28 09:48:43.794133852,100542,30,100493,230,100755,226,100444,235,100766,226,100205,226,100808,100,100026,100,101079,100,99964,100,101372,100,99935,100,101537,100,99926,100,101706,100,99868,100,,,99866,100,,,99839,100
2019-06-28 09:48:50.000000000,100755,176,100493,176,100766,176,100444,185,100808,176,100205,176,101079,176,100026,176,101372,176,99964,176,101537,100,99935,100,101706,100,99926,100,,,99868,100,,,99866,100,,,99839,100
2019-06-28 09:49:00.000000000,100755,230,100493,230,100766,226,100444,235,100808,226,100205,226,101079,100,100026,100,101372,100,99964,100,101537,100,99935,100,101706,100,99926,100,,,99868,100,,,99866,100,,,99839,100
2019-06-28 09:49:10.000000000,100755,482,100493,482,100766,100,100444,109,100808,100,100205,100,101079,100,100026,100,101372,100,99964,100,101537,100,99935,100,101706,100,99926,100,,,99868,100,,,99866,100,,,99839,100
2019-06-28 09:49:20.000000000,100755,291,100493,291,100766,291,100444,300,100808,100,100205,100,101079,100,100026,100,101372,100,99964,100,101537,100,99935,100,101706,100,99926,100,,,99868,100,,,99866,100,,,99839,100
2019-06-28 09:49:20.086047778,100755,291,100493,291,100766,291,100444,300,100808,100,100205,100,101079,100,100026,100,101372,100,99964,100,101537,100,99935,100,101624,100,99926,100,101706,100,99868,100,,,99866,100,,,99839,100
2019-06-28 09:49:30.000000000,100755,230,100493,230,100766,226,100444,235,100808,226,100205,226,101079,100,100026,100,101372,100,99964,100,101537,100,99935,100,101624,100,99926,100,101706,100,99868,100,,,99866,100,,,99839,100
2019-06-28 09:49:40.000000000,100755,176,100493,176,100766,176,100444,185,100808,176,100205,176,101079,176,100026,176,101372,176,99964,176,101537,100,99935,100,101624,100,99926,100,101706,100,99868,100,,,99866,100,,,99839,100
2019-06-28 09:49:46.944934621,100755,76,100493,176,100766,176,100444,185,100808,176,100205,176,101079,176,100026,176,101372,176,99964,176,101537,100,99935,100,101706,100,99926,100,,,99868,100,,,99866,100,,,99839,100
2019-06-28 09:49:50.000000000,100766,230,100493,230,100808,226,100444,235,101079,226,100205,226,101372,100,100026,100,101537,100,99964,100,101706,100,99935,100,,,99926,100,,,99868,100,,,99866,100,,,99839,100
2019-06-28 09:50:00.000000000,100766,482,100493,482,100808,100,100444,109,101079,100,100205,100,101372,100,100026,100,101537,100,99964,100,101706,100,99935,100,,,99926,100,,,99868,100,,,99866,100,,,99839,100
2019-06-28 09:50:02.244351300,100766,482,100542,100,100808,100,100493,482,101079,100,100444,109,101372,100,100205,100,101537,100,100026,100,101706,100,99964,100,,,99935,100,,,99926,100,,,99868,100,,,99866,100
2019-06-28 09:50:03.222156890,100766,482,100542,200,100808,100,100493,482,101079,100,100444,109,101372,100,100205,100,101537,100,100026,100,101706,100,99964,100,,,99935,100,,,99926,100,,,99868,100,,,99866,100
2019-06-28 09:50:10.000000000,100766,176,100542,276,100808,176,100493,176,101079,176,100444,185,101372,176,100205,176,101537,176,100026,176,101706,100,99964,100,,,99935,100,,,99926,100,,,99868,100,,,99866,100
2019-06-28 09:50:20.000000000,100766,230,100542,330,100808,226,100493,226,101079,226,100444,235,101372,100,100205,100,101537,100,100026,100,101706,100,99964,100,,,99935,100,,,99926,100,,,99868,100,,,99866,100
2019-06-28 09:50:20.596830402,100766,230,100542,330,100808,226,100493,226,101079,226,100444,226,101372,100,100205,100,101537,100,100026,100,101706,100,99964,100,101817,100,99935,100,,,99926,100,,,99868,100,,,99866,100
2019-06-28 09:50:30.000000000,100766,482,100542,582,100808,100,100493,100,101079,100,100444,100,101372,100,100205,100,101537,100,100026,100,101706,100,99964,100,101817,100,99935,100,,,99926,100,,,99868,100,,,99866,100
2019-06-28 09:50:40.000000000,100766,230,100542,330,100808,226,100493,226,101079,226,100444,226,101372,100,100205,100,101537,100,100026,100,101706,100,99964,100,101817,100,99935,100,,,99926,100,,,99868,100,,,99866,100
2019-06-28 09:50:48.433154448,100766,130,100542,330,100808,226,100493,226,101079,226,100444,226,101372,100,100205,100,101537,100,100026,100,101706,100,99964,100,101817,100,99935,100,,,99926,100,,,99868,100,,,99866,100
2019-06-28 09:50:50.000000000,100808,230,100542,330,101079,226,100493,226,101372,226,100444,226,101537,100,100205,100,101706,100,100026,100,101817,100,99964,100,,,99935,100,,,99926,100,,,99868,100,,,99866,100
2019-06-28 09:51:00.000000000,100808,196,100542,296,101079,196,100493,196,101372,196,100444,196,101537,196,100205,196,101706,100,100026,100,101817,100,99964,100,,,99935,100,,,99926,100,,,99868,100,,,99866,100
2019-06-28 09:51:02.014404586,100808,96,100542,296,101079,196,100493,196,101372,196,100444,196,101537,196,100205,196,101706,100,100026,100,101817,100,99964,100,,,99935,100,,,99926,100,,,99868,100,,,99866,100
2019-06-28 09:51:10.000000000,101079,196,100542,296,101372,196,100493,196,101537,196,100444,196,101706,196,100205,196,101817,100,100026,100,,,99964,100,,,99935,100,,,99926,100,,,99868,100,,,99866,100
2019-06-28 09:51:20.000000000,101079,196,100542,296,101372,196,100493,196,101537,196,100444,196,101706,196,100205,196,101817,100,100026,100,,,99964,100,,,99935,100,,,99926,100,,,99868,100,,,99866,100
2019-06-28 09:51:30.000000000,101079,291,100542,391,101372,291,100493,291,101537,100,100444,100,101706,100,100205,100,101817,100,100026,100,,,99964,100,,,99935,100,,,99926,100,,,99868,100,,,99866,100
2019-06-28 09:51:34.614792712,101079,191,100542,391,101372,291,100493,291,101537,100,100444,100,101706,100,100205,100,101817,100,100026,100,,,99964,100,,,99935,100,,,99926,100,,,99868,100,,,99866,100
2019-06-28 09:51:40.000000000,101372,291,100542,391,101537,291,100493,291,101706,100,100444,100,101817,100,100205,100,,,100026,100,,,99964,100,,,99935,100,,,99926,100,,,99868,100,,,99866,100
2019-06-28 09:51:47.672725935,101372,291,101098,100,101537,291,100542,391,101706,100,100493,291,101817,100,100444,100,,,100205,100,,,100026,100,,,99964,100,,,99935,100,,,99926,100,,,99868,100
2019-06-28 09:51:50.000000000,101372,176,101098,176,101537,176,100542,276,101706,176,100493,176,101817,176,100444,176,101818,76,100205,176,,,100026,100,,,99964,100,,,99935,100,,,99926,100,,,99868,100
2019-06-28 09:51:51.437210039,101372,176,101098,176,101537,176,100808,100,101706,176,100542,276,101817,176,100493,176,101818,76,100444,176,,,100205,176,,,100026,100,,,99964,100,,,99935,100,,,99926,100
2019-06-28 09:52:00.000000000,101372,196,101098,196,101537,196,100808,196,101706,196,100542,296,101817,196,100493,196,,,100444,100,,,100205,100,,,100026,100,,,99964,100,,,99935,100,,,99926,100
2019-06-28 09:52:10.000000000,101372,482,101098,482,101537,100,100808,100,101706,100,100542,200,101817,100,100493,100,,,100444,100,,,100205,100,,,100026,100,,,99964,100,,,99935,100,,,99926,100
2019-06-28 09:52:10.869619875,101372,482,101229,100,101537,100,101098,482,101706,100,100808,100,101817,100,100542,200,,,100493,100,,,100444,100,,,100205,100,,,100026,100,,,99964,100,,,99935,100
2019-06-28 09:52:20.000000000,101372,482,101229,482,101537,100,101098,100,101706,100,100808,100,101817,100,100542,200,,,100493,100,,,100444,100,,,100205,100,,,100026,100,,,99964,100,,,99935,100
2019-06-28 09:52:30.000000000,101372,482,101229,482,101537,100,101098,100,101706,100,100808,100,101817,100,100542,200,,,100493,100,,,100444,100,,,100205,100,,,100026,100,,,99964,100,,,99935,100
2019-06-28 09:52:37.198910947,101372,482,101229,482,101537,100,101098,100,101706,100,101050,100,101817,100,100808,100,,,100542,200,,,100493,100,,,100444,100,,,100205,100,,,100026,100,,,99964,100
2019-06-28 09:52:40.000000000,101372,230,101229,230,101537,226,101098,226,101706,226,101050,226,101817,100,100808,100,,,100542,200,,,100493,100,,,100444,100,,,100205,100,,,100026,100,,,99964,100
2019-06-28 09:52:50.000000000,101372,482,101229,482,101537,100,101098,100,101706,100,101050,100,101817,100,100808,100,,,100542,200,,,100493,100,,,100444,100,,,100205,100,,,100026,100,,,99964,100
2019-06-28 09:52:50.913898796,101372,482,101229,382,101537,100,101098,100,101706,100,101050,100,101817,100,100542,200,,,100493,100,,,100444,100,,,100205,100,,,100026,100,,,99964,100,,,99935,100
2019-06-28 09:53:00.000000000,101372,176,101098,176,101537,176,101050,176,101706,176,100542,276,101817,176,100493,176,101818,76,100444,176,,,100205,100,,,100026,100,,,99964,100,,,99935,100,,,99926,100
2019-06-28 09:53:05.092729660,101100,100,101098,176,101372,176,101050,76,101537,176,100542,276,101706,176,100493,176,101817,176,100444,176,101818,76,100205,100,,,100026,100,,,99964,100,,,99935,100,,,99926,100
2019-06-28 09:53:10.000000000,101100,230,101098,230,101372,226,100542,326,101537,226,100493,226,101706,100,100444,100,101817,100,100205,100,,,100026,100,,,99964,100,,,99935,100,,,99926,100,,,99866,100
2019-06-28 09:53:20.000000000,101100,482,101098,482,101372,100,100542,200,101537,100,100493,100,101706,100,100444,100,101817,100,100205,100,,,100026,100,,,99964,100,,,99935,100,,,99926,100,,,99866,100
2019-06-28 09:53:27.412885257,101100,382,101098,482,101372,100,100542,200,101537,100,100493,100,101706,100,100444,100,101817,100,100205,100,,,100026,100,,,99964,100,,,99935,100,,,99926,100,,,99866,100
2019-06-28 09:53:29.964526011,101100,382,101098,382,101372,100,100542,200,101537,100,100493,100,101706,100,100444,100,101817,100,100205,100,,,100026,100,,,99964,100,,,99935,100,,,99926,100,,,99866,100
2019-06-28 09:53:30.000000000,101372,230,100542,330,101537,226,100493,226,101706,226,100444,226,101817,100,100205,100,,,100026,100,,,99964,100,,,99935,100,,,99926,100,,,99866,100,,,99839,100
2019-06-28 09:53:34.451238205,101372,230,100542,330,101537,226,100493,226,101706,226,100444,126,101817,100,100205,100,,,100026,100,,,99964,100,,,99935,100,,,99926,100,,,99866,100,,,99839,100
2019-06-28 09:53:40.000000000,101372,196,100542,296,101537,196,100493,196,101706,196,100205,196,101817,196,100026,196,,,99964,100,,,99935,100,,,99926,100,,,99866,100,,,99839,100,,,99831,100
2019-06-28 09:53:50.000000000,101372,230,100542,330,101537,226,100493,226,101706,226,100205,226,101817,100,100026,100,,,99964,100,,,99935,100,,,99926,100,,,99866,100,,,99839,100,,,99831,100
2019-06-28 09:53:53.575518102,101151,100,100542,330,101372,230,100493,226,101537,226,100205,226,101706,226,100026,100,101817,100,99964,100,,,99935,100,,,99926,100,,,99866,100,,,99839,100,,,99831,100
2019-06-28 09:53:56.878534893,101372,230,101257,100,101537,226,100542,330,101706,226,100493,226,101817,100,100205,226,,,100026,100,,,99964,100,,,99935,100,,,99926,100,,,99866,100,,,99839,100
2019-06-28 09:54:00.000000000,101372,176,101257,176,101537,176,100542,276,101706,176,100493,176,101817,176,100205,176,101818,76,100026,176,,,99964,100,,,99935,100,,,99926,100,,,99866,100,,,99839,100
2019-06-28 09:54:04.378324622,101372,176,101257,176,101537,176,100961,100,101706,176,100542,276,101817,176,100493,176,101818,76,100205,176,,,100026,176,,,99964,100,,,99935,100,,,99926,100,,,99866,100
2019-06-28 09:54:10.000000000,101372,482,101257,482,101537,100,100961,100,101706,100,100542,200,101817,100,100493,100,,,100205,100,,,100026,100,,,99964,100,,,99935,100,,,99926,100,,,99866,100
2019-06-28 09:54:13.008077653,101372,482,101257,382,101537,100,100961,100,101706,100,100542,200,101817,100,100493,100,,,100205,100,,,100026,100,,,99964,100,,,99935,100,,,99926,100,,,99866,100
2019-06-28 09:54:20.000000000,101372,291,100961,291,101537,291,100542,391,101706,100,100493,100,101817,100,100205,100,,,100026,100,,,99964,100,,,99935,100,,,99926,100,,,99866,100,,,99839,100
2019-06-28 09:54:20.345048006,101110,100,100961,291,101372,291,100542,391,101537,291,100493,100,101706,100,100205,100,101817,100,100026,100,,,99964,100,,,99935,100,,,99926,100,,,99866,100,,,99839,100
2019-06-28 09:54:30.000000000,101110,176,100961,176,101372,176,100542,276,101537,176,100493,176,101706,176,100205,176,101817,176,100026,176,,,99964,100,,,99935,100,,,99926,100,,,99866,100,,,99839,100
2019-06-28 09:54:40.000000000,101110,291,100961,291,101372,291,100542,391,101537,100,100493,100,101706,100,100205,100,101817,100,100026,100,,,99964,100,,,99935,100,,,99926,100,,,99866,100,,,99839,100
2019-06-28 09:54:43.704392063,101110,291,100961,291,101372,291,100744,100,101537,100,100542,391,101706,100,100493,100,101817,100,100205,100,,,100026,100,,,99964,100,,,99935,100,,,99926,100,,,99866,100
2019-06-28 09:54:48.648446859,101110,191,100961,291,101372,291,100744,100,101537,100,100741,100,101706,100,100542,391,101817,100,100493,100,,,100205,100,,,100026,100,,,99964,100,,,99935,100,,,99926,100
2019-06-28 09:54:50.000000000,101372,176,100961,176,101537,176,100744,176,101706,176,100741,176,101817,176,100542,276,101818,76,100493,176,,,100205,100,,,100026,100,,,99964,100,,,99935,100,,,99926,100
2019-06-28 09:54:57.228126104,101043,100,100961,176,101372,176,100744,176,101537,176,100741,176,101706,176,100542,276,101817,176,100493,176,101818,76,100205,100,,,100026,100,,,99964,100,,,99935,100,,,99926,100
2019-06-28 09:55:00.000000000,101043,230,100961,230,101372,226,100744,226,101537,226,100741,226,101706,100,100542,200,101817,100,100493,100,,,100205,100,,,100026,100,,,99964,100,,,99935,100,,,99926,100
2019-06-28 09:55:01.108917482,101043,230,100961,230,101257,100,100744,226,101372,226,100741,226,101537,226,100542,200,101706,100,100493,100,101817,100,100205,100,,,100026,100,,,99964,100,,,99935,100,,,99926,100
2019-06-28 09:55:10.000000000,101043,291,100961,291,101257,291,100744,291,101372,100,100741,100,101537,100,100542,200,101706,100,100493,100,101817,100,100205,100,,,100026,100,,,99964,100,,,99935,100,,,99926,100
2019-06-28 09:55:20.000000000,101043,482,100961,482,101257,100,100744,100,101372,100,100741,100,101537,100,100542,200,101706,100,100493,100,101817,100,100205,100,,,100026,100,,,99964,100,,,99935,100,,,99926,100
2019-06-28 09:55:22.817975197,101043,482,100961,482,101198,100,100744,100,101257,100,100741,100,101372,100,100542,200,101537,100,100493,100,101706,100,100205,100,,,100026,100,,,99964,100,,,99935,100,,,99926,100
2019-06-28 09:55:25.662485165,101043,382,100961,482,101198,100,100744,100,101257,100,100741,100,101372,100,100542,200,101537,100,100493,100,101706,100,100205,100,,,100026,100,,,99964,100,,,99935,100,,,99926,100
2019-06-28 09:55:30.000000000,101198,230,100961,230,101257,226,100744,226,101372,226,100741,226,101537,100,100542,200,101706,100,100493,100,,,100205,100,,,100026,100,,,99964,100,,,99935,100,,,99926,100
2019-06-28 09:55:40.000000000,101198,196,100961,196,101257,196,100744,196,101372,196,100741,196,101537,196,100542,296,101706,100,100493,100,,,100205,100,,,100026,100,,,99964,100,,,99935,100,,,99926,100
2019-06-28 09:55:40.465997579,101198,196,100961,96,101230,100,100744,196,101257,196,100741,196,101372,196,100542,296,101537,196,100493,100,101706,100,100205,100,,,100026,100,,,99964,100,,,99935,100,,,99926,100
2019-06-28 09:55:49.338462008,101198,96,100961,96,101230,100,100744,196,101257,196,100741,196,101372,196,100542,296,101537,196,100493,100,101706,100,100205,100,,,100026,100,,,99964,100,,,99935,100,,,99926,100
2019-06-28 09:55:50.000000000,101230,482,100744,482,101257,100,100741,100,101372,100,100542,200,101537,100,100493,100,101706,100,100205,100,,,100026,100,,,99964,100,,,99935,100,,,99926,100,,,99866,100
2019-06-28 09:55:52.074648185,101230,382,100744,482,101257,100,100741,100,101372,100,100542,200,101537,100,100493,100,101706,100,100205,100,,,100026,100,,,99964,100,,,99935,100,,,99926,100,,,99866,100
2019-06-28 09:55:56.692343209,101230,382,100744,482,101253,100,100741,100,101257,100,100542,200,101372,100,100493,100,101537,100,100205,100,101706,100,100026,100,,,99964,100,,,99935,100,,,99926,100,,,99866,100
2019-06-28 09:55:58.769404208,101230,382,101135,100,101253,100,100744,482,101257,100,100741,100,101372,100,100542,200,101537,100,100493,100,101706,100,100205,100,,,100026,100,,,99964,100,,,99926,100,,,99866,100
2019-06-28 09:56:00.000000000,101253,230,101135,230,101257,226,100744,226,101372,226,100741,226,101537,100,100542,200,101706,100,100493,100,,,100205,100,,,100026,100,,,99964,100,,,99926,100,,,99866,100
2019-06-28 09:56:10.000000000,101253,482,101135,482,101257,100,100744,100,101372,100,100741,100,101537,100,100542,200,101706,100,100493,100,,,100205,100,,,100026,100,,,99964,100,,,99926,100,,,99866,100
2019-06-28 09:56:10.580701270,101253,482,101198,100,101372,100,101135,482,101537,100,100744,100,101706,100,100741,100,,,100542,200,,,100493,100,,,100205,100,,,100026,100,,,99964,100,,,99926,100
2019-06-28 09:56:12.827323395,101253,382,101198,100,101372,100,101135,482,101537,100,100744,100,101706,100,100741,100,,,100542,200,,,100493,100,,,100205,100,,,100026,100,,,99964,100,,,99926,100
2019-06-28 09:56:20.000000000,101372,482,101198,482,101537,100,101135,100,101706,100,100744,100,,,100741,100,,,100542,200,,,100493,100,,,100205,100,,,100026,100,,,99964,100,,,99926,100
2019-06-28 09:56:30.000000000,101372,291,101198,291,101537,291,101135,291,101706,100,100744,100,,,100741,100,,,100542,200,,,100493,100,,,100205,100,,,100026,100,,,99964,100,,,99926,100
2019-06-28 09:56:40.000000000,101372,176,101198,176,101537,176,101135,176,101706,176,100744,176,101707,76,100741,176,,,100542,276,,,100493,100,,,100205,100,,,100026,100,,,99964,100,,,99926,100
2019-06-28 09:56:50.000000000,101372,196,101198,196,101537,196,101135,196,101706,196,100744,196,101707,96,100741,196,,,100542,200,,,100493,100,,,100205,100,,,100026,100,,,99964,100,,,99926,100
2019-06-28 09:57:00.000000000,101372,176,101198,176,101537,176,101135,176,101706,176,100744,176,101707,76,100741,176,,,100542,276,,,100493,100,,,100205,100,,,100026,100,,,99964,100,,,99926,100
2019-06-28 09:57:05.630952329,101372,176,101198,176,101537,176,101135,176,101706,176,100744,176,101707,76,100741,176,,,100542,276,,,100493,100,,,100205,100,,,99964,100,,,99926,100,,,99866,100
2019-06-28 09:57:05.973381278,101372,176,101198,76,101537,176,101135,176,101706,176,100744,176,101707,76,100741,176,,,100542,276,,,100493,100,,,100205,100,,,99964,100,,,99926,100,,,99866,100
2019-06-28 09:57:10.000000000,101372,176,101135,176,101537,176,100744,176,101706,176,100741,176,101707,76,100542,276,,,100493,176,,,100205,100,,,99964,100,,,99926,100,,,99866,100,,,99839,100
2019-06-28 09:57:20.000000000,101372,230,101135,230,101537,226,100744,226,101706,226,100741,226,,,100542,200,,,100493,100,,,100205,100,,,99964,100,,,99926,100,,,99866,100,,,99839,100
2019-06-28 09:57:30.000000000,101372,176,101135,176,101537,176,100744,176,101706,176,100741,176,101707,76,100542,276,,,100493,176,,,100205,100,,,99964,100,,,99926,100,,,99866,100,,,99839,100
2019-06-28 09:57:40.000000000,101372,230,101135,230,101537,226,100744,226,101706,226,100741,226,,,100542,200,,,100493,100,,,100205,100,,,99964,100,,,99926,100,,,99866,100,,,99839,100
2019-06-28 09:57:50.000000000,101372,230,101135,230,101537,226,100744,226,101706,226,100741,226,,,100542,200,,,100493,100,,,100205,100,,,99964,100,,,99926,100,,,99866,100,,,99839,100
2019-06-28 09:58:00.000000000,101372,230,101135,230,101537,226,100744,226,101706,226,100741,226,,,100542,200,,,100493,100,,,100205,100,,,99964,100,,,99926,100,,,99866,100,,,99839,100
2019-06-28 09:58:06.427591370,101252,100,101135,230,101372,230,100744,226,101537,226,100741,226,101706,226,100542,200,,,100493,100,,,100205,100,,,99964,100,,,99926,100,,,99866,100,,,99839,100
2019-06-28 09:58:10.000000000,101252,196,101135,196,101372,196,100744,196,101537,196,100741,196,101706,196,100542,296,,,100493,100,,,100205,100,,,99964,100,,,99926,100,,,99866,100,,,99839,100
2019-06-28 09:58:20.000000000,101252,291,101135,291,101372,291,100744,291,101537,100,100741,100,101706,100,100542,200,,,100493,100,,,100205,100,,,99964,100,,,99926,100,,,99866,100,,,99839,100
2019-06-28 09:58:23.412020699,101252,291,101135,291,101372,291,101076,100,101537,100,100744,291,101706,100,100741,100,,,100542,200,,,100493,100,,,100205,100,,,99964,100,,,99926,100,,,99866,100
2019-06-28 09:58:30.000000000,101252,230,101135,230,101372,226,101076,226,101537,226,100744,226,101706,100,100741,100,,,100542,200,,,100493,100,,,100205,100,,,99964,100,,,99926,100,,,99866,100
2019-06-28 09:58:36.568113088,101252,230,101135,130,101372,226,101076,226,101537,226,100744,226,101706,100,100741,100,,,100542,200,,,100493,100,,,100205,100,,,99964,100,,,99926,100,,,99866,100
2019-06-28 09:58:40.000000000,101252,196,101076,196,101372,196,100744,196,101537,196,100741,196,101706,196,100542,296,,,100493,100,,,100205,100,,,99964,100,,,99926,100,,,99866,100,,,99839,100
2019-06-28 09:58:42.236272895,101252,196,101076,96,101372,96,100744,196,101537,196,100741,196,101706,196,100542,296,,,100493,100,,,100205,100,,,99964,100,,,99926,100,,,99866,100,,,99839,100
2019-06-28 09:58:50.000000000,101252,196,100744,196,101537,196,100741,196,101706,196,100542,296,101707,96,100493,196,,,100205,100,,,99964,100,,,99926,100,,,99866,100,,,99839,100,,,99831,100
2019-06-28 09:58:51.596605476,101252,196,100744,196,101537,196,100741,196,101706,196,100542,296,101707,96,100493,196,,,100205,100,,,99964,100,,,99926,100,,,99866,100,,,99839,100,,,99831,100
2019-06-28 09:58:56.439793529,101252,196,100744,196,101537,196,100741,196,101706,196,100542,296,101707,96,100493,196,,,100205,100,,,99964,100,,,99950,100,,,99926,100,,,99866,100,,,99839,100
2019-06-28 09:59:00.000000000,101252,291,100744,291,101537,291,100741,291,101706,100,100542,200,,,100493,100,,,100205,100,,,99964,100,,,99950,100,,,99926,100,,,99866,100,,,99839,100
2019-06-28 09:59:08.389950424,101135,100,100744,291,101252,191,100741,291,101537,291,100542,200,101706,100,100493,100,,,100205,100,,,99964,100,,,99950,100,,,99926,100,,,99866,100,,,99839,100
2019-06-28 09:59:10.000000000,101135,196,100744,196,101537,196,100741,196,101706,196,100542,296,101707,96,100493,196,,,100205,100,,,99964,100,,,99950,100,,,99926,100,,,99866,100,,,99839,100
2019-06-28 09:59:20.000000000,101135,230,100744,230,101537,226,100741,226,101706,226,100542,326,,,100493,100,,,100205,100,,,99964,100,,,99950,100,,,99926,100,,,99866,100,,,99839,100
2019-06-28 09:59:30.000000000,101135,230,100744,230,101537,226,100741,226,101706,226,100542,326,,,100493,100,,,100205,100,,,99964,100,,,99950,100,,,99926,100,,,99866,100,,,99839,100
2019-06-28 09:59:40.000000000,101135,196,100744,196,101537,196,100741,196,101706,196,100542,296,101707,96,100493,196,,,100205,100,,,99964,100,,,99950,100,,,99926,100,,,99866,100,,,99839,100
2019-06-28 09:59:45.867625619,101135,196,100744,96,101537,196,100741,196,101706,196,100542,296,101707,96,100493,196,,,100205,100,,,99964,100,,,99950,100,,,99926,100,,,99866,100,,,99839,100
2019-06-28 09:59:50.000000000,101135,482,100741,482,101537,100,100542,200,101706,100,100493,100,,,100205,100,,,99964,100,,,99950,100,,,99926,100,,,99866,100,,,99839,100,,,99831,100
2019-06-28 09:59:55.494483991,101135,482,100741,482,101537,100,100542,200,101706,100,100493,100,,,100205,100,,,99964,100,,,99950,100,,,99926,100,,,99866,100,,,99839,100,,,99831,100
2019-06-28 10:00:00.000000000,101135,291,100741,291,101537,291,100542,391,101706,100,100493,100,,,100205,100,,,99964,100,,,99950,100,,,99926,100,,,99866,100,,,99839,100,,,99831,100
2019-06-28 10:00:05.657913471,101135,291,100741,291,101537,291,100542,391,101706,100,100493,100,,,100205,100,,,99964,100,,,99950,100,,,99866,100,,,99839,100,,,99831,100,,,99827,100
2019-06-28 10:00:09.818306653,101076,100,100741,291,101135,291,100542,391,101537,291,100493,100,101706,100,99964,100,,,99950,100,,,99866,100,,,99839,100,,,99831,100,,,99827,100,,,99803,100
2019-06-28 10:00:10.000000000,101076,196,100741,196,101135,196,100542,296,101537,196,100493,196,101706,196,99964,196,,,99950,100,,,99866,100,,,99839,100,,,99831,100,,,99827,100,,,99803,100
2019-06-28 10:00:14.262537645,101076,196,100741,196,101135,196,100542,296,101537,196,100493,196,101706,196,100006,100,,,99964,196,,,99950,100,,,99866,100,,,99839,100,,,99831,100,,,99827,100
2019-06-28 10:00:15.474328063,101076,196,100741,96,101135,196,100542,296,101537,196,100493,196,101706,196,100006,100,,,99964,196,,,99950,100,,,99866,100,,,99839,100,,,99831,100,,,99827,100
2019-06-28 10:00:20.000000000,101076,196,100542,296,101135,196,100493,196,101537,196,100006,196,101706,196,99964,196,,,99950,100,,,99866,100,,,99839,100,,,99831,100,,,99827,100,,,99803,100
2019-06-28 10:00:30.000000000,101076,176,100542,276,101135,176,100493,176,101537,176,100006,176,101706,176,99964,176,101707,76,99950,176,,,99866,100,,,99839,100,,,99831,100,,,99827,100,,,99803,100
2019-06-28 10:00:38.349997717,101076,176,100542,276,101135,176,100493,176,101537,176,100042,100,101706,176,100006,176,101707,76,99964,176,,,99950,176,,,99866,100,,,99839,100,,,99831,100,,,99827,100
2019-06-28 10:00:40.000000000,101076,196,100542,296,101135,196,100493,196,101537,196,100042,196,101706,196,100006,196,,,99964,100,,,99950,100,,,99866,100,,,99839,100,,,99831,100,,,99827,100
2019-06-28 10:00:50.000000000,101076,230,100542,330,101135,226,100493,226,101537,226,100042,226,101706,100,100006,100,,,99964,100,,,99950,100,,,99866,100,,,99839,100,,,99831,100,,,99827,100
2019-06-28 10:01:00.000000000,101076,196,100542,296,101135,196,100493,196,101537,196,100042,196,101706,196,100006,196,,,99964,100,,,99950,100,,,99866,100,,,99839,100,,,99831,100,,,99827,100
2019-06-28 10:01:10.000000000,101076,291,100542,391,101135,291,100493,291,101537,100,100042,100,101706,100,100006,100,,,99964,100,,,99950,100,,,99866,100,,,99839,100,,,99831,100,,,99827,100
2019-06-28 10:01:14.926731387,100744,100,100542,391,101076,291,100493,291,101135,291,100042,100,101537,100,100006,100,101706,100,99964,100,,,99950,100,,,99866,100,,,99839,100,,,99831,100,,,99827,100
2019-06-28 10:01:20.000000000,100744,291,100542,391,101076,291,100493,291,101135,100,100042,100,101537,100,100006,100,101706,100,99964,100,,,99950,100,,,99866,100,,,99839,100,,,99831,100,,,99827,100
2019-06-28 10:01:30.000000000,100744,482,100542,582,101076,100,100493,100,101135,100,100042,100,101537,100,100006,100,101706,100,99964,100,,,99950,100,,,99866,100,,,99839,100,,,99831,100,,,99827,100
2019-06-28 10:01:34.303163113,100744,482,100542,482,101076,100,100493,100,101135,100,100042,100,101537,100,100006,100,101706,100,99964,100,,,99866,100,,,99839,100,,,99831,100,,,99827,100,,,99803,100
2019-06-28 10:01:40.000000000,100744,196,100542,196,101076,196,100493,196,101135,196,100042,196,101537,196,100006,196,101706,100,99964,100,,,99866,100,,,99839,100,,,99831,100,,,99827,100,,,99803,100
2019-06-28 10:01:50.000000000,100744,196,100542,196,101076,196,100493,196,101135,196,100042,196,101537,196,100006,196,101706,100,99964,100,,,99866,100,,,99839,100,,,99831,100,,,99827,100,,,99803,100
2019-06-28 10:02:00.000000000,100744,482,100542,482,101076,100,100493,100,101135,100,100042,100,101537,100,100006,100,101706,100,99964,100,,,99866,100,,,99839,100,,,99831,100,,,99827,100,,,99803,100
2019-06-28 10:02:10.000000000,100744,482,100542,482,101076,100,100493,100,101135,100,100042,100,101537,100,100006,100,101706,100,99964,100,,,99866,100,,,99839,100,,,99831,100,,,99827,100,,,99803,100
2019-06-28 10:02:12.088795992,100744,482,100542,482,101076,100,100493,100,101135,100,100042,100,101537,100,100006,100,101706,100,99964,100,,,99866,100,,,99839,100,,,99831,100,,,99827,100,,,99579,100
2019-06-28 10:02:20.000000000,100744,176,100542,176,101076,176,100493,176,101135,176,100042,176,101537,176,100006,176,101706,176,99964,176,,,99866,100,,,99839,100,,,99831,100,,,99827,100,,,99579,100
2019-06-28 10:02:29.991134105,100744,176,100542,176,101076,176,100493,176,101135,176,100042,176,101537,176,100006,176,101706,176,99964,176,,,99866,100,,,99839,100,,,99831,100,,,99827,100,,,99579,100
2019-06-28 10:02:30.000000000,100744,482,100542,482,101076,100,100493,100,101135,100,100042,100,101537,100,100006,100,101706,100,99964,100,,,99866,100,,,99839,100,,,99831,100,,,99827,100,,,99579,100
2019-06-28 10:02:36.257840878,100744,482,100542,382,101076,100,100493,100,101135,100,100042,100,101537,100,100006,100,101706,100,99964,100,,,99866,100,,,99839,100,,,99831,100,,,99827,100,,,99579,100
2019-06-28 10:02:38.229225669,100744,482,100542,382,101076,100,100493,100,101135,100,100042,100,101537,100,100006,100,101706,100,99964,100,,,99866,100,,,99839,100,,,99831,100,,,99827,100,,,99656,100
2019-06-28 10:02:40.000000000,100744,230,100493,230,101076,226,100042,226,101135,226,100006,226,101537,100,99964,100,101706,100,99866,100,,,99839,100,,,99831,100,,,99827,100,,,99656,100,,,99579,100
2019-06-28 10:02:42.027351776,100744,230,100493,230,101076,226,100042,226,101135,226,100006,226,101537,100,99964,100,101706,100,99866,100,,,99839,100,,,99831,100,,,99827,100,,,99656,100,,,99579,100
2019-06-28 10:02:42.529697832,100744,230,100493,130,101076,226,100042,226,101135,226,100006,226,101537,100,99964,100,101706,100,99866,100,,,99839,100,,,99831,100,,,99827,100,,,99656,100,,,99579,100
2019-06-28 10:02:48.616315092,100744,230,100493,130,101076,226,100042,226,101135,226,100006,226,101537,100,99964,100,101706,100,99866,100,,,99839,100,,,99831,100,,,99665,100,,,99656,100,,,99579,100
2019-06-28 10:02:49.365986236,100744,230,100493,30,101076,226,100042,226,101135,226,100006,226,101537,100,99964,100,101706,100,99866,100,,,99839,100,,,99831,100,,,99665,100,,,99656,100,,,99579,100
2019-06-28 10:02:50.000000000,100744,291,100042,291,101076,291,100006,291,101135,100,99964,100,101537,100,99866,100,101706,100,99839,100,,,99831,100,,,99665,100,,,99656,100,,,99579,100,,,99531,100
2019-06-28 10:03:00.000000000,100744,291,100042,291,101076,291,100006,291,101135,100,99964,100,101537,100,99866,100,101706,100,99839,100,,,99831,100,,,99665,100,,,99656,100,,,99579,100,,,99531,100
2019-06-28 10:03:10.000000000,100744,482,100042,482,101076,100,100006,100,101135,100,99964,100,101537,100,99866,100,101706,100,99839,100,,,99831,100,,,99665,100,,,99656,100,,,99579,100,,,99531,100
2019-06-28 10:03:20.000000000,100744,230,100042,230,101076,226,100006,226,101135,226,99964,226,101537,100,99866,100,101706,100,99839,100,,,99831,100,,,99665,100,,,99656,100,,,99579,100,,,99531,100
2019-06-28 10:03:30.000000000,100744,291,100042,291,101076,291,100006,291,101135,100,99964,100,101537,100,99866,100,101706,100,99839,100,,,99831,100,,,99665,100,,,99656,100,,,99579,100,,,99531,100
2019-06-28 10:03:40.000000000,100744,196,100042,196,101076,196,100006,196,101135,196,99964,196,101537,196,99866,196,101706,100,99839,100,,,99831,100,,,99665,100,,,99656,100,,,99579,100,,,99531,100
2019-06-28 10:03:50.000000000,100744,176,100042,176,101076,176,100006,176,101135,176,99964,176,101537,176,99866,176,101706,176,99839,176,,,99831,100,,,99665,100,,,99656,100,,,99579,100,,,99531,100
2019-06-28 10:04:00.000000000,100744,176,100042,176,101076,176,100006,176,101135,176,99964,176,101537,176,99866,176,101706,176,99839,176,,,99831,100,,,99665,100,,,99656,100,,,99579,100,,,99531,100
2019-06-28 10:04:08.664399894,100493,100,100042,176,100744,176,100006,176,101076,176,99964,176,101135,176,99866,176,101537,176,99839,176,101706,176,99831,100,,,99665,100,,,99656,100,,,99579,100,,,99531,100
2019-06-28 10:04:10.000000000,100493,482,100042,482,100744,100,100006,100,101076,100,99964,100,101135,100,99866,100,101537,100,99839,100,101706,100,99831,100,,,99665,100,,,99656,100,,,99579,100,,,99531,100
2019-06-28 10:04:20.000000000,100493,291,100042,291,100744,291,100006,291,101076,100,99964,100,101135,100,99866,100,101537,100,99839,100,101706,100,99831,100,,,99665,100,,,99656,100,,,99579,100,,,99531,100
2019-06-28 10:04:23.729303967,100493,291,100042,191,100744,291,100006,291,101076,100,99964,100,101135,100,99866,100,101537,100,99839,100,101706,100,99831,100,,,99665,100,,,99656,100,,,99579,100,,,99531,100
2019-06-28 10:04:30.000000000,100493,291,100006,291,100744,291,99964,291,101076,100,99866,100,101135,100,99839,100,101537,100,99831,100,101706,100,99665,100,,,99656,100,,,99579,100,,,99531,100,,,99501,100
2019-06-28 10:04:40.000000000,100493,196,100006,196,100744,196,99964,196,101076,196,99866,196,101135,196,99839,196,101537,100,99831,100,101706,100,99665,100,,,99656,100,,,99579,100,,,99531,100,,,99501,100
2019-06-28 10:04:50.000000000,100493,291,100006,291,100744,291,99964,291,101076,100,99866,100,101135,100,99839,100,101537,100,99831,100,101706,100,99665,100,,,99656,100,,,99579,100,,,99531,100,,,99501,100
2019-06-28 10:05:00.000000000,100493,291,100006,291,100744,291,99964,291,101076,100,99866,100,101135,100,99839,100,101537,100,99831,100,101706,100,99665,100,,,99656,100,,,99579,100,,,99531,100,,,99501,100
2019-06-28 10:05:04.828094198,100492,100,100006,291,100493,291,99964,291,100744,291,99866,100,101076,100,99839,100,101135,100,99831,100,101537,100,99665,100,101706,100,99656,100,,,99579,100,,,99531,100,,,99501,100
2019-06-28 10:05:04.864177094,100492,200,100006,291,100493,291,99964,291,100744,291,99866,100,101135,100,99839,100,101537,100,99831,100,101706,100,99665,100,,,99656,100,,,99579,100,,,99531,100,,,99501,100
2019-06-28 10:05:06.359029575,100492,200,100006,191,100493,291,99964,291,100744,291,99866,100,101135,100,99839,100,101537,100,99831,100,101706,100,99665,100,,,99656,100,,,99579,100,,,99531,100,,,99501,100
2019-06-28 10:05:08.829281367,100042,100,100006,191,100492,100,99964,291,100493,291,99866,100,100744,291,99839,100,101135,100,99831,100,101537,100,99665,100,101706,100,99656,100,,,99579,100,,,99531,100,,,99501,100
2019-06-28 10:05:10.000000000,100042,176,99964,176,100492,176,99866,176,100493,176,99839,176,100744,176,99831,176,101135,176,99665,176,101537,100,99656,100,101706,100,99579,100,,,99531,100,,,99501,100,,,99496,100
2019-06-28 10:05:20.000000000,100042,291,99964,291,100492,291,99866,291,100493,100,99839,100,100744,100,99831,100,101135,100,99665,100,101537,100,99656,100,101706,100,99579,100,,,99531,100,,,99501,100,,,99496,100
2019-06-28 10:05:30.000000000,100042,482,99964,482,100492,100,99866,100,100493,100,99839,100,100744,100,99831,100,101135,100,99665,100,101537,100,99656,100,101706,100,99579,100,,,99531,100,,,99501,100,,,99496,100
2019-06-28 10:05:40.000000000,100042,176,99964,176,100492,176,99866,176,100493,176,99839,176,100744,176,99831,176,101135,176,99665,176,101537,100,99656,100,101706,100,99579,100,,,99531,100,,,99501,100,,,99496,100
2019-06-28 10:05:50.000000000,100042,230,99964,230,100492,226,99866,226,100493,226,99839,226,100744,100,99831,100,101135,100,99665,100,101537,100,99656,100,101706,100,99579,100,,,99531,100,,,99501,100,,,99496,100
2019-06-28 10:06:00.000000000,100042,176,99964,176,100492,176,99866,176,100493,176,99839,176,100744,176,99831,176,101135,176,99665,176,101537,100,99656,100,101706,100,99579,100,,,99531,100,,,99501,100,,,99496,100
2019-06-28 10:06:08.527544173,100042,76,99964,176,100492,176,99866,176,100493,176,99839,176,100744,176,99831,176,101135,176,99665,176,101537,100,99656,100,101706,100,99579,100,,,99531,100,,,99501,100,,,99496,100
2019-06-28 10:06:10.000000000,100492,176,99964,176,100493,176,99866,176,100744,176,99839,176,101135,176,99831,176,101537,176,99665,176,101706,100,99656,100,,,99579,100,,,99531,100,,,99501,100,,,99496,100
2019-06-28 10:06:16.845037109,100041,100,99964,176,100492,176,99866,176,100493,176,99839,176,100744,176,99831,176,101135,176,99665,176,101537,176,99656,100,101706,100,99579,100,,,99531,100,,,99501,100,,,99496,100
2019-06-28 10:06:20.000000000,100041,482,99964,482,100492,100,99866,100,100493,100,99839,100,100744,100,99831,100,101135,100,99665,100,101537,100,99656,100,101706,100,99579,100,,,99531,100,,,99501,100,,,99496,100
2019-06-28 10:06:30.000000000,100041,196,99964,196,100492,196,99866,196,100493,196,99839,196,100744,196,99831,196,101135,100,99665,100,101537,100,99656,100,101706,100,99579,100,,,99531,100,,,99501,100,,,99496,100
2019-06-28 10:06:40.000000000,100041,291,99964,291,100492,291,99866,291,100493,100,99839,100,100744,100,99831,100,101135,100,99665,100,101537,100,99656,100,101706,100,99579,100,,,99531,100,,,99501,100,,,99496,100
2019-06-28 10:06:43.150128073,100041,291,99964,191,100492,291,99866,291,100493,100,99839,100,100744,100,99831,100,101135,100,99665,100,101537,100,99656,100,101706,100,99579,100,,,99531,100,,,99501,100,,,99496,100
2019-06-28 10:06:50.000000000,100041,482,99866,482,100492,100,99839,100,100493,100,99831,100,100744,100,99665,100,101135,100,99656,100,101537,100,99579,100,101706,100,99531,100,,,99501,100,,,99496,100,,,,
2019-06-28 10:07:00.000000000,100041,230,99866,230,100492,226,99839,226,100493,226,99831,226,100744,100,99665,100,101135,100,99656,100,101537,100,99579,100,101706,100,99531,100,,,99501,100,,,99496,100,,,,
2019-06-28 10:07:02.737062209,100040,100,99866,230,100041,230,99839,226,100492,226,99831,226,100493,226,99665,100,100744,100,99656,100,101135,100,99579,100,101537,100,99531,100,101706,100,99501,100,,,99496,100,,,,
2019-06-28 10:07:10.000000000,100040,196,99866,196,100041,196,99839,196,100492,196,99831,196,100493,196,99665,196,100744,100,99656,100,101135,100,99579,100,101537,100,99531,100,101706,100,99501,100,,,99496,100,,,,
2019-06-28 10:07:20.000000000,100040,291,99866,291,100041,291,99839,291,100492,100,99831,100,100493,100,99665,100,100744,100,99656,100,101135,100,99579,100,101537,100,99531,100,101706,100,99501,100,,,99496,100,,,,
2019-06-28 10:07:30.000000000,100040,196,99866,196,100041,196,99839,196,100492,196,99831,196,100493,196,99665,196,100744,100,99656,100,101135,100,99579,100,101537,100,99531,100,101706,100,99501,100,,,99496,100,,,,
2019-06-28 10:07:40.000000000,100040,291,99866,291,100041,291,99839,291,100492,100,99831,100,100493,100,99665,100,100744,100,99656,100,101135,100,99579,100,101537,100,99531,100,101706,100,99501,100,,,99496,100,,,,
2019-06-28 10:07:46.211465822,100040,291,99866,291,100041,291,99839,291,100492,100,99831,100,100493,100,99665,100,100744,100,99656,100,101135,100,99579,100,101537,100,99531,100,101706,100,99501,100,,,99496,100,,,99336,100
2019-06-28 10:07:50.000000000,100040,482,99866,482,100041,100,99839,100,100492,100,99831,100,100493,100,99665,100,100744,100,99656,100,101135,100,99579,100,101537,100,99531,100,101706,100,99501,100,,,99496,100,,,99336,100
2019-06-28 10:08:00.000000000,100040,176,99866,176,100041,176,99839,176,100492,176,99831,176,100493,176,99665,176,100744,176,99656,176,101135,100,99579,100,101537,100,99531,100,101706,100,99501,100,,,99496,100,,,99336,100
2019-06-28 10:08:10.000000000,100040,196,99866,196,100041,196,99839,196,100492,196,99831,196,100493,196,99665,196,100744,100,99656,100,101135,100,99579,100,101537,100,99531,100,101706,100,99501,100,,,99496,100,,,99336,100
2019-06-28 10:08:16.913284478,100040,196,99866,96,100041,196,99839,196,100492,196,99831,196,100493,196,99665,196,100744,100,99656,100,101135,100,99579,100,101537,100,99531,100,101706,100,99501,100,,,99496,100,,,99336,100
2019-06-28 10:08:20.000000000,100040,482,99839,482,100041,100,99831,100,100492,100,99665,100,100493,100,99656,100,100744,100,99579,100,101135,100,99531,100,101537,100,99501,100,101706,100,99496,100,,,99336,100,,,,
2019-06-28 10:08:22.898059240,99964,100,99839,482,100040,482,99831,100,100041,100,99665,100,100492,100,99656,100,100744,100,99579,100,101135,100,99531,100,101537,100,99501,100,101706,100,99496,100,,,99336,100,,,,
2019-06-28 10:08:30.000000000,99964,482,99839,482,100040,100,99831,100,100041,100,99665,100,100492,100,99656,100,100744,100,99579,100,101135,100,99531,100,101537,100,99501,100,101706,100,99496,100,,,99336,100,,,,
2019-06-28 10:08:40.000000000,99964,230,99839,230,100040,226,99831,226,100041,226,99665,226,100492,100,99656,100,100744,100,99579,100,101135,100,99531,100,101537,100,99501,100,101706,100,99496,100,,,99336,100,,,,
2019-06-28 10:08:50.000000000,99964,196,99839,196,100040,196,99831,196,100041,196,99665,196,100492,196,99656,196,100744,100,99579,100,101135,100,99531,100,101537,100,99501,100,101706,100,99496,100,,,99336,100,,,,
2019-06-28 10:09:00.000000000,99964,230,99839,230,100040,226,99831,226,100041,226,99665,226,100492,100,99656,100,100744,100,99579,100,101135,100,99531,100,101537,100,99501,100,101706,100,99496,100,,,99336,100,,,,
2019-06-28 10:09:10.000000000,99964,176,99839,176,100040,176,99831,176,100041,176,99665,176,100492,176,99656,176,100744,176,99579,176,101135,100,99531,100,101537,100,99501,100,101706,100,99496,100,,,99336,100,,,,
2019-06-28 10:09:20.000000000,99964,196,99839,196,100040,196,99831,196,100041,196,99665,196,100492,196,99656,196,100744,100,99579,100,101135,100,99531,100,101537,100,99501,100,101706,100,99496,100,,,99336,100,,,,
2019-06-28 10:09:20.135375959,99964,196,99839,96,100040,196,99831,196,100041,196,99665,196,100492,196,99656,196,100744,100,99531,100,101135,100,99501,100,101537,100,99496,100,101706,100,99336,100,,,,,,,,
2019-06-28 10:09:28.539111095,99839,4,99831,196,99964,196,99665,196,100040,196,99656,196,100041,196,99531,100,100492,196,99501,100,100744,100,99496,100,101135,100,99336,100,101537,100,,,101706,100,,,,,,
2019-06-28 10:09:30.000000000,99839,386,99831,482,99964,100,99665,100,100040,100,99656,100,100041,100,99531,100,100492,100,99501,100,100744,100,99496,100,101135,100,99336,100,101537,100,,,101706,100,,,,,,
2019-06-28 10:09:40.000000000,99839,195,99831,291,99964,291,99665,291,100040,100,99656,100,100041,100,99531,100,100492,100,99501,100,100744,100,99496,100,101135,100,99336,100,101537,100,,,101706,100,,,,,,
2019-06-28 10:09:50.000000000,99839,195,99831,291,99964,291,99665,291,100040,100,99656,100,100041,100,99531,100,100492,100,99501,100,100744,100,99496,100,101135,100,99336,100,101537,100,,,101706,100,,,,,,
2019-06-28 10:10:00.000000000,99839,195,99831,291,99964,291,99665,291,100040,100,99656,100,100041,100,99531,100,100492,100,99501,100,100744,100,99496,100,101135,100,99336,100,101537,100,,,101706,100,,,,,,
2019-06-28 10:10:10.000000000,99839,195,99831,291,99964,291,99665,291,100040,100,99656,100,100041,100,99531,100,100492,100,99501,100,100744,100,99496,100,101135,100,99336,100,101537,100,,,101706,100,,,,,,
2019-06-28 10:10:13.134312101,99839,195,99831,291,99964,291,99665,291,100040,100,99656,100,100041,100,99558,100,100492,100,99531,100,100744,100,99496,100,101135,100,99336,100,101537,100,,,101706,100,,,,,,
2019-06-28 10:10:20.000000000,99839,195,99831,291,99964,291,99665,291,100040,100,99656,100,100041,100,99558,100,100492,100,99531,100,100744,100,99496,100,101135,100,99336,100,101537,100,,,101706,100,,,,,,
2019-06-28 10:10:30.000000000,99839,80,99831,176,99964,176,99665,176,100040,176,99656,176,100041,176,99558,176,100492,176,99531,176,100744,100,99496,100,101135,100,99336,100,101537,100,,,101706,100,,,,,,
2019-06-28 10:10:30.224969977,99839,80,99831,76,99964,176,99665,176,100040,176,99656,176,100041,176,99558,176,100492,176,99531,176,100744,100,99496,100,101135,100,99336,100,101537,100,,,101706,100,,,,,,
2019-06-28 10:10:31.159668866,99838,100,99831,76,99839,80,99665,176,99964,176,99656,176,100040,176,99558,176,100041,176,99531,176,100492,176,99496,100,100744,100,99336,100,101135,100,,,101537,100,,,101706,100,,
2019-06-28 10:10:40.000000000,99838,196,99665,196,99839,100,99656,196,99964,196,99558,196,100040,196,99531,196,100041,100,99496,100,100492,100,99336,100,100744,100,,,101135,100,,,101537,100,,,101706,100,,
2019-06-28 10:10:42.736638415,99838,196,99665,96,99839,100,99656,196,99964,196,99558,196,100040,196,99531,196,100041,100,99496,100,100492,100,99336,100,100744,100,,,101135,100,,,101537,100,,,101706,100,,
2019-06-28 10:10:50.000000000,99838,176,99656,176,99839,80,99558,176,99964,176,99531,176,100040,176,99496,176,100041,176,99336,176,100492,100,,,100744,100,,,101135,100,,,101537,100,,,101706,100,,
2019-06-28 10:11:00.000000000,99838,176,99656,176,99839,80,99558,176,99964,176,99531,176,100040,176,99496,176,100041,176,99336,176,100492,100,,,100744,100,,,101135,100,,,101537,100,,,101706,100,,
2019-06-28 10:11:01.386731475,99838,176,99656,176,99839,80,99558,176,99964,176,99531,176,100040,176,99496,176,100041,176,99336,176,100492,100,99239,100,100744,100,,,101135,100,,,101537,100,,,101706,100,,
2019-06-28 10:11:03.725827298,99838,176,99656,176,99839,80,99558,176,99964,176,99537,100,100040,176,99531,176,100041,176,99496,176,100492,100,99336,176,100744,100,99239,100,101135,100,,,101537,100,,,101706,100,,
2019-06-28 10:11:08.494507056,99838,176,99656,76,99839,80,99558,176,99964,176,99537,100,100040,176,99531,176,100041,176,99496,176,100492,100,99336,176,100744,100,99239,100,101135,100,,,101537,100,,,101706,100,,
2019-06-28 10:11:10.000000000,99838,230,99558,230,99839,130,99537,226,99964,226,99531,226,100040,100,99496,100,100041,100,99336,100,100492,100,99239,100,100744,100,,,101135,100,,,101537,100,,,101706,100,,
2019-06-28 10:11:11.865542147,99614,100,99558,230,99838,230,99537,226,99839,130,99531,226,99964,226,99496,100,100040,100,99336,100,100041,100,99239,100,100492,100,,,100744,100,,,101135,100,,,101537,100,,
2019-06-28 10:11:20.000000000,99614,482,99558,482,99838,100,99537,100,99839,4,99531,100,99964,100,99496,100,100040,100,99336,100,100041,100,99239,100,100492,100,,,100744,100,,,101135,100,,,101537,100,,
2019-06-28 10:11:30.000000000,99614,176,99558,176,99838,176,99537,176,99839,80,99531,176,99964,176,99496,176,100040,176,99336,176,100041,100,99239,100,100492,100,,,100744,100,,,101135,100,,,101537,100,,
