,ask_price_1,ask_size_1,bid_price_1,bid_size_1,ask_price_2,ask_size_2,bid_price_2,bid_size_2,ask_price_3,ask_size_3,bid_price_3,bid_size_3,ask_price_4,ask_size_4,bid_price_4,bid_size_4,ask_price_5,ask_size_5,bid_price_5,bid_size_5,ask_price_6,ask_size_6,bid_price_6,bid_size_6,ask_price_7,ask_size_7,bid_price_7,bid_size_7,ask_price_8,ask_size_8,bid_price_8,bid_size_8,ask_price_9,ask_size_9,bid_price_9,bid_size_9,ask_price_10,ask_size_10,bid_price_10,bid_size_10
2019-06-28 09:30:00.000000000,99948,100,,,100124,100,,,,,,,,,,,,,,,,,,,,,,,,,,,,,,,,,,
2019-06-28 09:30:00.000000001,99948,100,99937,100,100124,100,99822,100,,,,,,,,,,,,,,,,,,,,,,,,,,,,,,,,
2019-06-28 09:30:00.000000003,100124,100,99937,100,,,99822,100,,,,,,,,,,,,,,,,,,,,,,,,,,,,,,,,
2019-06-28 09:30:00.000000005,100124,100,100001,100,,,99937,100,,,99919,100,,,99822,100,,,,,,,,,,,,,,,,,,,,,,,,
2019-06-28 09:30:00.000000008,100124,100,99937,100,,,99919,100,,,99822,100,,,,,,,,,,,,,,,,,,,,,,,,,,,,
2019-06-28 09:30:00.000000009,100124,100,99948,100,,,99937,100,,,99919,100,,,99822,100,,,,,,,,,,,,,,,,,,,,,,,,
2019-06-28 09:30:00.000000010,100064,100,99948,100,100124,100,99937,100,,,99919,100,,,99822,100,,,,,,,,,,,,,,,,,,,,,,,,
2019-06-28 09:30:00.000000011,100064,100,99948,100,100124,100,99937,100,,,99919,100,,,99900,100,,,99822,100,,,,,,,,,,,,,,,,,,,,
2019-06-28 09:30:00.000000014,100004,100,99948,100,100064,100,99937,100,100124,100,99919,100,,,99900,100,,,99822,100,,,,,,,,,,,,,,,,,,,,
2019-06-28 09:30:00.000000015,100064,100,99948,100,100124,100,99937,100,,,99919,100,,,99900,100,,,99822,100,,,,,,,,,,,,,,,,,,,,
2019-06-28 09:30:00.000000016,100064,100,99948,100,100111,100,99937,100,100124,100,99919,100,,,99900,100,,,99822,100,,,,,,,,,,,,,,,,,,,,
2019-06-28 09:30:00.000000021,100064,100,100008,100,100111,100,99948,100,100124,100,99937,100,,,99919,100,,,99900,100,,,99822,100,,,,,,,,,,,,,,,,
2019-06-28 09:30:00.000000024,100064,100,100008,100,100111,100,99948,100,100124,100,99937,100,,,99919,100,,,99900,100,,,99873,100,,,99822,100,,,,,,,,,,,,
2019-06-28 09:30:00.000000025,100064,100,100011,100,100111,100,100008,100,100121,100,99948,100,100124,100,99937,100,,,99919,100,,,99900,100,,,99873,100,,,99822,100,,,,,,,,
2019-06-28 09:30:00.000000027,100064,100,100011,100,100068,100,100008,100,100111,100,99965,100,100121,100,99948,100,100124,100,99937,100,,,99919,100,,,99900,100,,,99873,100,,,99822,100,,,,
2019-06-28 09:30:00.000000032,100064,100,100011,100,100068,100,100008,100,100111,100,99966,100,100121,100,99965,100,100124,100,99948,100,,,99937,100,,,99919,100,,,99900,100,,,99873,100,,,99822,100
2019-06-28 09:30:00.000000034,100060,100,100011,100,100064,100,100008,100,100068,100,99966,100,100111,100,99965,100,100121,100,99948,100,100124,100,99937,100,100128,100,99919,100,,,99900,100,,,99873,100,,,99822,100
2019-06-28 09:30:00.000000037,100060,100,99966,100,100064,100,99965,100,100068,100,99948,100,100111,100,99937,100,100121,100,99919,100,100124,100,99900,100,100128,100,99873,100,,,99822,100,,,,,,,,
2019-06-28 09:30:00.000000039,100060,100,100008,100,100064,100,99966,100,100068,100,99965,100,100111,100,99948,100,100121,100,99937,100,100124,100,99919,100,100128,100,99900,100,,,99873,100,,,99822,100,,,,
2019-06-28 09:30:00.000000042,100060,100,100009,100,100064,100,100008,100,100068,100,99966,100,100111,100,99965,100,100121,100,99948,100,100124,100,99937,100,100128,100,99919,100,,,99900,100,,,99873,100,,,99822,100
2019-06-28 09:30:00.000000043,100060,100,100009,100,100064,100,100008,100,100068,100,99966,100,100110,100,99965,100,100111,100,99948,100,100121,100,99937,100,100124,100,99919,100,100128,100,99900,100,100141,100,99873,100,,,99822,100
2019-06-28 09:30:00.000000047,100060,100,100008,100,100064,100,99966,100,100068,100,99965,100,100110,100,99948,100,100111,100,99937,100,100121,100,99919,100,100124,100,99900,100,100128,100,99873,100,100141,100,99822,100,,,,
2019-06-28 09:30:00.000000049,100060,100,100008,100,100064,100,99966,100,100068,100,99965,100,100110,100,99948,100,100111,100,99937,100,100121,100,99919,100,100124,100,99900,100,100128,100,99873,100,100141,100,99827,100,,,99822,100
2019-06-28 09:30:00.000000054,100060,100,100008,100,100064,100,99978,100,100068,100,99966,100,100110,100,99965,100,100111,100,99948,100,100121,100,99937,100,100124,100,99919,100,100128,100,99900,100,100141,100,99873,100,,,99827,100
2019-06-28 09:30:00.000000056,100060,100,100008,100,100064,100,99978,100,100068,100,99966,100,100110,100,99965,100,100111,100,99948,100,100121,100,99937,100,100124,100,99919,100,100128,100,99900,100,100141,100,99873,100,100160,100,99827,100
2019-06-28 09:30:00.000000057,100060,100,100008,100,100064,100,99978,100,100068,100,99966,100,100110,100,99965,100,100111,100,99948,100,100121,100,99937,100,100124,100,99919,100,100128,100,99900,100,100141,100,99895,100,100160,100,99873,100
2019-06-28 09:30:00.000000060,100060,100,100009,100,100064,100,100008,100,100068,100,99978,100,100110,100,99966,100,100111,100,99965,100,100121,100,99948,100,100124,100,99937,100,100128,100,99919,100,100141,100,99900,100,100160,100,99895,100
2019-06-28 09:30:00.000000062,100060,100,100009,100,100064,100,100008,100,100068,100,99978,100,100110,100,99966,100,100111,100,99965,100,100121,100,99948,100,100124,100,99937,100,100128,100,99919,100,100141,100,99900,100,100160,100,99895,100
2019-06-28 09:30:00.000000063,100060,100,100009,100,100064,100,100008,100,100068,100,99999,100,100110,100,99978,100,100111,100,99966,100,100121,100,99965,100,100124,100,99948,100,100128,100,99937,100,100141,100,99919,100,100160,100,99900,100
2019-06-28 09:30:00.000000064,100060,100,100009,200,100064,100,100008,100,100068,100,99999,100,100110,100,99978,100,100111,100,99966,100,100121,100,99965,100,100124,100,99948,100,100128,100,99937,100,100141,100,99919,100,100157,100,99900,100
2019-06-28 09:30:00.000000066,100060,100,100009,200,100064,100,100008,100,100068,100,99999,100,100110,100,99978,100,100111,100,99966,100,100121,100,99965,100,100124,100,99948,100,100128,100,99937,100,100130,100,99919,100,100141,100,99900,100
2019-06-28 09:30:00.000000067,100060,100,100009,100,100064,100,100008,100,100068,100,99999,100,100110,100,99978,100,100111,100,99966,100,100121,100,99965,100,100124,100,99948,100,100128,100,99937,100,100130,100,99919,100,100141,100,99900,100
2019-06-28 09:30:00.000000068,100060,100,100009,100,100064,100,100008,100,100068,100,99999,100,100110,100,99978,100,100111,100,99966,100,100121,100,99965,100,100124,100,99959,100,100128,100,99948,100,100130,100,99937,100,100141,100,99919,100
2019-06-28 09:30:00.000000073,100060,100,100009,100,100064,100,100008,100,100068,100,99999,100,100081,100,99978,100,100110,100,99966,100,100111,100,99965,100,100121,100,99959,100,100124,100,99948,100,100128,100,99937,100,100130,100,99919,100
2019-06-28 09:30:00.000000074,100060,100,100008,100,100064,100,99999,100,100068,100,99993,100,100081,100,99978,100,100110,100,99966,100,100111,100,99965,100,100121,100,99959,100,100124,100,99948,100,100128,100,99937,100,100130,100,99919,100
2019-06-28 09:30:00.000000075,100060,100,100009,100,100064,100,100008,100,100068,100,99999,100,100081,100,99993,100,100110,100,99978,100,100111,100,99966,100,100121,100,99965,100,100124,100,99959,100,100128,100,99948,100,100130,100,99937,100
2019-06-28 09:30:00.000000076,100047,100,100009,100,100060,100,100008,100,100064,100,99999,100,100068,100,99993,100,100081,100,99978,100,100110,100,99966,100,100111,100,99965,100,100121,100,99959,100,100124,100,99948,100,100128,100,99937,100
2019-06-28 09:30:00.000000077,100047,100,100009,100,100060,100,100008,100,100064,100,99999,100,100068,100,99993,100,100081,100,99978,100,100110,100,99966,100,100111,100,99965,100,100121,100,99959,100,100124,100,99948,100,100128,100,99937,100
2019-06-28 09:30:00.000000079,100047,100,100009,100,100060,100,100008,100,100064,100,99999,100,100068,100,99993,100,100081,100,99978,100,100110,100,99973,100,100111,100,99966,100,100121,100,99965,100,100124,100,99959,100,100128,100,99948,100
2019-06-28 09:30:00.000000081,100047,100,100009,100,100060,100,100008,100,100064,100,99999,100,100068,100,99993,100,100081,100,99978,100,100110,100,99974,100,100111,100,99973,100,100121,100,99966,100,100124,100,99965,100,100128,100,99959,100
2019-06-28 09:30:00.000000083,100047,100,100009,100,100060,100,100008,100,100064,100,99999,100,100068,100,99993,100,100081,100,99978,100,100110,100,99974,100,100111,100,99973,100,100121,100,99968,100,100124,100,99966,100,100128,100,99965,100
2019-06-28 09:30:00.000000087,100047,100,100030,100,100060,100,100009,100,100064,100,100008,100,100068,100,99999,100,100081,100,99993,100,100110,100,99978,100,100111,100,99974,100,100121,100,99973,100,100124,100,99968,100,100128,100,99966,100
2019-06-28 09:30:00.000000088,100060,100,100009,100,100064,100,100008,100,100068,100,99999,100,100081,100,99993,100,100100,100,99978,100,100110,100,99974,100,100111,100,99973,100,100121,100,99968,100,100124,100,99966,100,100128,100,99965,100
2019-06-28 09:30:00.000000089,100060,100,100009,100,100064,100,100008,100,100068,100,99999,100,100081,100,99993,100,100100,100,99978,100,100110,100,99974,100,100111,100,99973,100,100121,100,99968,100,100124,100,99966,100,100128,100,99965,100
2019-06-28 09:30:00.000000090,100047,100,100009,100,100060,100,100008,100,100064,100,99999,100,100068,100,99993,100,100081,100,99978,100,100100,100,99974,100,100110,100,99973,100,100111,100,99968,100,100121,100,99966,100,100124,100,99965,100
2019-06-28 09:30:00.000000095,100047,300,100030,100,100050,100,100009,100,100060,100,100008,100,100064,100,99999,100,100068,100,99993,100,100081,100,99978,100,100100,100,99974,100,100110,100,99973,100,100111,100,99968,100,100121,100,99966,100
2019-06-28 09:30:00.000000098,100047,300,100030,100,100050,100,100009,100,100060,100,100008,100,100064,100,99999,100,100068,100,99997,100,100081,100,99993,100,100100,100,99978,100,100110,100,99974,100,100111,100,99973,100,100121,100,99968,100
2019-06-28 09:30:10.000000000,100047,398,100030,198,100050,198,100009,198,100060,198,100008,198,100064,198,99999,198,100068,100,99997,100,100081,100,99993,100,100100,100,99978,100,100110,100,99974,100,100111,100,99973,100,100121,100,99968,100
2019-06-28 09:30:19.549487937,100047,398,100030,198,100050,198,100009,198,100060,98,100008,198,100064,198,99999,198,100068,100,99997,100,100081,100,99993,100,100100,100,99978,100,100110,100,99974,100,100111,100,99973,100,100121,100,99968,100
2019-06-28 09:30:20.000000000,100047,690,100030,490,100050,100,100009,100,100064,100,100008,100,100068,100,99999,100,100081,100,99997,100,100100,100,99993,100,100110,100,99978,100,100111,100,99974,100,100121,100,99973,100,100124,100,99968,100
2019-06-28 09:30:30.000000000,100047,378,100030,178,100050,178,100009,178,100064,178,100008,178,100068,178,99999,178,100081,178,99997,178,100100,100,99993,100,100110,100,99978,100,100111,100,99974,100,100121,100,99973,100,100124,100,99968,100
2019-06-28 09:30:33.516590534,100047,278,100030,178,100050,178,100009,178,100064,178,100008,178,100068,178,99999,178,100081,178,99997,178,100100,100,99993,100,100110,100,99978,100,100111,100,99974,100,100121,100,99973,100,100124,100,99968,100
2019-06-28 09:30:36.328964551,100047,278,100030,78,100050,178,100009,178,100064,178,100008,178,100068,178,99999,178,100081,178,99997,178,100100,100,99993,100,100110,100,99978,100,100121,100,99974,100,100124,100,99973,100,100128,100,99968,100
2019-06-28 09:30:40.000000000,100047,278,100009,178,100050,178,100008,178,100064,178,99999,178,100068,178,99997,178,100081,178,99993,178,100100,100,99978,100,100110,100,99974,100,100121,100,99973,100,100124,100,99968,100,100128,100,99966,100
2019-06-28 09:30:50.000000000,100047,333,100009,233,100050,229,100008,229,100064,229,99999,229,100068,100,99997,100,100081,100,99993,100,100100,100,99978,100,100110,100,99974,100,100121,100,99973,100,100124,100,99968,100,100128,100,99966,100
2019-06-28 09:30:55.711980357,100047,333,100009,233,100050,229,100008,229,100064,229,99999,229,100068,100,99997,100,100081,100,99993,100,100100,100,99978,100,100110,100,99974,100,100121,100,99973,100,100128,100,99968,100,100130,100,99966,100
2019-06-28 09:31:00.000000000,100047,590,100009,490,100050,100,100008,100,100064,100,99999,100,100068,100,99997,100,100081,100,99993,100,100100,100,99978,100,100110,100,99974,100,100121,100,99973,100,100128,100,99968,100,100130,100,99966,100
2019-06-28 09:31:01.591744765,100047,590,100009,490,100050,100,100008,100,100064,100,99999,100,100068,100,99997,100,100081,100,99993,100,100100,100,99978,100,100110,100,99974,100,100121,100,99973,100,100128,100,99968,100,100130,100,99966,100
2019-06-28 09:31:07.881675118,100047,590,100009,490,100050,100,100008,100,100064,100,99999,100,100068,100,99997,100,100081,100,99993,100,100100,100,99978,100,100110,100,99975,100,100121,100,99974,100,100128,100,99973,100,100130,100,99968,100
2019-06-28 09:31:08.063774573,100047,590,100009,490,100050,100,100008,100,100064,100,99999,100,100068,100,99997,100,100081,100,99993,100,100100,100,99978,100,100110,100,99975,100,100121,100,99974,100,100128,100,99973,100,100130,100,99968,100
2019-06-28 09:31:10.000000000,100047,590,100009,490,100050,100,100008,100,100064,100,99999,100,100068,100,99997,100,100081,100,99993,100,100100,100,99978,100,100110,100,99975,100,100121,100,99974,100,100128,100,99973,100,100130,100,99968,100
2019-06-28 09:31:16.292493111,100047,590,100009,490,100050,100,100008,100,100064,100,99999,100,100068,100,99997,100,100081,100,99993,100,100100,100,99978,100,100121,100,99975,100,100128,100,99974,100,100130,100,99973,100,100141,100,99968,100
2019-06-28 09:31:20.000000000,100047,590,100009,490,100050,100,100008,100,100064,100,99999,100,100068,100,99997,100,100081,100,99993,100,100100,100,99978,100,100121,100,99975,100,100128,100,99974,100,100130,100,99973,100,100141,100,99968,100
2019-06-28 09:31:30.000000000,100047,395,100009,295,100050,295,100008,295,100064,100,99999,100,100068,100,99997,100,100081,100,99993,100,100100,100,99978,100,100121,100,99975,100,100128,100,99974,100,100130,100,99973,100,100141,100,99968,100
2019-06-28 09:31:31.938159929,100047,395,100009,195,100050,295,100008,295,100064,100,99999,100,100068,100,99997,100,100081,100,99993,100,100100,100,99978,100,100121,100,99975,100,100128,100,99974,100,100130,100,99973,100,100141,100,99968,100
2019-06-28 09:31:40.000000000,100047,278,100008,178,100050,178,99999,178,100064,178,99997,178,100068,178,99993,178,100081,178,99978,178,100100,100,99975,100,100121,100,99974,100,100128,100,99973,100,100130,100,99968,100,100141,100,99966,100
2019-06-28 09:31:43.540373736,100047,278,100008,78,100050,178,99999,178,100064,178,99997,178,100068,178,99993,178,100081,178,99978,178,100100,100,99975,100,100121,100,99974,100,100128,100,99973,100,100130,100,99968,100,100141,100,99966,100
2019-06-28 09:31:44.759704022,100047,278,100008,78,100050,178,99999,178,100064,178,99997,178,100068,178,99993,178,100081,178,99978,178,100100,100,99975,100,100121,100,99974,100,100128,100,99973,100,100130,100,99968,100,100141,100,99966,100
2019-06-28 09:31:50.000000000,100047,278,99999,178,100050,178,99997,178,100064,178,99993,178,100068,178,99978,178,100081,178,99975,178,100100,100,99974,100,100121,100,99973,100,100128,100,99968,100,100130,100,99966,100,100141,100,99965,100
2019-06-28 09:31:53.940201424,100047,278,100003,100,100050,178,99999,178,100064,178,99997,178,100068,178,99993,178,100081,178,99978,178,100100,100,99975,178,100121,100,99974,100,100128,100,99973,100,100130,100,99968,100,100141,100,99965,100
2019-06-28 09:32:00.000000000,100047,395,100003,295,100050,295,99999,295,100064,100,99997,100,100068,100,99993,100,100081,100,99978,100,100100,100,99975,100,100121,100,99974,100,100128,100,99973,100,100130,100,99968,100,100141,100,99965,100
2019-06-28 09:32:10.000000000,100047,278,100003,178,100050,178,99999,178,100064,178,99997,178,100068,178,99993,178,100081,178,99978,178,100100,100,99975,100,100121,100,99974,100,100128,100,99973,100,100130,100,99968,100,100141,100,99965,100
2019-06-28 09:32:20.000000000,100047,333,100003,233,100050,229,99999,229,100064,229,99997,229,100068,100,99993,100,100081,100,99978,100,100100,100,99975,100,100121,100,99974,100,100128,100,99973,100,100130,100,99968,100,100141,100,99965,100
2019-06-28 09:32:29.626471697,100047,333,100003,133,100050,229,99999,229,100064,229,99997,229,100068,100,99993,100,100081,100,99978,100,100100,100,99975,100,100121,100,99973,100,100128,100,99968,100,100130,100,99965,100,100141,100,99959,100
2019-06-28 09:32:30.000000000,100047,590,99999,490,100050,100,99997,100,100064,100,99993,100,100068,100,99978,100,100081,100,99975,100,100100,100,99973,100,100121,100,99968,100,100128,100,99965,100,100130,100,99959,100,100141,100,99950,100
2019-06-28 09:32:40.000000000,100047,333,99999,233,100050,229,99997,229,100064,229,99993,229,100068,100,99978,100,100081,100,99975,100,100100,100,99973,100,100121,100,99968,100,100128,100,99965,100,100130,100,99959,100,100141,100,99950,100
2019-06-28 09:32:50.000000000,100047,395,99999,295,100050,295,99997,295,100064,100,99993,100,100068,100,99978,100,100081,100,99975,100,100100,100,99973,100,100121,100,99968,100,100128,100,99965,100,100130,100,99959,100,100141,100,99950,100
2019-06-28 09:33:00.000000000,100047,333,99999,233,100050,229,99997,229,100064,229,99993,229,100068,100,99978,100,100081,100,99975,100,100100,100,99973,100,100121,100,99968,100,100128,100,99965,100,100130,100,99959,100,100141,100,99950,100
2019-06-28 09:33:00.920854544,100008,100,99999,233,100047,333,99997,229,100050,229,99993,229,100064,229,99978,100,100068,100,99975,100,100081,100,99973,100,100100,100,99968,100,100121,100,99965,100,100128,100,99959,100,100130,100,99950,100
2019-06-28 09:33:10.000000000,100008,233,99999,233,100047,329,99997,229,100050,229,99993,229,100064,100,99978,100,100068,100,99975,100,100081,100,99973,100,100100,100,99968,100,100121,100,99965,100,100128,100,99959,100,100130,100,99950,100
2019-06-28 09:33:20.000000000,100008,295,99999,295,100047,395,99997,295,100050,100,99993,100,100064,100,99978,100,100068,100,99975,100,100081,100,99973,100,100100,100,99968,100,100121,100,99965,100,100128,100,99959,100,100130,100,99950,100
2019-06-28 09:33:30.000000000,100008,178,99999,178,100047,278,99997,178,100050,178,99993,178,100064,178,99978,178,100068,178,99975,178,100081,100,99973,100,100100,100,99968,100,100121,100,99965,100,100128,100,99959,100,100130,100,99950,100
2019-06-28 09:33:31.214463278,100008,178,99999,78,100047,278,99997,178,100050,178,99993,178,100064,178,99978,178,100068,178,99975,178,100081,100,99973,100,100100,100,99968,100,100121,100,99965,100,100128,100,99959,100,100130,100,99950,100
2019-06-28 09:33:32.271123076,100008,178,99999,78,100047,278,99997,178,100050,178,99993,178,100064,178,99978,178,100068,178,99975,178,100081,100,99973,100,100100,100,99968,100,100121,100,99965,100,100128,100,99959,100,100130,100,99950,100
2019-06-28 09:33:40.000000000,100008,198,99997,198,100047,298,99993,198,100050,198,99978,198,100064,198,99975,198,100068,100,99973,100,100081,100,99968,100,100100,100,99965,100,100121,100,99959,100,100128,100,99950,100,100130,100,99948,100
2019-06-28 09:33:50.000000000,100008,490,99997,490,100047,200,99993,100,100050,100,99978,100,100064,100,99975,100,100068,100,99973,100,100081,100,99968,100,100100,100,99965,100,100121,100,99959,100,100128,100,99950,100,100130,100,99948,100
2019-06-28 09:34:00.000000000,100008,178,99997,178,100047,278,99993,178,100050,178,99978,178,100064,178,99975,178,100068,178,99973,178,100081,100,99968,100,100100,100,99965,100,100121,100,99959,100,100128,100,99950,100,100130,100,99948,100
2019-06-28 09:34:00.204168184,100008,178,99997,178,100047,278,99993,178,100050,178,99978,178,100064,178,99975,178,100068,178,99973,178,100081,100,99968,100,100100,100,99965,100,100121,100,99959,100,100128,100,99950,100,100130,100,99948,100
2019-06-28 09:34:10.000000000,100008,295,99997,295,100047,395,99993,295,100050,100,99978,100,100064,100,99975,100,100068,100,99973,100,100081,100,99968,100,100100,100,99965,100,100121,100,99959,100,100128,100,99950,100,100130,100,99948,100
2019-06-28 09:34:12.722851671,100003,100,99997,295,100008,295,99993,295,100047,395,99978,100,100050,100,99975,100,100064,100,99973,100,100068,100,99968,100,100081,100,99965,100,100100,100,99959,100,100121,100,99950,100,100128,100,99948,100
2019-06-28 09:34:15.268272776,100003,100,99997,295,100008,295,99993,295,100047,395,99978,100,100050,100,99975,100,100064,100,99973,100,100068,100,99968,100,100081,100,99965,100,100100,100,99959,100,100121,100,99950,100,100128,100,99948,100
2019-06-28 09:34:20.000000000,100003,233,99997,233,100008,229,99993,229,100047,329,99978,229,100050,100,99975,100,100064,100,99973,100,100068,100,99968,100,100081,100,99965,100,100100,100,99959,100,100121,100,99950,100,100128,100,99948,100
2019-06-28 09:34:30.000000000,100003,178,99997,178,100008,178,99993,178,100047,278,99978,178,100050,178,99975,178,100064,178,99973,178,100068,100,99968,100,100081,100,99965,100,100100,100,99959,100,100121,100,99950,100,100128,100,99948,100
2019-06-28 09:34:36.330191235,100003,178,99997,178,100008,178,99993,178,100047,278,99978,178,100050,178,99975,178,100064,178,99973,178,100068,100,99968,100,100081,100,99965,100,100100,100,99959,100,100121,100,99950,100,100128,100,99919,100
2019-06-28 09:34:40.000000000,100003,490,99997,490,100008,100,99993,100,100047,200,99978,100,100050,100,99975,100,100064,100,99973,100,100068,100,99968,100,100081,100,99965,100,100100,100,99959,100,100121,100,99950,100,100128,100,99919,100
2019-06-28 09:34:41.462350873,100003,490,99997,490,100008,100,99993,100,100047,200,99978,100,100050,100,99975,100,100064,100,99973,100,100068,100,99968,100,100081,100,99965,100,100100,100,99959,100,100121,100,99950,100,100128,100,99919,100
2019-06-28 09:34:46.376551423,100003,490,99997,390,100008,100,99993,100,100047,200,99978,100,100050,100,99975,100,100064,100,99973,100,100068,100,99968,100,100081,100,99965,100,100100,100,99959,100,100121,100,99950,100,100128,100,99919,100
2019-06-28 09:34:50.000000000,100003,490,99993,490,100008,100,99978,100,100047,200,99975,100,100050,100,99973,100,100064,100,99968,100,100068,100,99965,100,100081,100,99959,100,100100,100,99950,100,100121,100,99919,100,100128,100,99895,100
2019-06-28 09:34:56.651728851,100003,490,99993,390,100008,100,99978,100,100047,200,99975,100,100050,100,99973,100,100064,100,99968,100,100068,100,99965,100,100081,100,99959,100,100100,100,99950,100,100121,100,99919,100,100128,100,99895,100
2019-06-28 09:35:00.000000000,100003,295,99978,295,100008,295,99975,295,100047,200,99973,100,100050,100,99968,100,100064,100,99965,100,100068,100,99959,100,100081,100,99950,100,100100,100,99919,100,100121,100,99895,100,100128,100,99886,100
2019-06-28 09:35:10.000000000,100003,490,99978,490,100008,100,99975,100,100047,200,99973,100,100050,100,99968,100,100064,100,99965,100,100068,100,99959,100,100081,100,99950,100,100100,100,99919,100,100121,100,99895,100,100128,100,99886,100
2019-06-28 09:35:15.322032141,100003,490,99978,490,100008,100,99973,100,100047,200,99968,100,100050,100,99965,100,100064,100,99959,100,100068,100,99950,100,100081,100,99919,100,100100,100,99895,100,100121,100,99886,100,100128,100,99873,100
2019-06-28 09:35:15.421433033,100003,490,99978,490,100008,100,99973,100,100047,200,99968,100,100050,100,99965,100,100064,100,99959,100,100068,100,99950,100,100081,100,99919,100,100100,100,99895,100,100121,100,99886,100,100128,100,99873,100
2019-06-28 09:35:20.000000000,100003,490,99978,490,100008,100,99973,100,100047,200,99968,100,100050,100,99965,100,100064,100,99959,100,100068,100,99950,100,100081,100,99919,100,100100,100,99895,100,100121,100,99886,100,100128,100,99873,100
2019-06-28 09:35:30.000000000,100003,490,99978,490,100008,100,99973,100,100047,200,99968,100,100050,100,99965,100,100064,100,99959,100,100068,100,99950,100,100081,100,99919,100,100100,100,99895,100,100121,100,99886,100,100128,100,99873,100
2019-06-28 09:35:35.009794338,100003,490,99978,490,100008,100,99973,100,100047,200,99968,100,100050,100,99965,100,100064,100,99959,100,100068,100,99950,100,100081,100,99919,100,100100,100,99895,100,100121,100,99886,100,100157,100,99873,100
2019-06-28 09:35:37.839968903,100003,490,99978,490,100008,100,99973,100,100047,200,99970,100,100050,100,99968,100,100064,100,99965,100,100068,100,99959,100,100081,100,99950,100,100121,100,99919,100,100157,100,99895,100,100178,100,99886,100
2019-06-28 09:35:38.879335800,100003,490,99998,100,100008,100,99978,490,100047,200,99973,100,100050,100,99970,100,100064,100,99968,100,100068,100,99965,100,100081,100,99959,100,100121,100,99950,100,100157,100,99919,100,100178,100,99895,100
2019-06-28 09:35:40.000000000,100003,198,99998,198,100008,198,99978,198,100047,298,99973,198,100050,198,99970,198,100064,100,99968,100,100068,100,99965,100,100081,100,99959,100,100121,100,99950,100,100157,100,99919,100,100178,100,99895,100
2019-06-28 09:35:50.000000000,100003,178,99998,178,100008,178,99978,178,100047,278,99973,178,100050,178,99970,178,100064,178,99968,178,100068,100,99965,100,100081,100,99959,100,100121,100,99950,100,100157,100,99919,100,100178,100,99895,100
2019-06-28 09:36:00.000000000,100003,198,99998,198,100008,198,99978,198,100047,298,99973,198,100050,198,99970,198,100064,100,99968,100,100068,100,99965,100,100081,100,99959,100,100121,100,99950,100,100157,100,99919,100,100178,100,99895,100
2019-06-28 09:36:10.000000000,100003,295,99998,295,100008,295,99978,295,100047,200,99973,100,100050,100,99970,100,100064,100,99968,100,100068,100,99965,100,100081,100,99959,100,100121,100,99950,100,100157,100,99919,100,100178,100,99895,100
2019-06-28 09:36:10.691301459,100003,295,99998,295,100008,295,99978,295,100047,200,99973,100,100050,100,99970,100,100064,100,99968,100,100068,100,99965,100,100081,100,99959,100,100121,100,99950,100,100157,100,99919,100,100178,100,99895,100
2019-06-28 09:36:17.633580362,100003,195,99998,295,100008,295,99978,295,100047,200,99973,100,100050,100,99970,100,100064,100,99968,100,100068,100,99965,100,100081,100,99959,100,100121,100,99950,100,100157,100,99919,100,100187,100,99895,100
2019-06-28 09:36:20.000000000,100008,295,99998,295,100047,395,99978,295,100050,100,99973,100,100064,100,99970,100,100068,100,99968,100,100081,100,99965,100,100121,100,99959,100,100157,100,99950,100,100187,100,99919,100,100296,100,99895,100
2019-06-28 09:36:27.130351923,100008,195,99998,295,100047,395,99978,295,100050,100,99973,100,100064,100,99970,100,100068,100,99968,100,100081,100,99965,100,100121,100,99959,100,100157,100,99950,100,100187,100,99919,100,100296,100,99895,100
2019-06-28 09:36:30.000000000,100047,278,99998,178,100050,178,99978,178,100064,178,99973,178,100068,178,99970,178,100081,178,99968,178,100121,100,99965,100,100157,100,99959,100,100187,100,99950,100,100296,100,99919,100,,,99895,100
2019-06-28 09:36:40.000000000,100047,298,99998,198,100050,198,99978,198,100064,198,99973,198,100068,198,99970,198,100081,100,99968,100,100121,100,99965,100,100157,100,99959,100,100187,100,99950,100,100296,100,99919,100,,,99895,100
2019-06-28 09:36:44.774278892,100047,298,99998,198,100050,198,99985,100,100064,198,99978,198,100068,198,99973,198,100081,100,99970,198,100121,100,99968,100,100157,100,99965,100,100187,100,99959,100,100296,100,99950,100,,,99919,100
2019-06-28 09:36:50.000000000,100047,395,99998,295,100050,295,99985,295,100064,100,99978,100,100068,100,99973,100,100081,100,99970,100,100121,100,99968,100,100157,100,99965,100,100187,100,99959,100,100296,100,99950,100,,,99919,100
2019-06-28 09:36:51.143436486,100047,395,99998,295,100050,295,99985,295,100064,100,99978,100,100068,100,99973,100,100081,100,99970,100,100121,100,99968,100,100157,100,99965,100,100187,100,99959,100,100296,100,99950,100,,,99895,100
2019-06-28 09:36:57.779104183,100047,395,99998,295,100050,295,99985,295,100064,100,99978,100,100068,100,99973,100,100081,100,99970,100,100121,100,99968,100,100157,100,99965,100,100187,100,99959,100,100257,100,99950,100,100296,100,99895,100
2019-06-28 09:37:00.000000000,100047,333,99998,233,100050,229,99985,229,100064,229,99978,229,100068,100,99973,100,100081,100,99970,100,100121,100,99968,100,100157,100,99965,100,100187,100,99959,100,100257,100,99950,100,100296,100,99895,100
2019-06-28 09:37:01.135153969,100047,333,100003,100,100050,229,99998,233,100064,229,99985,229,100068,100,99978,229,100081,100,99973,100,100121,100,99970,100,100157,100,99968,100,100187,100,99965,100,100257,100,99959,100,100296,100,99950,100
2019-06-28 09:37:10.000000000,100047,333,100003,233,100050,229,99998,229,100064,229,99985,229,100068,100,99978,100,100081,100,99973,100,100121,100,99970,100,100157,100,99968,100,100187,100,99965,100,100257,100,99959,100,100296,100,99950,100
2019-06-28 09:37:20.000000000,100047,298,100003,198,100050,198,99998,198,100064,198,99985,198,100068,198,99978,198,100081,100,99973,100,100121,100,99970,100,100157,100,99968,100,100187,100,99965,100,100257,100,99959,100,100296,100,99950,100
2019-06-28 09:37:30.000000000,100047,333,100003,233,100050,229,99998,229,100064,229,99985,229,100068,100,99978,100,100081,100,99973,100,100121,100,99970,100,100157,100,99968,100,100187,100,99965,100,100257,100,99959,100,100296,100,99950,100
2019-06-28 09:37:40.000000000,100047,395,100003,295,100050,295,99998,295,100064,100,99985,100,100068,100,99978,100,100081,100,99973,100,100121,100,99970,100,100157,100,99968,100,100187,100,99965,100,100257,100,99959,100,100296,100,99950,100
2019-06-28 09:37:40.085193351,100047,395,100003,295,100050,295,99998,295,100064,100,99985,100,100068,100,99978,100,100121,100,99973,100,100147,100,99970,100,100157,100,99968,100,100187,100,99965,100,100257,100,99959,100,100296,100,99950,100
2019-06-28 09:37:41.482765585,100047,295,100003,295,100050,295,99998,295,100064,100,99985,100,100068,100,99978,100,100121,100,99973,100,100147,100,99970,100,100157,100,99968,100,100187,100,99965,100,100257,100,99959,100,100296,100,99950,100
2019-06-28 09:37:47.185408817,100047,295,100003,295,100050,295,99998,295,100064,100,99985,100,100068,100,99978,100,100121,100,99973,100,100147,100,99970,100,100157,100,99968,100,100257,100,99965,100,100296,100,99959,100,100316,100,99950,100
2019-06-28 09:37:50.000000000,100047,198,100003,198,100050,198,99998,198,100064,198,99985,198,100068,198,99978,198,100121,100,99973,100,100147,100,99970,100,100157,100,99968,100,100257,100,99965,100,100296,100,99959,100,100316,100,99950,100
2019-06-28 09:37:50.829997743,100047,198,100003,198,100050,198,99998,198,100064,198,99985,198,100068,198,99978,198,100121,100,99973,100,100147,100,99970,100,100157,100,99968,100,100231,100,99965,100,100257,100,99950,100,100296,100,99895,100
2019-06-28 09:38:00.000000000,100047,198,100003,198,100050,198,99998,198,100064,198,99985,198,100068,198,99978,198,100121,100,99973,100,100147,100,99970,100,100157,100,99968,100,100231,100,99965,100,100257,100,99950,100,100296,100,99895,100
2019-06-28 09:38:10.000000000,100047,198,100003,198,100050,198,99998,198,100064,198,99985,198,100068,198,99978,198,100121,100,99973,100,100147,100,99970,100,100157,100,99968,100,100231,100,99965,100,100257,100,99950,100,100296,100,99895,100
2019-06-28 09:38:20.000000000,100047,178,100003,178,100050,178,99998,178,100064,178,99985,178,100068,178,99978,178,100121,178,99973,178,100147,100,99970,100,100157,100,99968,100,100231,100,99965,100,100257,100,99950,100,100296,100,99895,100
2019-06-28 09:38:30.000000000,100047,233,100003,233,100050,229,99998,229,100064,229,99985,229,100068,100,99978,100,100121,100,99973,100,100147,100,99970,100,100157,100,99968,100,100231,100,99965,100,100257,100,99950,100,100296,100,99895,100
2019-06-28 09:38:31.349883867,100047,133,100003,233,100050,229,99998,229,100064,229,99985,229,100068,100,99978,100,100121,100,99973,100,100147,100,99970,100,100157,100,99968,100,100231,100,99965,100,100257,100,99950,100,100296,100,99895,100
2019-06-28 09:38:33.634542699,100047,33,100003,233,100050,229,99998,229,100064,229,99985,229,100068,100,99978,100,100121,100,99973,100,100147,100,99970,100,100157,100,99968,100,100231,100,99965,100,100257,100,99950,100,100296,100,99895,100
2019-06-28 09:38:40.000000000,100050,295,100003,295,100064,295,99998,295,100068,100,99985,100,100121,100,99978,100,100147,100,99973,100,100157,100,99970,100,100231,100,99968,100,100257,100,99965,100,100296,100,99950,100,100316,100,99895,100
2019-06-28 09:38:50.000000000,100050,198,100003,198,100064,198,99998,198,100068,198,99985,198,100121,198,99978,198,100147,100,99973,100,100157,100,99970,100,100231,100,99968,100,100257,100,99965,100,100296,100,99950,100,100316,100,99895,100
2019-06-28 09:39:00.000000000,100050,198,100003,198,100064,198,99998,198,100068,198,99985,198,100121,198,99978,198,100147,100,99973,100,100157,100,99970,100,100231,100,99968,100,100257,100,99965,100,100296,100,99950,100,100316,100,99895,100
2019-06-28 09:39:05.970824860,100050,198,100047,100,100064,198,100003,198,100068,198,99998,198,100121,198,99985,198,100147,100,99978,198,100157,100,99973,100,100231,100,99970,100,100257,100,99968,100,100296,100,99965,100,100316,100,99950,100
2019-06-28 09:39:10.000000000,100050,295,100047,295,100064,295,100003,295,100068,100,99998,100,100121,100,99985,100,100147,100,99978,100,100157,100,99973,100,100231,100,99970,100,100257,100,99968,100,100296,100,99965,100,100316,100,99950,100
2019-06-28 09:39:20.000000000,100050,490,100047,490,100064,100,100003,100,100068,100,99998,100,100121,100,99985,100,100147,100,99978,100,100157,100,99973,100,100231,100,99970,100,100257,100,99968,100,100296,100,99965,100,100316,100,99950,100
2019-06-28 09:39:30.000000000,100050,490,100047,490,100064,100,100003,100,100068,100,99998,100,100121,100,99985,100,100147,100,99978,100,100157,100,99973,100,100231,100,99970,100,100257,100,99968,100,100296,100,99965,100,100316,100,99950,100
2019-06-28 09:39:34.949335389,100050,490,100047,490,100064,100,100003,100,100068,100,99998,100,100121,100,99978,100,100147,100,99973,100,100157,100,99970,100,100231,100,99968,100,100257,100,99965,100,100296,100,99950,100,100307,100,99895,100
2019-06-28 09:39:39.824009594,100050,490,100047,490,100064,100,99998,100,100068,100,99978,100,100121,100,99973,100,100147,100,99970,100,100157,100,99968,100,100231,100,99965,100,100257,100,99950,100,100296,100,99895,100,100307,100,99886,100
2019-06-28 09:39:40.000000000,100050,295,100047,295,100064,295,99998,295,100068,100,99978,100,100121,100,99973,100,100147,100,99970,100,100157,100,99968,100,100231,100,99965,100,100257,100,99950,100,100296,100,99895,100,100307,100,99886,100
2019-06-28 09:39:46.912125736,100050,195,100047,295,100064,295,99998,295,100068,100,99978,100,100121,100,99973,100,100147,100,99970,100,100157,100,99968,100,100231,100,99965,100,100257,100,99950,100,100296,100,99895,100,100307,100,99886,100
2019-06-28 09:39:50.000000000,100064,198,100047,198,100068,198,99998,198,100121,198,99978,198,100147,198,99973,198,100157,100,99970,100,100231,100,99968,100,100257,100,99965,100,100296,100,99950,100,100307,100,99895,100,100316,100,99886,100
2019-06-28 09:39:55.763418465,100064,198,100048,100,100068,198,100047,198,100121,198,99998,198,100147,198,99978,198,100157,100,99973,198,100231,100,99970,100,100257,100,99968,100,100296,100,99965,100,100307,100,99950,100,100316,100,99895,100
2019-06-28 09:40:00.000000000,100064,198,100048,198,100068,198,100047,198,100121,198,99998,198,100147,198,99978,198,100157,100,99973,100,100231,100,99970,100,100257,100,99968,100,100296,100,99965,100,100307,100,99950,100,100316,100,99895,100
2019-06-28 09:40:04.552844319,100064,198,100048,198,100068,198,100047,198,100121,198,99998,198,100147,198,99978,198,100157,100,99973,100,100231,100,99970,100,100257,100,99968,100,100296,100,99965,100,100307,100,99950,100,100316,100,99895,100
2019-06-28 09:40:05.443409584,100064,198,100048,298,100068,198,100047,198,100121,198,99998,198,100147,198,99978,198,100157,100,99973,100,100231,100,99970,100,100257,100,99968,100,100296,100,99965,100,100307,100,99950,100,100316,100,99895,100
2019-06-28 09:40:10.000000000,100064,490,100048,590,100068,100,100047,100,100121,100,99998,100,100147,100,99978,100,100157,100,99973,100,100231,100,99970,100,100257,100,99968,100,100296,100,99965,100,100307,100,99950,100,100316,100,99895,100
2019-06-28 09:40:20.000000000,100064,233,100048,333,100068,229,100047,229,100121,229,99998,229,100147,100,99978,100,100157,100,99973,100,100231,100,99970,100,100257,100,99968,100,100296,100,99965,100,100307,100,99950,100,100316,100,99895,100
2019-06-28 09:40:24.369443411,100064,133,100048,333,100068,229,100047,229,100121,229,99998,229,100147,100,99978,100,100157,100,99973,100,100231,100,99970,100,100257,100,99968,100,100296,100,99965,100,100307,100,99950,100,100316,100,99895,100
2019-06-28 09:40:30.000000000,100068,178,100048,278,100121,178,100047,178,100147,178,99998,178,100157,178,99978,178,100231,178,99973,178,100257,100,99970,100,100296,100,99968,100,100307,100,99965,100,100316,100,99950,100,100390,100,99895,100
2019-06-28 09:40:40.000000000,100068,198,100048,298,100121,198,100047,198,100147,198,99998,198,100157,198,99978,198,100231,100,99973,100,100257,100,99970,100,100296,100,99968,100,100307,100,99965,100,100316,100,99950,100,100390,100,99895,100
2019-06-28 09:40:42.884032110,100068,198,100050,100,100121,198,100048,298,100147,198,100047,198,100157,198,99998,198,100231,100,99978,198,100257,100,99973,100,100296,100,99970,100,100307,100,99968,100,100316,100,99965,100,100390,100,99950,100
2019-06-28 09:40:49.835439442,100068,98,100050,100,100121,198,100048,298,100147,198,100047,198,100157,198,99998,198,100231,100,99978,198,100257,100,99973,100,100296,100,99970,100,100307,100,99968,100,100316,100,99965,100,100390,100,99950,100
2019-06-28 09:40:50.000000000,100121,198,100050,198,100147,198,100048,298,100157,198,100047,198,100231,198,99998,198,100257,100,99978,100,100296,100,99973,100,100307,100,99970,100,100316,100,99968,100,100390,100,99965,100,,,99950,100
2019-06-28 09:41:00.000000000,100121,233,100050,233,100147,229,100048,329,100157,229,100047,229,100231,100,99998,100,100257,100,99978,100,100296,100,99973,100,100307,100,99970,100,100316,100,99968,100,100390,100,99965,100,,,99950,100
2019-06-28 09:41:09.654451189,100121,133,100050,233,100147,229,100048,329,100157,229,100047,229,100231,100,99998,100,100257,100,99978,100,100296,100,99973,100,100307,100,99970,100,100316,100,99968,100,100390,100,99965,100,,,99950,100
2019-06-28 09:41:10.000000000,100147,295,100050,295,100157,295,100048,395,100231,100,100047,100,100257,100,99998,100,100296,100,99978,100,100307,100,99973,100,100316,100,99970,100,100390,100,99968,100,,,99965,100,,,99950,100
2019-06-28 09:41:20.000000000,100147,295,100050,295,100157,295,100048,395,100231,100,100047,100,100257,100,99998,100,100296,100,99978,100,100307,100,99973,100,100316,100,99970,100,100390,100,99968,100,,,99965,100,,,99950,100
2019-06-28 09:41:21.800984338,100147,295,100050,295,100157,295,100048,395,100231,100,100047,100,100257,100,99998,100,100296,100,99978,100,100307,100,99973,100,100316,100,99970,100,100390,100,99968,100,100545,100,99965,100,,,99950,100
2019-06-28 09:41:24.067744179,100147,295,100050,295,100157,295,100048,395,100231,100,100047,100,100257,100,99998,100,100296,100,99978,100,100307,100,99973,100,100316,100,99970,100,100390,100,99968,100,100445,100,99965,100,100545,100,99950,100
2019-06-28 09:41:25.204991235,100147,295,100050,295,100157,295,100048,395,100231,100,100047,100,100257,100,99998,100,100296,100,99978,100,100307,100,99973,100,100316,100,99970,100,100390,100,99968,100,100445,100,99965,100,100497,100,99950,100
2019-06-28 09:41:30.000000000,100147,490,100050,490,100157,100,100048,200,100231,100,100047,100,100257,100,99998,100,100296,100,99978,100,100307,100,99973,100,100316,100,99970,100,100390,100,99968,100,100445,100,99965,100,100497,100,99950,100
2019-06-28 09:41:40.000000000,100147,178,100050,178,100157,178,100048,278,100231,178,100047,178,100257,178,99998,178,100296,178,99978,178,100307,100,99973,100,100316,100,99970,100,100390,100,99968,100,100445,100,99965,100,100497,100,99950,100
2019-06-28 09:41:50.000000000,100147,295,100050,295,100157,295,100048,395,100231,100,100047,100,100257,100,99998,100,100296,100,99978,100,100307,100,99973,100,100316,100,99970,100,100390,100,99968,100,100445,100,99965,100,100497,100,99950,100
2019-06-28 09:41:52.332890915,100147,195,100050,295,100157,295,100048,395,100231,100,100047,100,100257,100,99998,100,100296,100,99978,100,100307,100,99973,100,100316,100,99970,100,100390,100,99968,100,100445,100,99965,100,100497,100,99950,100
2019-06-28 09:42:00.000000000,100157,198,100050,198,100231,198,100048,298,100257,198,100047,198,100296,198,99998,198,100307,100,99978,100,100316,100,99973,100,100390,100,99970,100,100445,100,99968,100,100497,100,99965,100,,,99950,100
2019-06-28 09:42:05.964754941,100157,198,100121,100,100231,198,100050,198,100257,198,100048,298,100296,198,100047,198,100307,100,99998,198,100316,100,99978,100,100390,100,99973,100,100445,100,99970,100,100497,100,99968,100,,,99965,100
2019-06-28 09:42:10.000000000,100157,178,100121,178,100231,178,100050,178,100257,178,100048,278,100296,178,100047,178,100307,178,99998,178,100316,100,99978,100,100390,100,99973,100,100445,100,99970,100,100497,100,99968,100,,,99965,100
2019-06-28 09:42:20.000000000,100157,178,100121,178,100231,178,100050,178,100257,178,100048,278,100296,178,100047,178,100307,178,99998,178,100316,100,99978,100,100390,100,99973,100,100445,100,99970,100,100497,100,99968,100,,,99965,100
2019-06-28 09:42:21.337195623,100157,178,100121,178,100231,178,100050,178,100257,178,100048,278,100296,178,100047,178,100307,178,99998,178,100316,100,99978,100,100384,100,99973,100,100390,100,99970,100,100445,100,99968,100,100497,100,99965,100
2019-06-28 09:42:30.000000000,100157,178,100121,178,100231,178,100050,178,100257,178,100048,278,100296,178,100047,178,100307,178,99998,178,100316,100,99978,100,100384,100,99973,100,100390,100,99970,100,100445,100,99968,100,100497,100,99965,100
2019-06-28 09:42:40.000000000,100157,295,100121,295,100231,295,100050,295,100257,100,100048,200,100296,100,100047,100,100307,100,99998,100,100316,100,99978,100,100384,100,99973,100,100390,100,99970,100,100445,100,99968,100,100497,100,99965,100
2019-06-28 09:42:50.000000000,100157,198,100121,198,100231,198,100050,198,100257,198,100048,298,100296,198,100047,198,100307,100,99998,100,100316,100,99978,100,100384,100,99973,100,100390,100,99970,100,100445,100,99968,100,100497,100,99965,100
2019-06-28 09:42:52.968060493,100157,198,100121,198,100231,198,100112,100,100257,198,100050,198,100296,198,100048,298,100307,100,100047,198,100316,100,99998,100,100384,100,99978,100,100390,100,99973,100,100445,100,99970,100,100497,100,99968,100
2019-06-28 09:43:00.000000000,100157,233,100121,233,100231,229,100112,229,100257,229,100050,229,100296,100,100048,200,100307,100,100047,100,100316,100,99998,100,100384,100,99978,100,100390,100,99973,100,100445,100,99970,100,100497,100,99968,100
2019-06-28 09:43:10.000000000,100157,178,100121,178,100231,178,100112,178,100257,178,100050,178,100296,178,100048,278,100307,178,100047,178,100316,100,99998,100,100384,100,99978,100,100390,100,99973,100,100445,100,99970,100,100497,100,99968,100
2019-06-28 09:43:20.000000000,100157,198,100121,198,100231,198,100112,198,100257,198,100050,198,100296,198,100048,298,100307,100,100047,100,100316,100,99998,100,100384,100,99978,100,100390,100,99973,100,100445,100,99970,100,100497,100,99968,100
2019-06-28 09:43:30.000000000,100157,178,100121,178,100231,178,100112,178,100257,178,100050,178,100296,178,100048,278,100307,178,100047,178,100316,100,99998,100,100384,100,99978,100,100390,100,99973,100,100445,100,99970,100,100497,100,99968,100
2019-06-28 09:43:40.000000000,100157,178,100121,178,100231,178,100112,178,100257,178,100050,178,100296,178,100048,278,100307,178,100047,178,100316,100,99998,100,100384,100,99978,100,100390,100,99973,100,100445,100,99970,100,100497,100,99968,100
2019-06-28 09:43:50.000000000,100157,233,100121,233,100231,229,100112,229,100257,229,100050,229,100296,100,100048,200,100307,100,100047,100,100316,100,99998,100,100384,100,99978,100,100390,100,99973,100,100445,100,99970,100,100497,100,99968,100
2019-06-28 09:43:55.995886754,100157,233,100121,133,100231,229,100112,229,100257,229,100050,229,100296,100,100048,200,100307,100,100047,100,100316,100,99998,100,100384,100,99978,100,100390,100,99973,100,100445,100,99970,100,100497,100,99968,100
2019-06-28 09:44:00.000000000,100157,233,100112,233,100231,229,100050,229,100257,229,100048,329,100296,100,100047,100,100307,100,99998,100,100316,100,99978,100,100384,100,99973,100,100390,100,99970,100,100445,100,99968,100,100497,100,99950,100
2019-06-28 09:44:03.002495488,100125,100,100112,233,100157,233,100050,229,100231,229,100048,329,100257,229,100047,100,100296,100,99998,100,100307,100,99978,100,100316,100,99973,100,100384,100,99970,100,100390,100,99968,100,100445,100,99950,100
2019-06-28 09:44:10.000000000,100125,295,100112,295,100157,295,100050,295,100231,100,100048,200,100257,100,100047,100,100296,100,99998,100,100307,100,99978,100,100316,100,99973,100,100384,100,99970,100,100390,100,99968,100,100445,100,99950,100
2019-06-28 09:44:20.000000000,100125,178,100112,178,100157,178,100050,178,100231,178,100048,278,100257,178,100047,178,100296,178,99998,178,100307,100,99978,100,100316,100,99973,100,100384,100,99970,100,100390,100,99968,100,100445,100,99950,100
2019-06-28 09:44:30.000000000,100125,178,100112,178,100157,178,100050,178,100231,178,100048,278,100257,178,100047,178,100296,178,99998,178,100307,100,99978,100,100316,100,99973,100,100384,100,99970,100,100390,100,99968,100,100445,100,99950,100
2019-06-28 09:44:40.000000000,100125,295,100112,295,100157,295,100050,295,100231,100,100048,200,100257,100,100047,100,100296,100,99998,100,100307,100,99978,100,100316,100,99973,100,100384,100,99970,100,100390,100,99968,100,100445,100,99950,100
2019-06-28 09:44:41.361779263,100125,295,100112,295,100157,295,100050,295,100231,100,100048,200,100257,100,100047,100,100296,100,99998,100,100307,100,99978,100,100316,100,99973,100,100384,100,99970,100,100390,100,99968,100,100445,100,99963,100
2019-06-28 09:44:50.000000000,100125,233,100112,233,100157,229,100050,229,100231,229,100048,329,100257,100,100047,100,100296,100,99998,100,100307,100,99978,100,100316,100,99973,100,100384,100,99970,100,100390,100,99968,100,100445,100,99963,100
2019-06-28 09:45:00.000000000,100125,295,100112,295,100157,295,100050,295,100231,100,100048,200,100257,100,100047,100,100296,100,99998,100,100307,100,99978,100,100316,100,99973,100,100384,100,99970,100,100390,100,99968,100,100445,100,99963,100
2019-06-28 09:45:06.696047381,100125,295,100112,295,100157,295,100050,295,100231,100,100048,200,100257,100,100047,100,100294,100,99998,100,100296,100,99978,100,100307,100,99973,100,100316,100,99970,100,100384,100,99963,100,100390,100,99950,100
2019-06-28 09:45:10.000000000,100125,233,100112,233,100157,229,100050,229,100231,229,100048,329,100257,100,100047,100,100294,100,99998,100,100296,100,99978,100,100307,100,99973,100,100316,100,99970,100,100384,100,99963,100,100390,100,99950,100
2019-06-28 09:45:20.000000000,100125,178,100112,178,100157,178,100050,178,100231,178,100048,278,100257,178,100047,178,100294,178,99998,178,100296,100,99978,100,100307,100,99973,100,100316,100,99970,100,100384,100,99963,100,100390,100,99950,100
2019-06-28 09:45:30.000000000,100125,295,100112,295,100157,295,100050,295,100231,100,100048,200,100257,100,100047,100,100294,100,99998,100,100296,100,99978,100,100307,100,99973,100,100316,100,99970,100,100384,100,99963,100,100390,100,99950,100
2019-06-28 09:45:32.583428993,100125,295,100112,295,100146,100,100050,295,100157,295,100048,100,100231,100,100047,100,100257,100,99998,100,100294,100,99978,100,100296,100,99973,100,100307,100,99970,100,100316,100,99963,100,100384,100,99950,100
2019-06-28 09:45:34.017784712,100125,295,100112,195,100146,100,100050,295,100157,295,100048,100,100231,100,100047,100,100257,100,99998,100,100294,100,99978,100,100296,100,99973,100,100307,100,99970,100,100316,100,99950,100,100384,100,99895,100
2019-06-28 09:45:40.000000000,100125,490,100050,490,100146,100,100048,100,100157,100,100047,100,100231,100,99998,100,100257,100,99978,100,100294,100,99973,100,100296,100,99970,100,100307,100,99950,100,100316,100,99895,100,100384,100,99886,100
2019-06-28 09:45:50.000000000,100125,490,100050,490,100146,100,100048,100,100157,100,100047,100,100231,100,99998,100,100257,100,99978,100,100294,100,99973,100,100296,100,99970,100,100307,100,99950,100,100316,100,99895,100,100384,100,99886,100
2019-06-28 09:46:00.000000000,100125,295,100050,295,100146,295,100048,295,100157,100,100047,100,100231,100,99998,100,100257,100,99978,100,100294,100,99973,100,100296,100,99970,100,100307,100,99950,100,100316,100,99895,100,100384,100,99886,100
2019-06-28 09:46:01.758500020,100125,295,100050,295,100146,295,100048,295,100157,100,100047,100,100231,100,99998,100,100257,100,99978,100,100294,100,99973,100,100296,100,99970,100,100307,100,99950,100,100316,100,99895,100,100384,100,99886,100
2019-06-28 09:46:06.584474267,100125,295,100050,195,100146,295,100048,295,100157,100,100047,100,100231,100,99998,100,100257,100,99978,100,100294,100,99973,100,100296,100,99970,100,100307,100,99950,100,100316,100,99895,100,100384,100,99886,100
2019-06-28 09:46:07.820873149,100125,295,100050,95,100146,295,100048,295,100157,100,100047,100,100231,100,99998,100,100257,100,99978,100,100294,100,99973,100,100296,100,99970,100,100307,100,99950,100,100316,100,99895,100,100384,100,99886,100
2019-06-28 09:46:10.000000000,100125,198,100048,198,100146,198,100047,198,100157,198,99998,198,100231,198,99978,198,100257,100,99973,100,100294,100,99970,100,100296,100,99950,100,100307,100,99895,100,100316,100,99886,100,100384,100,99873,100
2019-06-28 09:46:10.402552154,100125,198,100048,98,100146,198,100047,198,100157,198,99998,198,100231,198,99978,198,100257,100,99973,100,100294,100,99970,100,100296,100,99950,100,100307,100,99895,100,100316,100,99886,100,100384,100,99873,100
2019-06-28 09:46:20.000000000,100125,198,100047,198,100146,198,99998,198,100157,198,99978,198,100231,198,99973,198,100257,100,99970,100,100294,100,99950,100,100296,100,99895,100,100307,100,99886,100,100316,100,99873,100,100384,100,99838,100
2019-06-28 09:46:21.662360663,100125,198,100047,98,100146,198,99998,198,100157,198,99978,198,100231,198,99973,198,100257,100,99970,100,100294,100,99950,100,100296,100,99895,100,100307,100,99886,100,100316,100,99873,100,100384,100,99838,100
2019-06-28 09:46:24.178785844,100048,100,100047,98,100125,198,99998,198,100146,198,99978,198,100157,198,99973,198,100231,198,99970,100,100257,100,99950,100,100294,100,99895,100,100296,100,99886,100,100307,100,99873,100,100316,100,99838,100
2019-06-28 09:46:30.000000000,100048,198,99998,198,100125,198,99978,198,100146,198,99973,198,100157,198,99970,198,100231,100,99950,100,100257,100,99895,100,100294,100,99886,100,100296,100,99873,100,100307,100,99838,100,100316,100,99827,100
2019-06-28 09:46:34.809726189,100048,198,99998,198,100125,198,99978,198,100146,198,99973,198,100157,198,99970,198,100231,200,99950,100,100257,100,99895,100,100294,100,99886,100,100296,100,99873,100,100307,100,99838,100,100316,100,99827,100
2019-06-28 09:46:40.000000000,100048,198,99998,198,100125,198,99978,198,100146,198,99973,198,100157,198,99970,198,100231,200,99950,100,100257,100,99895,100,100294,100,99886,100,100296,100,99873,100,100307,100,99838,100,100316,100,99827,100
2019-06-28 09:46:50.000000000,100048,490,99998,490,100125,100,99978,100,100146,100,99973,100,100157,100,99970,100,100231,200,99950,100,100257,100,99895,100,100294,100,99886,100,100296,100,99873,100,100307,100,99838,100,100316,100,99827,100
2019-06-28 09:46:50.509145698,100048,390,99998,490,100125,100,99978,100,100146,100,99973,100,100157,100,99970,100,100231,200,99950,100,100257,100,99895,100,100294,100,99886,100,100296,100,99873,100,100307,100,99838,100,100316,100,99827,100
2019-06-28 09:46:50.682291535,100048,390,99998,490,100125,100,99978,100,100146,100,99973,100,100157,100,99970,100,100231,200,99950,100,100257,100,99895,100,100294,100,99886,100,100296,100,99873,100,100307,100,99838,100,100316,100,99827,100
2019-06-28 09:47:00.000000000,100125,233,99998,233,100146,229,99978,229,100157,229,99973,229,100231,200,99970,100,100257,100,99950,100,100294,100,99895,100,100296,100,99886,100,100307,100,99873,100,100316,100,99838,100,100384,100,99827,100
2019-06-28 09:47:02.357213156,100125,133,99998,233,100146,229,99978,229,100157,229,99973,229,100231,200,99970,100,100257,100,99950,100,100296,100,99895,100,100307,100,99886,100,100316,100,99873,100,100384,100,99838,100,100476,100,99827,100
2019-06-28 09:47:10.000000000,100146,295,99998,295,100157,295,99978,295,100231,200,99973,100,100257,100,99970,100,100296,100,99950,100,100307,100,99895,100,100316,100,99886,100,100384,100,99873,100,100476,100,99838,100,100497,100,99827,100
2019-06-28 09:47:14.489587206,100146,295,99998,295,100157,295,99978,295,100231,200,99973,100,100257,100,99970,100,100296,100,99950,100,100307,100,99895,100,100316,100,99886,100,100384,100,99873,100,100476,100,99838,100,100497,100,99726,100
2019-06-28 09:47:20.000000000,100146,198,99998,198,100157,198,99978,198,100231,298,99973,198,100257,198,99970,198,100296,100,99950,100,100307,100,99895,100,100316,100,99886,100,100384,100,99873,100,100476,100,99838,100,100497,100,99726,100
2019-06-28 09:47:28.061802290,100146,198,100048,100,100157,198,99998,198,100231,298,99978,198,100257,198,99973,198,100296,100,99970,198,100307,100,99950,100,100316,100,99895,100,100384,100,99886,100,100476,100,99873,100,100497,100,99838,100
2019-06-28 09:47:30.000000000,100146,233,100048,233,100157,229,99998,229,100231,329,99978,229,100257,100,99973,100,100296,100,99970,100,100307,100,99950,100,100316,100,99895,100,100384,100,99886,100,100476,100,99873,100,100497,100,99838,100
2019-06-28 09:47:33.989505881,100146,133,100048,233,100157,229,99998,229,100231,329,99978,229,100257,100,99973,100,100296,100,99970,100,100307,100,99950,100,100316,100,99895,100,100384,100,99886,100,100476,100,99873,100,100497,100,99838,100
2019-06-28 09:47:40.000000000,100157,295,100048,295,100231,395,99998,295,100257,100,99978,100,100296,100,99973,100,100307,100,99970,100,100316,100,99950,100,100384,100,99895,100,100476,100,99886,100,100497,100,99873,100,100508,100,99838,100
2019-06-28 09:47:50.000000000,100157,233,100048,233,100231,329,99998,229,100257,229,99978,229,100296,100,99973,100,100307,100,99970,100,100316,100,99950,100,100384,100,99895,100,100476,100,99886,100,100497,100,99873,100,100508,100,99838,100
2019-06-28 09:47:50.224674062,100157,233,100048,233,100231,329,99998,229,100257,229,99978,229,100296,100,99973,100,100307,100,99970,100,100316,100,99950,100,100384,100,99895,100,100476,100,99886,100,100497,100,99873,100,100508,100,99838,100
2019-06-28 09:48:00.000000000,100157,233,100048,233,100231,329,99998,229,100257,229,99978,229,100296,100,99973,100,100307,100,99970,100,100316,100,99950,100,100384,100,99895,100,100476,100,99886,100,100497,100,99873,100,100508,100,99838,100
2019-06-28 09:48:03.044346755,100157,133,100048,233,100231,329,99998,229,100257,229,99978,229,100296,100,99973,100,100307,100,99970,100,100316,100,99950,100,100384,100,99895,100,100476,100,99886,100,100497,100,99873,100,100508,100,99838,100
2019-06-28 09:48:10.000000000,100231,333,100048,233,100257,229,99998,229,100296,229,99978,229,100307,100,99973,100,100316,100,99970,100,100384,100,99950,100,100476,100,99895,100,100497,100,99886,100,100508,100,99873,100,100749,100,99838,100
2019-06-28 09:48:20.000000000,100231,333,100048,233,100257,229,99998,229,100296,229,99978,229,100307,100,99973,100,100316,100,99970,100,100384,100,99950,100,100476,100,99895,100,100497,100,99886,100,100508,100,99873,100,100749,100,99838,100
2019-06-28 09:48:23.687448203,100231,233,100048,233,100257,229,99998,229,100296,229,99978,229,100307,100,99973,100,100316,100,99970,100,100384,100,99950,100,100476,100,99895,100,100497,100,99886,100,100508,100,99873,100,100749,100,99838,100
2019-06-28 09:48:30.000000000,100231,178,100048,178,100257,178,99998,178,100296,178,99978,178,100307,178,99973,178,100316,178,99970,178,100384,100,99950,100,100476,100,99895,100,100497,100,99886,100,100508,100,99873,100,100749,100,99838,100
2019-06-28 09:48:32.178523127,100231,178,100048,178,100257,178,99998,178,100296,178,99978,178,100307,178,99973,178,100316,178,99970,178,100384,100,99950,100,100476,100,99895,100,100497,100,99886,100,100508,100,99873,100,100749,100,99838,100
2019-06-28 09:48:37.634744069,100231,178,100048,178,100257,178,99998,178,100296,178,99978,178,100307,178,99973,178,100316,178,99970,178,100384,100,99950,100,100476,100,99895,100,100497,100,99886,100,100508,100,99873,100,100749,100,99838,100
2019-06-28 09:48:40.000000000,100231,198,100048,198,100257,198,99998,198,100296,198,99978,198,100307,198,99973,198,100316,100,99970,100,100384,100,99950,100,100476,100,99895,100,100497,100,99886,100,100508,100,99873,100,100749,100,99838,100
2019-06-28 09:48:49.011894886,100231,198,100048,198,100257,198,99998,198,100296,198,99978,198,100307,198,99973,198,100384,100,99970,100,100476,100,99950,100,100497,100,99895,100,100508,100,99886,100,100749,100,99873,100,101158,100,99838,100
2019-06-28 09:48:50.000000000,100231,295,100048,295,100257,295,99998,295,100296,100,99978,100,100307,100,99973,100,100384,100,99970,100,100476,100,99950,100,100497,100,99895,100,100508,100,99886,100,100749,100,99873,100,101158,100,99838,100
2019-06-28 09:48:53.927699021,100231,295,100146,100,100257,295,100048,295,100296,100,99998,295,100307,100,99978,100,100384,100,99973,100,100476,100,99970,100,100497,100,99950,100,100508,100,99895,100,100749,100,99886,100,101158,100,99873,100
2019-06-28 09:49:00.000000000,100231,233,100146,233,100257,229,100048,229,100296,229,99998,229,100307,100,99978,100,100384,100,99973,100,100476,100,99970,100,100497,100,99950,100,100508,100,99895,100,100749,100,99886,100,101158,100,99873,100
2019-06-28 09:49:10.000000000,100231,198,100146,198,100257,198,100048,198,100296,198,99998,198,100307,198,99978,198,100384,100,99973,100,100476,100,99970,100,100497,100,99950,100,100508,100,99895,100,100749,100,99886,100,101158,100,99873,100
2019-06-28 09:49:20.000000000,100231,490,100146,490,100257,100,100048,100,100296,100,99998,100,100307,100,99978,100,100384,100,99973,100,100476,100,99970,100,100497,100,99950,100,100508,100,99895,100,100749,100,99886,100,101158,100,99873,100
2019-06-28 09:49:23.331900369,100231,390,100146,490,100257,100,100048,100,100296,100,99998,100,100307,100,99978,100,100384,100,99973,100,100476,100,99970,100,100497,100,99950,100,100508,100,99895,100,100749,100,99886,100,101158,100,99873,100
2019-06-28 09:49:30.000000000,100257,198,100146,198,100296,198,100048,198,100307,198,99998,198,100384,198,99978,198,100476,100,99973,100,100497,100,99970,100,100508,100,99950,100,100749,100,99895,100,101158,100,99886,100,101203,100,99873,100
2019-06-28 09:49:40.000000000,100257,233,100146,233,100296,229,100048,229,100307,229,99998,229,100384,100,99978,100,100476,100,99973,100,100497,100,99970,100,100508,100,99950,100,100749,100,99895,100,101158,100,99886,100,101203,100,99873,100
2019-06-28 09:49:48.451954309,100257,233,100146,233,100296,229,100048,229,100307,229,99998,229,100384,100,99978,100,100476,100,99973,100,100497,100,99970,100,100508,100,99950,100,100749,100,99895,100,100838,100,99886,100,101158,100,99873,100
2019-06-28 09:49:50.000000000,100257,178,100146,178,100296,178,100048,178,100307,178,99998,178,100384,178,99978,178,100476,178,99973,178,100497,100,99970,100,100508,100,99950,100,100749,100,99895,100,100838,100,99886,100,101158,100,99873,100
2019-06-28 09:50:00.000000000,100257,178,100146,178,100296,178,100048,178,100307,178,99998,178,100384,178,99978,178,100476,178,99973,178,100497,100,99970,100,100508,100,99950,100,100749,100,99895,100,100838,100,99886,100,101158,100,99873,100
2019-06-28 09:50:10.000000000,100257,490,100146,490,100296,100,100048,100,100307,100,99998,100,100384,100,99978,100,100476,100,99973,100,100497,100,99970,100,100508,100,99950,100,100749,100,99895,100,100838,100,99886,100,101158,100,99873,100
2019-06-28 09:50:20.000000000,100257,178,100146,178,100296,178,100048,178,100307,178,99998,178,100384,178,99978,178,100476,178,99973,178,100497,100,99970,100,100508,100,99950,100,100749,100,99895,100,100838,100,99886,100,101158,100,99873,100
2019-06-28 09:50:22.198019592,100257,178,100157,100,100296,178,100146,178,100307,178,100048,178,100384,178,99998,178,100476,178,99978,178,100497,100,99973,178,100508,100,99970,100,100749,100,99950,100,100838,100,99895,100,101158,100,99886,100
2019-06-28 09:50:26.109669879,100257,178,100157,200,100296,178,100146,178,100307,178,100048,78,100384,178,99998,178,100476,178,99978,178,100497,100,99973,178,100508,100,99970,100,100749,100,99950,100,100838,100,99895,100,101158,100,99886,100
2019-06-28 09:50:30.000000000,100257,490,100157,590,100296,100,100146,100,100307,100,99998,100,100384,100,99978,100,100476,100,99973,100,100497,100,99970,100,100508,100,99950,100,100749,100,99895,100,100838,100,99886,100,101158,100,99873,100
2019-06-28 09:50:40.000000000,100257,233,100157,333,100296,229,100146,229,100307,229,99998,229,100384,100,99978,100,100476,100,99973,100,100497,100,99970,100,100508,100,99950,100,100749,100,99895,100,100838,100,99886,100,101158,100,99873,100
2019-06-28 09:50:50.000000000,100257,178,100157,278,100296,178,100146,178,100307,178,99998,178,100384,178,99978,178,100476,178,99973,178,100497,100,99970,100,100508,100,99950,100,100749,100,99895,100,100838,100,99886,100,101158,100,99873,100
2019-06-28 09:50:59.574653985,100257,178,100157,178,100296,178,100146,178,100307,178,99998,178,100384,178,99978,178,100476,178,99973,178,100497,100,99970,100,100508,100,99950,100,100749,100,99895,100,100838,100,99886,100,101158,100,99873,100
2019-06-28 09:51:00.000000000,100257,295,100157,295,100296,295,100146,295,100307,100,99998,100,100384,100,99978,100,100476,100,99973,100,100497,100,99970,100,100508,100,99950,100,100749,100,99895,100,100838,100,99886,100,101158,100,99873,100
2019-06-28 09:51:10.000000000,100257,233,100157,233,100296,229,100146,229,100307,229,99998,229,100384,100,99978,100,100476,100,99973,100,100497,100,99970,100,100508,100,99950,100,100749,100,99895,100,100838,100,99886,100,101158,100,99873,100
2019-06-28 09:51:12.604331405,100257,233,100157,233,100296,229,100146,229,100307,229,99998,229,100384,100,99978,100,100476,100,99973,100,100497,100,99970,100,100508,100,99950,100,100749,100,99895,100,100838,100,99886,100,100884,100,99873,100
2019-06-28 09:51:16.982654245,100257,133,100157,233,100296,229,100146,229,100307,229,99998,229,100384,100,99978,100,100476,100,99973,100,100497,100,99970,100,100508,100,99950,100,100749,100,99895,100,100838,100,99886,100,100884,100,99873,100
2019-06-28 09:51:20.000000000,100296,198,100157,198,100307,198,100146,198,100384,198,99998,198,100476,198,99978,198,100497,100,99973,100,100508,100,99970,100,100749,100,99950,100,100838,100,99895,100,100884,100,99886,100,101158,100,99873,100
2019-06-28 09:51:22.758238565,100296,198,100157,198,100307,198,100146,198,100384,198,99998,198,100476,198,99978,198,100497,100,99973,100,100508,100,99970,100,100589,100,99950,100,100749,100,99886,100,100838,100,99873,100,100884,100,99838,100
2019-06-28 09:51:30.000000000,100296,295,100157,295,100307,295,100146,295,100384,100,99998,100,100476,100,99978,100,100497,100,99973,100,100508,100,99970,100,100589,100,99950,100,100749,100,99886,100,100838,100,99873,100,100884,100,99838,100
2019-06-28 09:51:40.000000000,100296,295,100157,295,100307,295,100146,295,100384,100,99998,100,100476,100,99978,100,100497,100,99973,100,100508,100,99970,100,100589,100,99950,100,100749,100,99886,100,100838,100,99873,100,100884,100,99838,100
2019-06-28 09:51:47.574141052,100296,295,100157,295,100307,295,100146,295,100384,100,99998,100,100476,100,99978,100,100497,100,99973,100,100508,100,99970,100,100589,100,99950,100,100749,100,99886,100,100838,200,99873,100,100884,100,99838,100
2019-06-28 09:51:50.000000000,100296,295,100157,295,100307,295,100146,295,100384,100,99998,100,100476,100,99978,100,100497,100,99973,100,100508,100,99970,100,100589,100,99950,100,100749,100,99886,100,100838,200,99873,100,100884,100,99838,100
2019-06-28 09:52:00.000000000,100296,233,100157,233,100307,229,100146,229,100384,229,99998,229,100476,100,99978,100,100497,100,99973,100,100508,100,99970,100,100589,100,99950,100,100749,100,99886,100,100838,200,99873,100,100884,100,99838,100
2019-06-28 09:52:07.792033604,100296,233,100157,133,100307,229,100146,229,100384,229,99998,229,100476,100,99973,100,100497,100,99970,100,100508,100,99950,100,100589,100,99886,100,100749,100,99873,100,100838,200,99838,100,100884,100,99726,100
2019-06-28 09:52:10.000000000,100296,490,100146,490,100307,100,99998,100,100384,100,99973,100,100476,100,99970,100,100497,100,99950,100,100508,100,99886,100,100589,100,99873,100,100749,100,99838,100,100838,200,99726,100,100884,100,99322,100
2019-06-28 09:52:20.000000000,100296,178,100146,178,100307,178,99998,178,100384,178,99973,178,100476,178,99970,178,100497,178,99950,178,100508,100,99886,100,100589,100,99873,100,100749,100,99838,100,100838,200,99726,100,100884,100,99322,100
2019-06-28 09:52:30.000000000,100296,198,100146,198,100307,198,99998,198,100384,198,99973,198,100476,198,99970,198,100497,100,99950,100,100508,100,99886,100,100589,100,99873,100,100749,100,99838,100,100838,200,99726,100,100884,100,99322,100
2019-06-28 09:52:40.000000000,100296,198,100146,198,100307,198,99998,198,100384,198,99973,198,100476,198,99970,198,100497,100,99950,100,100508,100,99886,100,100589,100,99873,100,100749,100,99838,100,100838,200,99726,100,100884,100,99322,100
2019-06-28 09:52:50.000000000,100296,198,100146,198,100307,198,99998,198,100384,198,99973,198,100476,198,99970,198,100497,100,99950,100,100508,100,99886,100,100589,100,99873,100,100749,100,99838,100,100838,200,99726,100,100884,100,99322,100
2019-06-28 09:53:00.000000000,100296,198,100146,198,100307,198,99998,198,100384,198,99973,198,100476,198,99970,198,100497,100,99950,100,100508,100,99886,100,100589,100,99873,100,100749,100,99838,100,100838,200,99726,100,100884,100,99322,100
2019-06-28 09:53:10.000000000,100296,233,100146,233,100307,229,99998,229,100384,229,99973,229,100476,100,99970,100,100497,100,99950,100,100508,100,99886,100,100589,100,99873,100,100749,100,99838,100,100838,200,99726,100,100884,100,99322,100
2019-06-28 09:53:13.804673586,100296,233,100146,233,100307,229,99998,229,100384,229,99973,229,100476,100,99970,100,100497,100,99950,100,100508,100,99886,100,100589,100,99873,100,100749,100,99838,100,100838,200,99765,100,100884,100,99726,100
2019-06-28 09:53:20.000000000,100296,178,100146,178,100307,178,99998,178,100384,178,99973,178,100476,178,99970,178,100497,178,99950,178,100508,100,99886,100,100589,100,99873,100,100749,100,99838,100,100838,200,99765,100,100884,100,99726,100
2019-06-28 09:53:24.339796546,100296,178,100146,78,100307,178,99998,178,100384,178,99973,178,100476,178,99970,178,100497,178,99950,178,100508,100,99886,100,100749,100,99873,100,100838,200,99838,100,100884,100,99765,100,101158,100,99726,100
2019-06-28 09:53:30.000000000,100296,198,99998,198,100307,198,99973,198,100384,198,99970,198,100476,198,99950,198,100497,100,99886,100,100508,100,99873,100,100749,100,99838,100,100838,200,99765,100,100884,100,99726,100,101158,100,99322,100
2019-06-28 09:53:40.000000000,100296,490,99998,490,100307,100,99973,100,100384,100,99970,100,100476,100,99950,100,100497,100,99886,100,100508,100,99873,100,100749,100,99838,100,100838,200,99765,100,100884,100,99726,100,101158,100,99322,100
2019-06-28 09:53:50.000000000,100296,233,99998,233,100307,229,99973,229,100384,229,99970,229,100476,100,99950,100,100497,100,99886,100,100508,100,99873,100,100749,100,99838,100,100838,200,99765,100,100884,100,99726,100,101158,100,99322,100
2019-06-28 09:54:00.000000000,100296,490,99998,490,100307,100,99973,100,100384,100,99970,100,100476,100,99950,100,100497,100,99886,100,100508,100,99873,100,100749,100,99838,100,100838,200,99765,100,100884,100,99726,100,101158,100,99322,100
2019-06-28 09:54:04.541047242,100296,490,99998,490,100307,100,99973,100,100384,100,99970,100,100476,100,99950,100,100497,100,99886,100,100508,100,99873,100,100749,100,99838,100,100838,100,99765,100,100884,100,99726,100,101158,100,99322,100
2019-06-28 09:54:09.350694894,100296,490,99998,390,100307,100,99973,100,100384,100,99970,100,100476,100,99950,100,100497,100,99873,100,100508,100,99838,100,100749,100,99765,100,100838,100,99726,100,100884,100,99322,100,101158,100,98985,100
2019-06-28 09:54:10.000000000,100296,178,99973,178,100307,178,99970,178,100384,178,99950,178,100476,178,99873,178,100497,178,99838,178,100508,100,99765,100,100749,100,99726,100,100838,100,99322,100,100884,100,98985,100,101158,100,,
2019-06-28 09:54:20.000000000,100296,198,99973,198,100307,198,99970,198,100384,198,99950,198,100476,198,99873,198,100497,100,99838,100,100508,100,99765,100,100749,100,99726,100,100838,100,99322,100,100884,100,98985,100,101158,100,,
2019-06-28 09:54:21.093754407,100296,198,99973,98,100307,198,99970,198,100384,198,99950,98,100476,198,99873,198,100497,100,99838,100,100508,100,99765,100,100749,100,99726,100,100838,100,99322,100,100884,100,98985,100,101158,100,,
2019-06-28 09:54:30.000000000,100296,295,99970,295,100307,295,99873,295,100384,100,99838,100,100476,100,99765,100,100497,100,99726,100,100508,100,99322,100,100749,100,98985,100,100838,100,,,100884,100,,,101158,100,,
2019-06-28 09:54:40.000000000,100296,178,99970,178,100307,178,99873,178,100384,178,99838,178,100476,178,99765,178,100497,178,99726,178,100508,100,99322,100,100749,100,98985,100,100838,100,,,100884,100,,,101158,100,,
2019-06-28 09:54:50.000000000,100296,178,99970,178,100307,178,99873,178,100384,178,99838,178,100476,178,99765,178,100497,178,99726,178,100508,100,99322,100,100749,100,98985,100,100838,100,,,100884,100,,,101158,100,,
2019-06-28 09:55:00.000000000,100296,198,99970,198,100307,198,99873,198,100384,198,99838,198,100476,198,99765,198,100497,100,99726,100,100508,100,99322,100,100749,100,98985,100,100838,100,,,100884,100,,,101158,100,,
2019-06-28 09:55:08.865623103,99998,100,99970,198,100296,198,99873,198,100307,198,99838,198,100384,198,99765,198,100476,198,99726,100,100497,100,99322,100,100508,100,98985,100,100749,100,,,100838,100,,,100884,100,,
2019-06-28 09:55:10.000000000,99998,198,99970,198,100296,198,99873,198,100307,198,99838,198,100384,198,99765,198,100476,100,99726,100,100497,100,99322,100,100508,100,98985,100,100749,100,,,100838,100,,,100884,100,,
2019-06-28 09:55:12.612443390,99998,298,99970,198,100296,198,99873,198,100307,198,99838,198,100384,198,99765,198,100476,100,99726,100,100497,100,99322,100,100508,100,98985,100,100749,100,,,100838,100,,,100884,100,,
2019-06-28 09:55:20.000000000,99998,333,99970,233,100296,229,99873,229,100307,229,99838,229,100384,100,99765,100,100476,100,99726,100,100497,100,99322,100,100508,100,98985,100,100749,100,,,100838,100,,,100884,100,,
2019-06-28 09:55:24.985640241,99998,333,99970,233,100296,229,99873,229,100307,229,99838,229,100384,100,99765,100,100476,100,99726,100,100497,100,99322,100,100508,100,98985,100,100749,100,98817,100,100838,100,,,100884,100,,
2019-06-28 09:55:27.009922403,99998,333,99970,233,100296,229,99873,229,100307,229,99838,229,100384,100,99765,100,100476,100,99726,100,100497,100,99322,100,100508,100,98985,100,100749,100,98817,100,100838,100,98684,100,100884,100,,
2019-06-28 09:55:28.924225537,99998,333,99970,133,100296,229,99873,229,100307,229,99838,229,100384,100,99765,100,100476,100,99726,100,100497,100,99322,100,100508,100,98985,100,100749,100,98817,100,100838,100,98684,100,100884,100,,
2019-06-28 09:55:30.000000000,99998,278,99873,178,100296,178,99838,178,100307,178,99765,178,100384,178,99726,178,100476,178,99322,178,100497,100,98985,100,100508,100,98817,100,100749,100,98684,100,100838,100,,,100884,100,,
2019-06-28 09:55:34.852005127,99973,100,99873,178,99998,278,99838,178,100296,178,99765,178,100307,178,99726,178,100384,178,99322,178,100476,178,98985,100,100497,100,98817,100,100508,100,98684,100,100749,100,,,100838,100,,
2019-06-28 09:55:40.000000000,99973,178,99873,178,99998,278,99838,178,100296,178,99765,178,100307,178,99726,178,100384,178,99322,178,100476,100,98985,100,100497,100,98817,100,100508,100,98684,100,100749,100,,,100838,100,,
2019-06-28 09:55:40.092334974,99973,178,99873,178,99998,278,99838,178,100296,178,99765,178,100307,178,99726,178,100384,178,99322,178,100476,100,98985,100,100497,100,98817,100,100508,100,98791,100,100749,100,98684,100,100838,100,,
2019-06-28 09:55:48.782878698,99973,178,99873,78,99998,278,99838,178,100296,178,99765,178,100307,178,99726,178,100384,178,99322,178,100476,100,98985,100,100497,100,98817,100,100508,100,98791,100,100749,100,98684,100,100838,100,,
2019-06-28 09:55:50.000000000,99973,233,99838,233,99998,329,99765,229,100296,229,99726,229,100307,100,99322,100,100384,100,98985,100,100476,100,98817,100,100497,100,98791,100,100508,100,98684,100,100749,100,,,100838,100,,
2019-06-28 09:56:00.000000000,99973,178,99838,178,99998,278,99765,178,100296,178,99726,178,100307,178,99322,178,100384,178,98985,178,100476,100,98817,100,100497,100,98791,100,100508,100,98684,100,100749,100,,,100838,100,,
2019-06-28 09:56:04.615898319,99973,178,99838,178,99998,278,99765,178,100296,178,99726,178,100307,178,99322,178,100384,178,98985,178,100476,100,98822,100,100497,100,98817,100,100508,100,98791,100,100749,100,98684,100,100838,100,,
2019-06-28 09:56:10.000000000,99973,490,99838,490,99998,200,99765,100,100296,100,99726,100,100307,100,99322,100,100384,100,98985,100,100476,100,98822,100,100497,100,98817,100,100508,100,98791,100,100749,100,98684,100,100838,100,,
2019-06-28 09:56:20.000000000,99973,178,99838,178,99998,278,99765,178,100296,178,99726,178,100307,178,99322,178,100384,178,98985,178,100476,100,98822,100,100497,100,98817,100,100508,100,98791,100,100749,100,98684,100,100838,100,,
2019-06-28 09:56:23.050764488,99973,178,99838,178,99998,278,99765,178,100296,178,99726,178,100307,178,99322,178,100384,178,98985,178,100476,100,98822,100,100497,100,98817,100,100508,100,98791,100,100749,100,98684,100,100838,100,98461,100
2019-06-28 09:56:30.000000000,99973,198,99838,198,99998,298,99765,198,100296,198,99726,198,100307,198,99322,198,100384,100,98985,100,100476,100,98822,100,100497,100,98817,100,100508,100,98791,100,100749,100,98684,100,100838,100,98461,100
2019-06-28 09:56:32.784895589,99973,198,99838,98,99998,298,99765,198,100296,198,99726,198,100307,198,99322,198,100476,100,98985,100,100497,100,98822,100,100508,100,98817,100,100749,100,98791,100,100838,100,98684,100,100884,100,98461,100
2019-06-28 09:56:40.000000000,99973,490,99765,490,99998,200,99726,100,100296,100,99322,100,100307,100,98985,100,100476,100,98822,100,100497,100,98817,100,100508,100,98791,100,100749,100,98684,100,100838,100,98461,100,100884,100,,
2019-06-28 09:56:42.765147235,99973,490,99765,390,99998,200,99726,100,100296,100,99322,100,100307,100,98985,100,100476,100,98822,100,100497,100,98817,100,100508,100,98791,100,100749,100,98684,100,100838,100,98461,100,100884,100,,
2019-06-28 09:56:50.000000000,99973,233,99726,233,99998,329,99322,229,100296,229,98985,229,100307,100,98822,100,100476,100,98817,100,100497,100,98791,100,100508,100,98684,100,100749,100,98461,100,100838,100,,,100884,100,,
2019-06-28 09:56:54.111631921,99973,233,99726,133,99998,329,99322,229,100296,229,98985,229,100307,100,98822,100,100476,100,98817,100,100497,100,98791,100,100508,100,98684,100,100749,100,98461,100,100838,100,,,100884,100,,
2019-06-28 09:57:00.000000000,99973,295,99322,295,99998,395,98985,295,100296,100,98822,100,100307,100,98817,100,100476,100,98791,100,100497,100,98684,100,100508,100,98461,100,100749,100,,,100838,100,,,100884,100,,
2019-06-28 09:57:02.987846144,99973,295,99322,95,99998,395,98985,295,100296,100,98822,100,100307,100,98817,100,100476,100,98791,100,100497,100,98684,100,100508,100,98461,100,100749,100,,,100838,100,,,100884,100,,
2019-06-28 09:57:10.000000000,99973,490,98985,490,99998,200,98822,100,100296,100,98817,100,100307,100,98791,100,100476,100,98684,100,100497,100,98461,100,100508,100,,,100749,100,,,100838,100,,,100884,100,,
2019-06-28 09:57:20.000000000,99973,295,98985,295,99998,395,98822,295,100296,100,98817,100,100307,100,98791,100,100476,100,98684,100,100497,100,98461,100,100508,100,,,100749,100,,,100838,100,,,100884,100,,
2019-06-28 09:57:30.000000000,99973,233,98985,233,99998,329,98822,229,100296,229,98817,229,100307,100,98791,100,100476,100,98684,100,100497,100,98461,100,100508,100,,,100749,100,,,100838,100,,,100884,100,,
2019-06-28 09:57:40.000000000,99973,198,98985,198,99998,298,98822,198,100296,198,98817,198,100307,198,98791,198,100476,100,98684,100,100497,100,98461,100,100508,100,,,100749,100,,,100838,100,,,100884,100,,
2019-06-28 09:57:50.000000000,99973,233,98985,233,99998,329,98822,229,100296,229,98817,229,100307,100,98791,100,100476,100,98684,100,100497,100,98461,100,100508,100,,,100749,100,,,100838,100,,,100884,100,,
2019-06-28 09:58:00.000000000,99973,198,98985,198,99998,298,98822,198,100296,198,98817,198,100307,198,98791,198,100476,100,98684,100,100497,100,98461,100,100508,100,,,100749,100,,,100838,100,,,100884,100,,
2019-06-28 09:58:10.000000000,99973,295,98985,295,99998,395,98822,295,100296,100,98817,100,100307,100,98791,100,100476,100,98684,100,100497,100,98461,100,100508,100,,,100749,100,,,100838,100,,,100884,100,,
2019-06-28 09:58:11.181820144,99726,100,98985,295,99973,195,98822,295,99998,395,98817,100,100296,100,98791,100,100307,100,98684,100,100476,100,98461,100,100497,100,,,100508,100,,,100749,100,,,100838,100,,
2019-06-28 09:58:15.468457873,99726,100,99467,100,99973,195,98985,295,99998,395,98822,295,100296,100,98817,100,100307,100,98791,100,100476,100,98684,100,100508,100,98461,100,100749,100,,,100838,100,,,100884,100,,
2019-06-28 09:58:20.000000000,99726,198,99467,198,99998,298,98985,198,100296,198,98822,198,100307,198,98817,198,100476,100,98791,100,100508,100,98684,100,100749,100,98461,100,100838,100,,,100884,100,,,101158,100,,
2019-06-28 09:58:26.685538704,99726,198,99467,98,99998,298,98985,198,100296,198,98822,198,100307,198,98817,198,100476,100,98791,100,100508,100,98684,100,100749,100,98461,100,100838,100,,,100884,100,,,101158,100,,
2019-06-28 09:58:30.000000000,99726,490,98985,490,99998,200,98822,100,100296,100,98817,100,100307,100,98791,100,100476,100,98684,100,100508,100,98461,100,100749,100,,,100838,100,,,100884,100,,,101158,100,,
2019-06-28 09:58:36.715295465,99726,490,99322,100,99998,200,98985,490,100296,100,98822,100,100307,100,98817,100,100476,100,98791,100,100508,100,98684,100,100749,100,98461,100,100838,100,,,100884,100,,,101158,100,,
2019-06-28 09:58:40.000000000,99726,233,99322,233,99998,329,98985,229,100296,229,98822,229,100307,100,98817,100,100476,100,98791,100,100508,100,98684,100,100749,100,98461,100,100838,100,,,100884,100,,,101158,100,,
2019-06-28 09:58:50.000000000,99726,490,99322,490,99998,200,98985,100,100296,100,98822,100,100307,100,98817,100,100476,100,98791,100,100508,100,98684,100,100749,100,98461,100,100838,100,,,100884,100,,,101158,100,,
2019-06-28 09:59:00.000000000,99726,178,99322,178,99998,278,98985,178,100296,178,98822,178,100307,178,98817,178,100476,178,98791,178,100508,100,98684,100,100749,100,98461,100,100838,100,,,100884,100,,,101158,100,,
2019-06-28 09:59:06.316243442,99726,178,99322,278,99998,278,98985,178,100296,178,98822,178,100307,178,98817,178,100476,178,98791,178,100508,100,98684,100,100749,100,98461,100,100838,100,,,100884,100,,,101158,100,,
2019-06-28 09:59:10.000000000,99726,198,99322,298,99998,298,98985,198,100296,198,98822,198,100307,198,98817,198,100476,100,98791,100,100508,100,98684,100,100749,100,98461,100,100838,100,,,100884,100,,,101158,100,,
2019-06-28 09:59:11.752765434,99726,198,99462,100,99998,298,99322,298,100296,198,98985,198,100307,198,98822,198,100476,100,98817,198,100508,100,98791,100,100749,100,98684,100,100838,100,98461,100,100884,100,,,101158,100,,
2019-06-28 09:59:18.478287111,99726,198,99536,100,99998,298,99462,100,100296,198,99322,298,100307,198,98985,198,100476,100,98822,198,100508,100,98817,198,100749,100,98791,100,100838,100,98684,100,100884,100,98461,100,101158,100,,
2019-06-28 09:59:20.000000000,99726,295,99536,295,99998,395,99462,295,100296,100,99322,200,100307,100,98985,100,100476,100,98822,100,100508,100,98817,100,100749,100,98791,100,100838,100,98684,100,100884,100,98461,100,101158,100,,
2019-06-28 09:59:30.000000000,99726,295,99536,295,99998,395,99462,295,100296,100,99322,200,100307,100,98985,100,100476,100,98822,100,100508,100,98817,100,100749,100,98791,100,100838,100,98684,100,100884,100,98461,100,101158,100,,
2019-06-28 09:59:40.000000000,99726,233,99536,233,99998,329,99462,229,100296,229,99322,329,100307,100,98985,100,100476,100,98822,100,100508,100,98817,100,100749,100,98791,100,100838,100,98684,100,100884,100,98461,100,101158,100,,
2019-06-28 09:59:50.000000000,99726,198,99536,198,99998,298,99462,198,100296,198,99322,298,100307,198,98985,198,100476,100,98822,100,100508,100,98817,100,100749,100,98791,100,100838,100,98684,100,100884,100,98461,100,101158,100,,
2019-06-28 09:59:55.259166869,99726,198,99536,98,99998,298,99462,198,100296,198,99322,298,100307,198,98985,198,100476,100,98822,100,100508,100,98817,100,100749,100,98791,100,100838,100,98684,100,100884,100,98461,100,101158,100,,
2019-06-28 10:00:00.000000000,99726,198,99462,198,99998,298,99322,298,100296,198,98985,198,100307,198,98822,198,100476,100,98817,100,100508,100,98791,100,100749,100,98684,100,100838,100,98461,100,100884,100,,,101158,100,,
2019-06-28 10:00:00.810364658,99726,198,99462,198,99998,298,99398,100,100296,198,99322,298,100307,198,98985,198,100476,100,98822,198,100508,100,98791,100,100749,100,98684,100,100838,100,98461,100,100884,100,,,101158,100,,
2019-06-28 10:00:08.445515240,99726,198,99462,98,99998,298,99398,100,100296,198,99322,298,100307,198,98985,198,100476,100,98822,198,100508,100,98791,100,100749,100,98684,100,100838,100,98461,100,100884,100,,,101158,100,,
2019-06-28 10:00:10.000000000,99726,198,99398,198,99998,298,99322,298,100296,198,98985,198,100307,198,98822,198,100476,100,98791,100,100508,100,98684,100,100749,100,98461,100,100838,100,,,100884,100,,,101158,100,,
2019-06-28 10:00:20.000000000,99726,198,99398,198,99998,298,99322,298,100296,198,98985,198,100307,198,98822,198,100476,100,98791,100,100508,100,98684,100,100749,100,98461,100,100838,100,,,100884,100,,,101158,100,,
2019-06-28 10:00:30.000000000,99726,295,99398,295,99998,395,99322,395,100296,100,98985,100,100307,100,98822,100,100476,100,98791,100,100508,100,98684,100,100749,100,98461,100,100838,100,,,100884,100,,,101158,100,,
2019-06-28 10:00:36.834110572,99726,295,99398,295,99998,395,99394,100,100296,100,99322,395,100307,100,98985,100,100476,100,98822,100,100508,100,98791,100,100749,100,98684,100,100838,100,98461,100,100884,100,,,101158,100,,
2019-06-28 10:00:40.000000000,99726,178,99398,178,99998,278,99394,178,100296,178,99322,278,100307,178,98985,178,100476,178,98822,178,100508,100,98791,100,100749,100,98684,100,100838,100,98461,100,100884,100,,,101158,100,,
2019-06-28 10:00:50.000000000,99726,178,99398,178,99998,278,99394,178,100296,178,99322,278,100307,178,98985,178,100476,178,98822,178,100508,100,98791,100,100749,100,98684,100,100838,100,98461,100,100884,100,,,101158,100,,
2019-06-28 10:00:56.219931079,99726,178,99398,78,99998,278,99394,178,100296,178,99322,278,100307,178,98985,178,100476,178,98822,178,100508,100,98791,100,100749,100,98684,100,100838,100,98461,100,100884,100,,,101158,100,,
2019-06-28 10:01:00.000000000,99726,295,99394,295,99998,395,99322,395,100296,100,98985,100,100307,100,98822,100,100476,100,98791,100,100508,100,98684,100,100749,100,98461,100,100838,100,,,100884,100,,,101158,100,,
2019-06-28 10:01:10.000000000,99726,490,99394,490,99998,200,99322,200,100296,100,98985,100,100307,100,98822,100,100476,100,98791,100,100508,100,98684,100,100749,100,98461,100,100838,100,,,100884,100,,,101158,100,,
2019-06-28 10:01:20.000000000,99726,198,99394,198,99998,298,99322,298,100296,198,98985,198,100307,198,98822,198,100476,100,98791,100,100508,100,98684,100,100749,100,98461,100,100838,100,,,100884,100,,,101158,100,,
2019-06-28 10:01:27.340269737,99726,198,99394,98,99998,298,99322,298,100296,198,98985,198,100307,198,98822,198,100476,100,98791,100,100508,100,98684,100,100749,100,98461,100,100838,100,,,100884,100,,,101158,100,,
2019-06-28 10:01:30.000000000,99726,295,99322,395,99998,395,98985,295,100296,100,98822,100,100307,100,98791,100,100476,100,98684,100,100508,100,98461,100,100749,100,,,100838,100,,,100884,100,,,101158,100,,
2019-06-28 10:01:40.000000000,99726,295,99322,395,99998,395,98985,295,100296,100,98822,100,100307,100,98791,100,100476,100,98684,100,100508,100,98461,100,100749,100,,,100838,100,,,100884,100,,,101158,100,,
2019-06-28 10:01:50.000000000,99726,233,99322,333,99998,329,98985,229,100296,229,98822,229,100307,100,98791,100,100476,100,98684,100,100508,100,98461,100,100749,100,,,100838,100,,,100884,100,,,101158,100,,
2019-06-28 10:01:52.474821636,99726,233,99322,333,99998,329,99251,100,100296,229,98985,229,100307,100,98822,229,100476,100,98791,100,100508,100,98684,100,100749,100,98461,100,100838,100,,,100884,100,,,101158,100,,
2019-06-28 10:02:00.000000000,99726,295,99322,395,99998,395,99251,295,100296,100,98985,100,100307,100,98822,100,100476,100,98791,100,100508,100,98684,100,100749,100,98461,100,100838,100,,,100884,100,,,101158,100,,
2019-06-28 10:02:10.000000000,99726,233,99322,333,99998,329,99251,229,100296,229,98985,229,100307,100,98822,100,100476,100,98791,100,100508,100,98684,100,100749,100,98461,100,100838,100,,,100884,100,,,101158,100,,
2019-06-28 10:02:11.506548923,99398,100,99322,333,99726,233,99251,229,99998,329,98985,229,100296,229,98822,100,100307,100,98791,100,100476,100,98684,100,100508,100,98461,100,100749,100,,,100838,100,,,100884,100,,
2019-06-28 10:02:20.000000000,99398,233,99322,333,99726,229,99251,229,99998,329,98985,229,100296,100,98822,100,100307,100,98791,100,100476,100,98684,100,100508,100,98461,100,100749,100,,,100838,100,,,100884,100,,
2019-06-28 10:02:30.000000000,99398,295,99322,395,99726,295,99251,295,99998,200,98985,100,100296,100,98822,100,100307,100,98791,100,100476,100,98684,100,100508,100,98461,100,100749,100,,,100838,100,,,100884,100,,
2019-06-28 10:02:32.320047358,99398,295,99322,295,99726,295,99251,295,99998,200,98985,100,100296,100,98822,100,100307,100,98791,100,100476,100,98684,100,100508,100,98461,100,100749,100,,,100838,100,,,100884,100,,
2019-06-28 10:02:40.000000000,99398,490,99322,490,99726,100,99251,100,99998,200,98985,100,100296,100,98822,100,100307,100,98791,100,100476,100,98684,100,100508,100,98461,100,100749,100,,,100838,100,,,100884,100,,
2019-06-28 10:02:50.000000000,99398,295,99322,295,99726,295,99251,295,99998,200,98985,100,100296,100,98822,100,100307,100,98791,100,100476,100,98684,100,100508,100,98461,100,100749,100,,,100838,100,,,100884,100,,
2019-06-28 10:03:00.000000000,99398,198,99322,198,99726,198,99251,198,99998,298,98985,198,100296,198,98822,198,100307,100,98791,100,100476,100,98684,100,100508,100,98461,100,100749,100,,,100838,100,,,100884,100,,
2019-06-28 10:03:04.959333739,99398,198,99322,98,99726,198,99251,198,99998,298,98985,198,100296,198,98822,198,100307,100,98791,100,100476,100,98684,100,100508,100,98461,100,100749,100,,,100838,100,,,100884,100,,
2019-06-28 10:03:10.000000000,99398,233,99251,233,99726,229,98985,229,99998,329,98822,229,100296,100,98791,100,100307,100,98684,100,100476,100,98461,100,100508,100,,,100749,100,,,100838,100,,,100884,100,,
2019-06-28 10:03:20.000000000,99398,295,99251,295,99726,295,98985,295,99998,200,98822,100,100296,100,98791,100,100307,100,98684,100,100476,100,98461,100,100508,100,,,100749,100,,,100838,100,,,100884,100,,
2019-06-28 10:03:26.118253952,99398,295,99251,195,99726,295,98985,295,99998,200,98822,100,100296,100,98791,100,100307,100,98684,100,100476,100,98461,100,100508,100,,,100749,100,,,100838,100,,,100884,100,,
2019-06-28 10:03:30.000000000,99398,178,98985,178,99726,178,98822,178,99998,278,98791,178,100296,178,98684,178,100307,178,98461,178,100476,100,,,100508,100,,,100749,100,,,100838,100,,,100884,100,,
2019-06-28 10:03:40.000000000,99398,295,98985,295,99726,295,98822,295,99998,200,98791,100,100296,100,98684,100,100307,100,98461,100,100476,100,,,100508,100,,,100749,100,,,100838,100,,,100884,100,,
2019-06-28 10:03:42.342934647,99398,295,98985,295,99726,295,98822,295,99998,200,98791,100,100296,100,98684,100,100307,100,98551,100,100476,100,98461,100,100508,100,,,100749,100,,,100838,100,,,100884,100,,
2019-06-28 10:03:43.413962924,99398,295,98985,295,99726,295,98822,295,99998,200,98791,100,100296,100,98684,100,100307,100,98551,100,100476,100,98483,100,100508,100,98461,100,100749,100,,,100838,100,,,100884,100,,
2019-06-28 10:03:50.000000000,99398,198,98985,198,99726,198,98822,198,99998,298,98791,198,100296,198,98684,198,100307,100,98551,100,100476,100,98483,100,100508,100,98461,100,100749,100,,,100838,100,,,100884,100,,
2019-06-28 10:04:00.000000000,99398,233,98985,233,99726,229,98822,229,99998,329,98791,229,100296,100,98684,100,100307,100,98551,100,100476,100,98483,100,100508,100,98461,100,100749,100,,,100838,100,,,100884,100,,
2019-06-28 10:04:03.604270781,99398,233,98985,133,99726,229,98822,229,99998,329,98791,229,100296,100,98684,100,100307,100,98551,100,100476,100,98483,100,100508,100,98461,100,100749,100,,,100838,100,,,100884,100,,
2019-06-28 10:04:10.000000000,99398,198,98822,198,99726,198,98791,198,99998,298,98684,198,100296,198,98551,198,100307,100,98483,100,100476,100,98461,100,100508,100,,,100749,100,,,100838,100,,,100884,100,,
2019-06-28 10:04:14.427932184,99398,198,98822,98,99726,198,98791,198,99998,298,98684,198,100296,198,98551,198,100307,100,98483,100,100476,100,98461,100,100508,100,,,100749,100,,,100838,100,,,100884,100,,
2019-06-28 10:04:20.000000000,99398,295,98791,295,99726,295,98684,295,99998,200,98551,100,100296,100,98483,100,100307,100,98461,100,100476,100,,,100508,100,,,100749,100,,,100838,100,,,100884,100,,
2019-06-28 10:04:25.007166710,98985,100,98791,295,99398,295,98684,295,99726,295,98551,100,99998,100,98483,100,100296,100,98461,100,100307,100,,,100476,100,,,100508,100,,,100749,100,,,100838,100,,
2019-06-28 10:04:30.000000000,98985,295,98791,295,99398,295,98684,295,99726,100,98551,100,99998,100,98483,100,100296,100,98461,100,100307,100,,,100476,100,,,100508,100,,,100749,100,,,100838,100,,
2019-06-28 10:04:40.000000000,98985,295,98791,295,99398,295,98684,295,99726,100,98551,100,99998,100,98483,100,100296,100,98461,100,100307,100,,,100476,100,,,100508,100,,,100749,100,,,100838,100,,
2019-06-28 10:04:50.000000000,98985,490,98791,490,99398,100,98684,100,99726,100,98551,100,99998,100,98483,100,100296,100,98461,100,100307,100,,,100476,100,,,100508,100,,,100749,100,,,100838,100,,
2019-06-28 10:05:00.000000000,98985,490,98791,490,99398,100,98684,100,99726,100,98551,100,99998,100,98483,100,100296,100,98461,100,100307,100,,,100476,100,,,100508,100,,,100749,100,,,100838,100,,
2019-06-28 10:05:10.000000000,98985,233,98791,233,99398,229,98684,229,99726,229,98551,229,99998,100,98483,100,100296,100,98461,100,100307,100,,,100476,100,,,100508,100,,,100749,100,,,100838,100,,
2019-06-28 10:05:20.000000000,98985,178,98791,178,99398,178,98684,178,99726,178,98551,178,99998,178,98483,178,100296,178,98461,178,100307,100,,,100476,100,,,100508,100,,,100749,100,,,100838,100,,
2019-06-28 10:05:30.000000000,98985,490,98791,490,99398,100,98684,100,99726,100,98551,100,99998,100,98483,100,100296,100,98461,100,100307,100,,,100476,100,,,100508,100,,,100749,100,,,100838,100,,
2019-06-28 10:05:40.000000000,98985,490,98791,490,99398,100,98684,100,99726,100,98551,100,99998,100,98483,100,100296,100,98461,100,100307,100,,,100476,100,,,100508,100,,,100749,100,,,100838,100,,
2019-06-28 10:05:50.000000000,98985,178,98791,178,99398,178,98684,178,99726,178,98551,178,99998,178,98483,178,100296,178,98461,178,100307,100,,,100476,100,,,100508,100,,,100749,100,,,100838,100,,
2019-06-28 10:05:55.053997432,98985,178,98791,178,99398,178,98728,100,99726,178,98684,178,99998,178,98551,178,100296,178,98483,178,100307,100,98461,178,100476,100,,,100508,100,,,100749,100,,,100838,100,,
2019-06-28 10:06:00.000000000,98985,295,98791,295,99398,295,98728,295,99726,100,98684,100,99998,100,98551,100,100296,100,98483,100,100307,100,98461,100,100476,100,,,100508,100,,,100749,100,,,100838,100,,
2019-06-28 10:06:03.587819920,98985,295,98791,295,99398,295,98772,100,99726,100,98728,295,99998,100,98684,100,100296,100,98551,100,100307,100,98461,100,100476,100,,,100508,100,,,100749,100,,,100838,100,,
2019-06-28 10:06:10.000000000,98985,178,98791,178,99398,178,98772,178,99726,178,98728,178,99998,178,98684,178,100296,178,98551,178,100307,100,98461,100,100476,100,,,100508,100,,,100749,100,,,100838,100,,
2019-06-28 10:06:15.589746933,98985,178,98791,178,99093,100,98772,178,99398,178,98728,178,99726,178,98684,178,99998,178,98551,178,100296,178,98461,100,100307,100,,,100476,100,,,100508,100,,,100749,100,,
2019-06-28 10:06:17.508600188,98980,100,98791,178,98985,178,98772,178,99093,100,98728,178,99398,178,98684,178,99726,178,98551,178,99998,178,98461,100,100296,178,,,100307,100,,,100476,100,,,100508,100,,
2019-06-28 10:06:20.000000000,98980,490,98791,490,98985,100,98772,100,99093,100,98728,100,99398,100,98684,100,99726,100,98551,100,99998,100,98461,100,100296,100,,,100307,100,,,100476,100,,,100508,100,,
2019-06-28 10:06:30.000000000,98980,490,98791,490,98985,100,98772,100,99093,100,98728,100,99398,100,98684,100,99726,100,98551,100,99998,100,98461,100,100296,100,,,100307,100,,,100476,100,,,100508,100,,
2019-06-28 10:06:38.780111597,98980,490,98791,490,98985,100,98772,100,99008,100,98728,100,99093,100,98684,100,99398,100,98551,100,99726,100,98461,100,99998,100,,,100296,100,,,100307,100,,,100476,100,,
2019-06-28 10:06:40.000000000,98980,233,98791,233,98985,229,98772,229,99008,229,98728,229,99093,100,98684,100,99398,100,98551,100,99726,100,98461,100,99998,100,,,100296,100,,,100307,100,,,100476,100,,
2019-06-28 10:06:50.000000000,98980,198,98791,198,98985,198,98772,198,99008,198,98728,198,99093,198,98684,198,99398,100,98551,100,99726,100,98461,100,99998,100,,,100296,100,,,100307,100,,,100476,100,,
2019-06-28 10:07:00.000000000,98980,295,98791,295,98985,295,98772,295,99008,100,98728,100,99093,100,98684,100,99398,100,98551,100,99726,100,98461,100,99998,100,,,100296,100,,,100307,100,,,100476,100,,
2019-06-28 10:07:04.786576759,98980,295,98791,295,98985,295,98772,295,99008,100,98728,100,99059,100,98684,100,99093,100,98551,100,99398,100,98461,100,99726,100,,,99998,100,,,100296,100,,,100307,100,,
2019-06-28 10:07:10.000000000,98980,295,98791,295,98985,295,98772,295,99008,100,98728,100,99059,100,98684,100,99093,100,98551,100,99398,100,98461,100,99726,100,,,99998,100,,,100296,100,,,100307,100,,
2019-06-28 10:07:20.000000000,98980,490,98791,490,98985,100,98772,100,99008,100,98728,100,99059,100,98684,100,99093,100,98551,100,99398,100,98461,100,99726,100,,,99998,100,,,100296,100,,,100307,100,,
2019-06-28 10:07:30.000000000,98980,198,98791,198,98985,198,98772,198,99008,198,98728,198,99059,198,98684,198,99093,100,98551,100,99398,100,98461,100,99726,100,,,99998,100,,,100296,100,,,100307,100,,
2019-06-28 10:07:32.329513032,98980,98,98791,198,98985,198,98772,198,99008,198,98728,198,99059,198,98684,198,99093,100,98551,100,99398,100,98461,100,99726,100,,,99998,100,,,100296,100,,,100307,100,,
2019-06-28 10:07:40.000000000,98985,178,98791,178,99008,178,98772,178,99059,178,98728,178,99093,178,98684,178,99398,178,98551,178,99726,100,98461,100,99998,100,,,100296,100,,,100307,100,,,100476,100,,
2019-06-28 10:07:41.760436206,98985,78,98791,178,99008,178,98772,178,99059,178,98728,178,99093,178,98684,178,99398,178,98551,178,99726,100,,,99998,100,,,100296,100,,,100307,100,,,100476,100,,
2019-06-28 10:07:44.341147838,99008,178,98985,22,99059,178,98791,178,99093,178,98772,178,99398,178,98728,178,99726,100,98684,178,99998,100,98551,178,100296,100,,,100307,100,,,100476,100,,,100508,100,,
2019-06-28 10:07:50.000000000,99008,295,98985,217,99059,295,98791,295,99093,100,98772,100,99398,100,98728,100,99726,100,98684,100,99998,100,98551,100,100296,100,,,100307,100,,,100476,100,,,100508,100,,
2019-06-28 10:08:00.000000000,99008,295,98985,217,99059,295,98791,295,99093,100,98772,100,99398,100,98728,100,99726,100,98684,100,99998,100,98551,100,100296,100,,,100307,100,,,100476,100,,,100508,100,,
2019-06-28 10:08:10.000000000,99008,490,98985,412,99059,100,98791,100,99093,100,98772,100,99398,100,98728,100,99726,100,98684,100,99998,100,98551,100,100296,100,,,100307,100,,,100476,100,,,100508,100,,
2019-06-28 10:08:20.000000000,99008,295,98985,217,99059,295,98791,295,99093,100,98772,100,99398,100,98728,100,99726,100,98684,100,99998,100,98551,100,100296,100,,,100307,100,,,100476,100,,,100508,100,,
2019-06-28 10:08:30.000000000,99008,233,98985,155,99059,229,98791,229,99093,229,98772,229,99398,100,98728,100,99726,100,98684,100,99998,100,98551,100,100296,100,,,100307,100,,,100476,100,,,100508,100,,
2019-06-28 10:08:40.000000000,99008,295,98985,217,99059,295,98791,295,99093,100,98772,100,99398,100,98728,100,99726,100,98684,100,99998,100,98551,100,100296,100,,,100307,100,,,100476,100,,,100508,100,,
2019-06-28 10:08:50.000000000,99008,198,98985,120,99059,198,98791,198,99093,198,98772,198,99398,198,98728,198,99726,100,98684,100,99998,100,98551,100,100296,100,,,100307,100,,,100476,100,,,100508,100,,
2019-06-28 10:08:53.573527662,99008,198,98985,220,99059,198,98791,198,99093,198,98772,198,99398,198,98728,198,99726,100,98684,100,99998,100,98551,100,100296,100,,,100307,100,,,100476,100,,,100508,100,,
2019-06-28 10:09:00.000000000,99008,490,98985,512,99059,100,98791,100,99093,100,98772,100,99398,100,98728,100,99726,100,98684,100,99998,100,98551,100,100296,100,,,100307,100,,,100476,100,,,100508,100,,
2019-06-28 10:09:10.000000000,99008,295,98985,317,99059,295,98791,295,99093,100,98772,100,99398,100,98728,100,99726,100,98684,100,99998,100,98551,100,100296,100,,,100307,100,,,100476,100,,,100508,100,,
2019-06-28 10:09:19.453866849,99008,195,98985,317,99059,295,98791,295,99093,100,98772,100,99398,100,98728,100,99726,100,98684,100,99998,100,98551,100,100296,100,,,100307,100,,,100476,100,,,100508,100,,
2019-06-28 10:09:20.000000000,99059,233,98985,255,99093,229,98791,229,99398,229,98772,229,99726,100,98728,100,99998,100,98684,100,100296,100,98551,100,100307,100,,,100476,100,,,100508,100,,,100749,100,,
2019-06-28 10:09:30.000000000,99059,490,98985,512,99093,100,98791,100,99398,100,98772,100,99726,100,98728,100,99998,100,98684,100,100296,100,98551,100,100307,100,,,100476,100,,,100508,100,,,100749,100,,
2019-06-28 10:09:30.744623646,99007,100,98985,512,99059,490,98791,100,99093,100,98772,100,99398,100,98728,100,99726,100,98684,100,99998,100,98551,100,100296,100,,,100307,100,,,100476,100,,,100508,100,,
2019-06-28 10:09:40.000000000,99007,178,98985,200,99059,178,98791,178,99093,178,98772,178,99398,178,98728,178,99726,178,98684,178,99998,100,98551,100,100296,100,,,100307,100,,,100476,100,,,100508,100,,
2019-06-28 10:09:41.206121875,99007,178,98985,200,99059,178,98791,178,99093,178,98772,178,99250,100,98728,178,99398,178,98684,178,99726,178,98551,100,99998,100,,,100296,100,,,100307,100,,,100476,100,,
2019-06-28 10:09:50.000000000,99007,490,98985,512,99059,100,98791,100,99093,100,98772,100,99250,100,98728,100,99398,100,98684,100,99726,100,98551,100,99998,100,,,100296,100,,,100307,100,,,100476,100,,
2019-06-28 10:10:00.000000000,99007,233,98985,255,99059,229,98791,229,99093,229,98772,229,99250,100,98728,100,99398,100,98684,100,99726,100,98551,100,99998,100,,,100296,100,,,100307,100,,,100476,100,,
2019-06-28 10:10:10.000000000,99007,178,98985,200,99059,178,98791,178,99093,178,98772,178,99250,178,98728,178,99398,178,98684,178,99726,100,98551,100,99998,100,,,100296,100,,,100307,100,,,100476,100,,
2019-06-28 10:10:13.288210747,99007,178,98985,200,99059,178,98975,100,99093,178,98791,178,99250,178,98772,178,99398,178,98728,178,99726,100,98684,178,99998,100,,,100296,100,,,100307,100,,,100476,100,,
