,ask_price_1,ask_size_1,bid_price_1,bid_size_1,ask_price_2,ask_size_2,bid_price_2,bid_size_2,ask_price_3,ask_size_3,bid_price_3,bid_size_3,ask_price_4,ask_size_4,bid_price_4,bid_size_4,ask_price_5,ask_size_5,bid_price_5,bid_size_5,ask_price_6,ask_size_6,bid_price_6,bid_size_6,ask_price_7,ask_size_7,bid_price_7,bid_size_7,ask_price_8,ask_size_8,bid_price_8,bid_size_8,ask_price_9,ask_size_9,bid_price_9,bid_size_9,ask_price_10,ask_size_10,bid_price_10,bid_size_10
2019-06-28 09:30:00.000000000,,,99934,100,,,99910,100,,,,,,,,,,,,,,,,,,,,,,,,,,,,,,,,
2019-06-28 09:30:00.000000002,100040,100,99934,100,100096,100,99910,100,,,,,,,,,,,,,,,,,,,,,,,,,,,,,,,,
2019-06-28 09:30:00.000000005,100040,100,99934,100,100096,100,99910,100,,,99890,100,,,,,,,,,,,,,,,,,,,,,,,,,,,,
2019-06-28 09:30:00.000000006,99983,100,99934,100,100040,100,99910,100,100096,100,99890,100,100121,100,,,,,,,,,,,,,,,,,,,,,,,,,,
2019-06-28 09:30:00.000000009,99983,100,99934,100,100030,100,99910,100,100040,100,99890,100,100096,100,,,100103,100,,,100121,100,,,,,,,,,,,,,,,,,,
2019-06-28 09:30:00.000000010,99983,100,99934,100,100009,100,99910,100,100030,100,99890,100,100040,100,,,100096,100,,,100103,100,,,100121,100,,,,,,,,,,,,,,
2019-06-28 09:30:00.000000014,99983,100,99934,100,100009,100,99910,100,100030,100,99890,100,100040,100,,,100056,100,,,100096,100,,,100103,100,,,100121,100,,,,,,,,,,
2019-06-28 09:30:00.000000015,99983,100,99934,100,100009,100,99910,100,100030,100,99890,100,100040,100,,,100056,100,,,100096,100,,,100103,100,,,100119,100,,,100121,100,,,,,,
2019-06-28 09:30:00.000000016,99983,100,99937,100,100009,100,99934,100,100030,100,99910,100,100034,100,99890,100,100040,100,,,100056,100,,,100096,100,,,100103,100,,,100119,100,,,100121,100,,
2019-06-28 09:30:00.000000019,99983,100,99937,100,100009,100,99934,100,100030,100,99910,100,100034,100,99890,100,100035,100,,,100040,100,,,100056,100,,,100096,100,,,100103,100,,,100119,100,,
2019-06-28 09:30:00.000000021,99959,100,99937,100,99983,100,99934,100,100009,100,99910,100,100030,100,99890,100,100034,100,,,100035,100,,,100040,100,,,100056,100,,,100096,100,,,100103,100,,
2019-06-28 09:30:00.000000022,99959,100,99949,100,99983,100,99937,100,100009,100,99934,100,100030,100,99910,100,100034,100,99890,100,100035,100,,,100040,100,,,100056,100,,,100096,100,,,100103,100,,
2019-06-28 09:30:00.000000025,99959,100,99949,100,99983,100,99937,100,100009,100,99934,100,100030,100,99910,100,100034,100,99890,100,100035,100,,,100040,100,,,100056,100,,,100082,100,,,100096,100,,
2019-06-28 09:30:00.000000026,99959,100,99949,100,99983,100,99937,100,100009,100,99934,100,100030,100,99910,100,100034,100,99890,100,100035,100,99859,100,100040,100,99843,100,100056,100,,,100082,100,,,100096,100,,
2019-06-28 09:30:00.000000028,99959,100,99949,100,99983,100,99937,100,100009,100,99934,100,100030,100,99910,100,100034,100,99890,100,100035,100,99859,100,100040,100,99843,100,100056,100,,,100082,100,,,100096,100,,
2019-06-28 09:30:00.000000031,99959,100,99949,100,99983,100,99937,100,100009,100,99934,100,100030,100,99918,100,100034,100,99910,100,100035,100,99890,100,100040,100,99859,100,100056,100,99843,100,100082,100,,,100096,100,,
2019-06-28 09:30:00.000000034,99959,100,99949,100,99983,100,99937,100,100009,100,99934,100,100030,100,99918,100,100034,100,99910,100,100035,100,99890,100,100040,100,99859,100,100056,100,99843,100,100082,100,99756,100,100096,100,,
2019-06-28 09:30:00.000000035,99983,100,99949,100,100009,100,99937,100,100030,100,99934,100,100034,100,99918,100,100035,100,99917,100,100040,100,99910,100,100056,100,99890,100,100082,100,99859,100,100096,100,99843,100,100103,100,99756,100
2019-06-28 09:30:00.000000038,99983,100,99949,100,100009,100,99937,100,100030,100,99934,100,100034,100,99918,100,100035,100,99917,100,100040,100,99910,100,100056,100,99890,100,100082,100,99859,100,100096,100,99843,100,100103,100,99799,100
2019-06-28 09:30:00.000000039,99983,100,99949,100,100009,100,99937,100,100011,100,99934,100,100030,100,99918,100,100034,100,99917,100,100035,100,99910,100,100040,100,99890,100,100056,100,99859,100,100082,100,99843,100,100096,100,99799,100
2019-06-28 09:30:00.000000040,99983,100,99949,100,100009,100,99937,100,100011,100,99934,100,100030,100,99923,100,100034,100,99918,100,100035,100,99917,100,100040,100,99910,100,100056,100,99890,100,100082,100,99859,100,100096,100,99843,100
2019-06-28 09:30:00.000000042,99983,100,99949,100,100009,100,99945,100,100011,100,99937,100,100030,100,99934,100,100034,100,99923,100,100035,100,99918,100,100040,100,99917,100,100056,100,99910,100,100082,100,99901,100,100096,100,99890,100
2019-06-28 09:30:00.000000046,99983,100,99949,100,100009,100,99945,100,100011,100,99937,100,100023,100,99934,100,100030,100,99923,100,100034,100,99918,100,100035,100,99917,100,100040,100,99910,100,100056,100,99901,100,100082,100,99890,100
2019-06-28 09:30:00.000000048,99983,100,99949,100,100009,100,99945,100,100011,100,99937,100,100023,100,99934,100,100030,100,99923,100,100034,100,99918,100,100035,100,99917,100,100040,100,99910,100,100056,100,99901,100,100082,100,99890,100
2019-06-28 09:30:00.000000050,99983,100,99949,100,100009,100,99945,100,100011,100,99937,100,100023,100,99934,100,100030,100,99923,100,100034,100,99918,100,100035,100,99917,100,100040,100,99910,100,100043,100,99901,100,100056,100,99890,100
2019-06-28 09:30:00.000000052,99983,100,99945,100,100009,100,99937,100,100011,100,99934,100,100023,100,99923,100,100030,100,99918,100,100034,100,99917,100,100035,100,99912,100,100040,100,99910,100,100043,100,99901,100,100056,100,99890,100
2019-06-28 09:30:00.000000053,99983,100,99937,100,100009,100,99934,100,100011,100,99923,100,100023,100,99918,100,100030,100,99917,100,100034,100,99912,100,100035,100,99911,100,100040,100,99910,100,100043,100,99901,100,100056,100,99890,100
2019-06-28 09:30:00.000000055,99949,100,99937,100,99983,100,99934,100,100009,100,99923,100,100011,100,99918,100,100023,100,99917,100,100030,100,99912,100,100034,100,99911,100,100035,100,99910,100,100040,100,99901,100,100043,100,99890,100
2019-06-28 09:30:00.000000056,99949,100,99945,100,99982,100,99937,100,99983,100,99934,100,100009,100,99923,100,100011,100,99918,100,100023,100,99917,100,100030,100,99912,100,100034,100,99911,100,100035,100,99910,100,100040,100,99901,100
2019-06-28 09:30:00.000000058,99949,100,99945,100,99982,100,99937,100,99983,100,99934,100,100009,100,99923,100,100011,100,99918,100,100023,100,99917,100,100030,100,99912,100,100034,100,99911,100,100035,100,99910,100,100040,100,99905,100
2019-06-28 09:30:00.000000062,99949,100,99945,200,99982,100,99937,100,99983,100,99934,100,100009,100,99923,100,100011,100,99918,100,100023,100,99917,100,100030,100,99912,100,100034,100,99911,100,100035,100,99910,100,100040,100,99905,100
2019-06-28 09:30:00.000000064,99949,100,99945,200,99982,100,99937,100,99983,100,99934,100,100009,100,99923,100,100011,100,99918,100,100023,100,99917,100,100030,100,99912,100,100034,100,99911,100,100035,100,99910,100,100040,100,99905,100
2019-06-28 09:30:00.000000068,99982,100,99946,100,99983,100,99945,200,100009,100,99937,100,100011,100,99934,100,100023,100,99923,100,100030,100,99918,100,100034,100,99917,100,100035,100,99912,100,100040,100,99911,100,100043,100,99910,100
2019-06-28 09:30:00.000000069,99982,100,99946,100,99983,100,99945,200,100009,100,99937,100,100011,100,99934,100,100023,100,99923,100,100030,100,99918,100,100034,100,99917,100,100035,100,99912,100,100040,100,99911,100,100043,100,99910,100
2019-06-28 09:30:00.000000070,99982,100,99946,100,99983,100,99945,200,100009,100,99937,100,100011,100,99934,100,100023,100,99923,100,100030,100,99918,100,100034,100,99917,100,100035,100,99912,100,100040,100,99911,100,100043,100,99910,100
2019-06-28 09:30:00.000000071,99982,100,99946,200,99983,100,99945,200,100009,100,99937,100,100011,100,99934,100,100023,100,99923,100,100030,100,99918,100,100034,100,99917,100,100035,100,99912,100,100040,100,99911,100,100043,100,99910,100
2019-06-28 09:30:00.000000075,99982,100,99946,200,99983,100,99945,200,100009,100,99937,100,100011,100,99934,100,100023,100,99923,100,100030,100,99918,100,100034,100,99917,100,100035,100,99912,100,100040,100,99911,100,100043,100,99910,100
2019-06-28 09:30:00.000000076,99982,100,99946,200,99983,100,99945,200,100009,100,99937,100,100011,100,99934,100,100023,100,99923,100,100030,100,99918,100,100034,100,99917,100,100035,100,99912,100,100040,100,99911,100,100043,100,99910,100
2019-06-28 09:30:00.000000082,99982,100,99946,200,99983,100,99945,200,100009,100,99937,100,100011,100,99934,100,100023,100,99923,100,100030,100,99918,100,100034,100,99917,100,100035,100,99912,100,100040,100,99911,100,100043,100,99910,100
2019-06-28 09:30:00.000000083,99982,100,99946,200,99983,100,99945,200,100009,100,99937,100,100011,100,99934,100,100023,100,99923,100,100030,100,99918,100,100034,100,99917,100,100035,100,99912,100,100040,100,99911,100,100043,100,99910,100
2019-06-28 09:30:00.000000085,99982,100,99951,100,99983,100,99946,200,100009,100,99945,200,100011,100,99937,100,100023,100,99934,100,100030,100,99923,100,100034,100,99918,100,100035,100,99917,100,100040,100,99912,100,100043,100,99911,100
2019-06-28 09:30:00.000000089,99982,100,99951,100,99983,100,99946,300,100009,100,99945,200,100011,100,99937,100,100023,100,99934,100,100030,100,99923,100,100034,100,99918,100,100035,100,99917,100,100040,100,99912,100,100043,100,99911,100
2019-06-28 09:30:00.000000091,99982,100,99951,100,99983,100,99946,300,100009,100,99945,200,100011,100,99937,100,100023,100,99934,100,100030,100,99923,100,100034,100,99918,100,100035,100,99917,100,100040,100,99912,100,100043,100,99911,100
2019-06-28 09:30:00.000000092,99982,100,99951,100,99983,100,99946,300,100009,100,99945,200,100011,100,99937,100,100023,100,99934,100,100029,100,99923,100,100030,100,99918,100,100034,100,99917,100,100035,100,99912,100,100040,100,99911,100
2019-06-28 09:30:00.000000093,99982,100,99951,100,99983,100,99946,400,100009,100,99945,200,100011,100,99937,100,100023,100,99934,100,100029,100,99923,100,100030,100,99918,100,100034,100,99917,100,100035,100,99912,100,100040,100,99911,100
2019-06-28 09:30:00.000000095,99982,100,99951,100,99983,100,99946,400,100009,100,99945,200,100011,100,99937,100,100023,100,99934,100,100029,100,99923,100,100030,100,99918,100,100034,100,99917,100,100035,100,99912,100,100039,100,99911,100
2019-06-28 09:30:00.000000096,99982,100,99946,400,99983,100,99945,200,100009,100,99937,100,100011,100,99934,100,100023,100,99923,100,100029,100,99918,100,100030,100,99917,100,100034,100,99912,100,100035,100,99911,100,100039,100,99910,100
2019-06-28 09:30:10.000000000,99982,305,99946,605,99983,305,99945,405,100009,100,99937,100,100011,100,99934,100,100023,100,99923,100,100029,100,99918,100,100030,100,99917,100,100034,100,99912,100,100035,100,99911,100,100039,100,99910,100
2019-06-28 09:30:20.000000000,99982,182,99946,482,99983,182,99945,282,100009,182,99937,182,100011,182,99934,182,100023,182,99923,182,100029,100,99918,100,100030,100,99917,100,100034,100,99912,100,100035,100,99911,100,100039,100,99910,100
2019-06-28 09:30:30.000000000,99982,239,99946,539,99983,235,99945,335,100009,235,99937,235,100011,100,99934,100,100023,100,99923,100,100029,100,99918,100,100030,100,99917,100,100034,100,99912,100,100035,100,99911,100,100039,100,99910,100
2019-06-28 09:30:32.299015886,99951,100,99946,539,99982,239,99945,335,99983,235,99937,235,100009,235,99934,100,100011,100,99923,100,100023,100,99918,100,100029,100,99917,100,100030,100,99912,100,100034,100,99911,100,100035,100,99910,100
2019-06-28 09:30:37.983106336,99951,200,99946,539,99982,239,99945,335,99983,235,99937,235,100009,235,99934,100,100011,100,99923,100,100023,100,99918,100,100029,100,99917,100,100030,100,99912,100,100034,100,99911,100,100035,100,99910,100
2019-06-28 09:30:40.000000000,99951,610,99946,810,99982,100,99945,200,99983,100,99937,100,100009,100,99934,100,100011,100,99923,100,100023,100,99918,100,100029,100,99917,100,100030,100,99912,100,100034,100,99911,100,100035,100,99910,100
2019-06-28 09:30:46.714194586,99951,610,99946,810,99982,100,99945,200,99983,100,99937,100,100009,100,99934,100,100011,100,99923,100,100023,100,99918,100,100029,100,99917,100,100030,100,99912,100,100034,100,99911,100,100035,100,99910,100
2019-06-28 09:30:50.000000000,99951,610,99946,810,99982,100,99945,200,99983,100,99937,100,100009,100,99934,100,100011,100,99923,100,100023,100,99918,100,100029,100,99917,100,100030,100,99912,100,100034,100,99911,100,100035,100,99910,100
2019-06-28 09:31:00.000000000,99951,339,99946,539,99982,235,99945,335,99983,235,99937,235,100009,100,99934,100,100011,100,99923,100,100023,100,99918,100,100029,100,99917,100,100030,100,99912,100,100034,100,99911,100,100035,100,99910,100
2019-06-28 09:31:10.000000000,99951,405,99946,605,99982,305,99945,405,99983,100,99937,100,100009,100,99934,100,100011,100,99923,100,100023,100,99918,100,100029,100,99917,100,100030,100,99912,100,100034,100,99911,100,100035,100,99910,100
2019-06-28 09:31:11.013868737,99951,405,99946,605,99982,305,99945,405,99983,100,99937,100,100009,100,99934,100,100011,100,99923,100,100023,100,99918,100,100029,100,99917,100,100030,100,99912,100,100034,100,99911,100,100035,100,99910,100
2019-06-28 09:31:20.000000000,99951,610,99946,810,99982,100,99945,200,99983,100,99937,100,100009,100,99934,100,100011,100,99923,100,100023,100,99918,100,100029,100,99917,100,100030,100,99912,100,100034,100,99911,100,100035,100,99910,100
2019-06-28 09:31:30.000000000,99951,339,99946,539,99982,235,99945,335,99983,235,99937,235,100009,100,99934,100,100011,100,99923,100,100023,100,99918,100,100029,100,99917,100,100030,100,99912,100,100034,100,99911,100,100035,100,99910,100
2019-06-28 09:31:39.141766405,99951,339,99946,439,99982,235,99945,335,99983,235,99937,235,100011,100,99934,100,100023,100,99923,100,100029,100,99918,100,100030,100,99917,100,100034,100,99912,100,100035,100,99911,100,100040,100,99910,100
2019-06-28 09:31:40.000000000,99951,302,99946,402,99982,202,99945,302,99983,202,99937,202,100011,202,99934,202,100023,100,99923,100,100029,100,99918,100,100030,100,99917,100,100034,100,99912,100,100035,100,99911,100,100040,100,99910,100
2019-06-28 09:31:50.000000000,99951,610,99946,710,99982,100,99945,200,99983,100,99937,100,100011,100,99934,100,100023,100,99923,100,100029,100,99918,100,100030,100,99917,100,100034,100,99912,100,100035,100,99911,100,100040,100,99910,100
2019-06-28 09:32:00.000000000,99951,282,99946,382,99982,182,99945,282,99983,182,99937,182,100011,182,99934,182,100023,182,99923,182,100029,100,99918,100,100030,100,99917,100,100034,100,99912,100,100035,100,99911,100,100040,100,99910,100
2019-06-28 09:32:10.000000000,99951,302,99946,402,99982,202,99945,302,99983,202,99937,202,100011,202,99934,202,100023,100,99923,100,100029,100,99918,100,100030,100,99917,100,100034,100,99912,100,100035,100,99911,100,100040,100,99910,100
2019-06-28 09:32:14.077339659,99951,302,99946,302,99982,202,99945,302,99983,202,99937,202,100011,202,99934,202,100023,100,99923,100,100029,100,99918,100,100030,100,99917,100,100034,100,99912,100,100035,100,99911,100,100040,100,99910,100
2019-06-28 09:32:20.000000000,99951,302,99946,302,99982,202,99945,302,99983,202,99937,202,100011,202,99934,202,100023,100,99923,100,100029,100,99918,100,100030,100,99917,100,100034,100,99912,100,100035,100,99911,100,100040,100,99910,100
2019-06-28 09:32:26.593235917,99951,302,99946,302,99982,202,99945,302,99983,202,99937,202,100011,202,99934,202,100023,100,99923,100,100029,100,99918,100,100030,100,99917,100,100034,100,99912,100,100035,100,99911,100,100040,100,99910,100
2019-06-28 09:32:27.163732525,99951,302,99946,202,99982,202,99945,302,99983,202,99937,202,100011,202,99934,202,100029,100,99923,100,100030,100,99918,100,100034,100,99917,100,100035,100,99912,100,100040,100,99911,100,100043,100,99910,100
2019-06-28 09:32:30.000000000,99951,405,99946,305,99982,305,99945,405,99983,100,99937,100,100011,100,99934,100,100029,100,99923,100,100030,100,99918,100,100034,100,99917,100,100035,100,99912,100,100040,100,99911,100,100043,100,99910,100
2019-06-28 09:32:33.699679541,99951,405,99946,305,99982,305,99945,405,99983,100,99937,100,100011,100,99934,100,100029,100,99923,100,100030,100,99918,100,100034,100,99917,100,100040,100,99912,100,100043,100,99911,100,100049,100,99910,100
2019-06-28 09:32:40.000000000,99951,610,99946,510,99982,100,99945,200,99983,100,99937,100,100011,100,99934,100,100029,100,99923,100,100030,100,99918,100,100034,100,99917,100,100040,100,99912,100,100043,100,99911,100,100049,100,99910,100
2019-06-28 09:32:47.146276694,99951,610,99946,510,99982,100,99945,200,99983,100,99937,100,100011,100,99934,100,100029,100,99923,100,100030,100,99918,100,100034,100,99917,100,100040,100,99912,100,100043,100,99911,100,100049,100,99910,100
2019-06-28 09:32:50.000000000,99951,339,99946,239,99982,235,99945,335,99983,235,99937,235,100011,100,99934,100,100029,100,99923,100,100030,100,99918,100,100034,100,99917,100,100040,100,99912,100,100043,100,99911,100,100049,100,99910,100
2019-06-28 09:33:00.000000000,99951,405,99946,305,99982,305,99945,405,99983,100,99937,100,100011,100,99934,100,100029,100,99923,100,100030,100,99918,100,100034,100,99917,100,100040,100,99912,100,100043,100,99911,100,100049,100,99910,100
2019-06-28 09:33:10.000000000,99951,302,99946,202,99982,202,99945,302,99983,202,99937,202,100011,202,99934,202,100029,100,99923,100,100030,100,99918,100,100034,100,99917,100,100040,100,99912,100,100043,100,99911,100,100049,100,99910,100
2019-06-28 09:33:20.000000000,99951,302,99946,202,99982,202,99945,302,99983,202,99937,202,100011,202,99934,202,100029,100,99923,100,100030,100,99918,100,100034,100,99917,100,100040,100,99912,100,100043,100,99911,100,100049,100,99910,100
2019-06-28 09:33:22.365310683,99951,302,99946,102,99982,202,99945,302,99983,202,99937,202,100011,202,99934,202,100029,100,99923,100,100030,100,99918,100,100034,100,99917,100,100040,100,99912,100,100043,100,99911,100,100049,100,99910,100
2019-06-28 09:33:26.415453816,99951,302,99946,2,99982,202,99945,302,99983,202,99937,202,100011,202,99934,202,100029,100,99923,100,100030,100,99918,100,100034,100,99917,100,100040,100,99912,100,100043,100,99911,100,100049,100,99910,100
2019-06-28 09:33:30.000000000,99951,405,99945,405,99982,305,99937,305,99983,100,99934,100,100011,100,99923,100,100029,100,99918,100,100030,100,99917,100,100034,100,99912,100,100040,100,99911,100,100043,100,99910,100,100049,100,99905,100
2019-06-28 09:33:36.200334883,99951,405,99945,405,99982,305,99937,305,99983,100,99934,100,100011,100,99923,100,100029,100,99918,100,100030,100,99917,100,100034,100,99912,100,100040,100,99911,100,100043,100,99910,100,100049,100,99905,100
2019-06-28 09:33:40.000000000,99951,282,99945,282,99982,182,99937,182,99983,182,99934,182,100011,182,99923,182,100029,182,99918,182,100030,100,99917,100,100034,100,99912,100,100040,100,99911,100,100043,100,99910,100,100049,100,99905,100
2019-06-28 09:33:40.374008006,99951,282,99945,182,99982,182,99937,182,99983,182,99934,182,100011,182,99923,182,100029,182,99918,182,100030,100,99917,100,100034,100,99912,100,100040,100,99911,100,100043,100,99910,100,100054,100,99905,100
2019-06-28 09:33:50.000000000,99951,405,99945,305,99982,305,99937,305,99983,100,99934,100,100011,100,99923,100,100029,100,99918,100,100030,100,99917,100,100034,100,99912,100,100040,100,99911,100,100043,100,99910,100,100054,100,99905,100
2019-06-28 09:33:56.290648939,99946,100,99945,305,99951,305,99937,305,99982,305,99934,100,99983,100,99923,100,100011,100,99918,100,100029,100,99917,100,100030,100,99912,100,100034,100,99911,100,100040,100,99910,100,100043,100,99905,100
2019-06-28 09:33:59.177682235,99946,100,99945,305,99951,305,99937,305,99982,305,99934,100,99983,100,99923,100,100011,100,99918,100,100029,100,99917,100,100030,100,99912,100,100034,100,99911,100,100040,100,99910,100,100043,100,99905,100
2019-06-28 09:34:00.000000000,99946,510,99945,510,99951,100,99937,100,99982,100,99934,100,99983,100,99923,100,100011,100,99918,100,100029,100,99917,100,100030,100,99912,100,100034,100,99911,100,100040,100,99910,100,100043,100,99905,100
2019-06-28 09:34:10.000000000,99946,202,99945,202,99951,202,99937,202,99982,202,99934,202,99983,202,99923,202,100011,100,99918,100,100029,100,99917,100,100030,100,99912,100,100034,100,99911,100,100040,100,99910,100,100043,100,99905,100
2019-06-28 09:34:20.000000000,99946,239,99945,239,99951,235,99937,235,99982,235,99934,235,99983,100,99923,100,100011,100,99918,100,100029,100,99917,100,100030,100,99912,100,100034,100,99911,100,100040,100,99910,100,100043,100,99905,100
2019-06-28 09:34:25.943233196,99946,339,99945,239,99951,135,99937,235,99982,235,99934,235,99983,100,99923,100,100011,100,99918,100,100029,100,99917,100,100030,100,99912,100,100034,100,99911,100,100040,100,99910,100,100043,100,99905,100
2019-06-28 09:34:30.000000000,99946,282,99945,182,99982,182,99937,182,99983,182,99934,182,100011,182,99923,182,100029,182,99918,182,100030,100,99917,100,100034,100,99912,100,100040,100,99911,100,100043,100,99910,100,100054,100,99905,100
2019-06-28 09:34:37.602347997,99946,282,99945,82,99982,182,99937,182,99983,182,99934,182,100011,182,99923,182,100029,182,99918,182,100030,100,99917,100,100034,100,99912,100,100040,100,99911,100,100043,100,99910,100,100054,100,99905,100
2019-06-28 09:34:40.000000000,99946,610,99937,510,99982,100,99934,100,99983,100,99923,100,100011,100,99918,100,100029,100,99917,100,100030,100,99912,100,100034,100,99911,100,100040,100,99910,100,100043,100,99905,100,100054,100,99901,100
2019-06-28 09:34:50.000000000,99946,405,99937,305,99982,305,99934,305,99983,100,99923,100,100011,100,99918,100,100029,100,99917,100,100030,100,99912,100,100034,100,99911,100,100040,100,99910,100,100043,100,99905,100,100054,100,99901,100
2019-06-28 09:34:59.646343601,99946,405,99937,205,99982,305,99934,305,99983,100,99923,100,100011,100,99918,100,100029,100,99917,100,100030,100,99912,100,100034,100,99911,100,100040,100,99910,100,100043,100,99905,100,100054,100,99901,100
2019-06-28 09:35:00.000000000,99946,610,99934,510,99982,100,99923,100,99983,100,99918,100,100011,100,99917,100,100029,100,99912,100,100030,100,99911,100,100034,100,99910,100,100040,100,99905,100,100043,100,99901,100,100054,100,99890,100
2019-06-28 09:35:02.322882839,99946,610,99934,410,99982,100,99923,100,99983,100,99918,100,100011,100,99917,100,100029,100,99912,100,100030,100,99911,100,100034,100,99910,100,100040,100,99901,100,100043,100,99890,100,100054,100,99858,100
2019-06-28 09:35:02.589989058,99946,610,99934,410,99982,100,99923,100,99983,100,99918,100,100011,100,99917,100,100029,100,99912,100,100030,100,99911,100,100034,100,99910,100,100040,100,99901,100,100043,100,99890,100,100054,100,99858,100
2019-06-28 09:35:10.000000000,99946,610,99923,510,99982,100,99918,100,99983,100,99917,100,100011,100,99912,100,100029,100,99911,100,100030,100,99910,100,100034,100,99901,100,100040,100,99890,100,100043,100,99858,100,100054,100,99843,100
2019-06-28 09:35:20.000000000,99946,302,99923,202,99982,202,99918,202,99983,202,99917,202,100011,202,99912,202,100029,100,99911,100,100030,100,99910,100,100034,100,99901,100,100040,100,99890,100,100043,100,99858,100,100054,100,99843,100
2019-06-28 09:35:27.808611296,99946,302,99923,202,99982,202,99918,202,99983,202,99917,202,100011,202,99912,202,100029,100,99911,100,100030,100,99910,100,100034,100,99901,100,100040,100,99890,100,100043,100,99858,100,100054,100,99843,100
2019-06-28 09:35:30.000000000,99946,302,99923,202,99982,202,99918,202,99983,202,99917,202,100011,202,99912,202,100029,100,99911,100,100030,100,99910,100,100034,100,99901,100,100040,100,99890,100,100043,100,99858,100,100054,100,99843,100
2019-06-28 09:35:40.000000000,99946,302,99923,202,99982,202,99918,202,99983,202,99917,202,100011,202,99912,202,100029,100,99911,100,100030,100,99910,100,100034,100,99901,100,100040,100,99890,100,100043,100,99858,100,100054,100,99843,100
2019-06-28 09:35:50.000000000,99946,405,99923,305,99982,305,99918,305,99983,100,99917,100,100011,100,99912,100,100029,100,99911,100,100030,100,99910,100,100034,100,99901,100,100040,100,99890,100,100043,100,99858,100,100054,100,99843,100
2019-06-28 09:36:00.000000000,99946,302,99923,202,99982,202,99918,202,99983,202,99917,202,100011,202,99912,202,100029,100,99911,100,100030,100,99910,100,100034,100,99901,100,100040,100,99890,100,100043,100,99858,100,100054,100,99843,100
2019-06-28 09:36:06.628722926,99946,302,99923,202,99982,202,99918,202,99983,202,99917,202,100011,202,99912,202,100029,100,99911,100,100030,100,99910,100,100034,100,99890,100,100040,100,99858,100,100043,100,99843,100,100054,100,99812,100
2019-06-28 09:36:06.723987063,99946,202,99923,202,99982,202,99918,202,99983,202,99917,202,100011,202,99912,202,100029,100,99911,100,100030,100,99910,100,100034,100,99890,100,100040,100,99858,100,100043,100,99843,100,100054,100,99812,100
2019-06-28 09:36:10.000000000,99946,202,99923,202,99982,202,99918,202,99983,202,99917,202,100011,202,99912,202,100029,100,99911,100,100030,100,99910,100,100034,100,99890,100,100040,100,99858,100,100043,100,99843,100,100054,100,99812,100
2019-06-28 09:36:10.495687927,99946,202,99935,100,99982,202,99923,202,99983,202,99918,202,100011,202,99917,202,100029,100,99912,202,100030,100,99911,100,100034,100,99910,100,100040,100,99890,100,100043,100,99858,100,100054,100,99843,100
2019-06-28 09:36:20.000000000,99946,202,99935,202,99982,202,99923,202,99983,202,99918,202,100011,202,99917,202,100029,100,99912,100,100030,100,99911,100,100034,100,99910,100,100040,100,99890,100,100043,100,99858,100,100054,100,99843,100
2019-06-28 09:36:27.867764383,99946,202,99935,202,99982,202,99927,100,99983,202,99923,202,100011,202,99918,202,100029,100,99917,202,100030,100,99912,100,100034,100,99911,100,100040,100,99910,100,100043,100,99890,100,100054,100,99858,100
2019-06-28 09:36:30.000000000,99946,202,99935,202,99982,202,99927,202,99983,202,99923,202,100011,202,99918,202,100029,100,99917,100,100030,100,99912,100,100034,100,99911,100,100040,100,99910,100,100043,100,99890,100,100054,100,99858,100
2019-06-28 09:36:39.438624650,99946,102,99935,202,99982,202,99927,202,99983,202,99923,202,100011,202,99918,202,100029,100,99917,100,100030,100,99912,100,100034,100,99911,100,100040,100,99910,100,100043,100,99890,100,100054,100,99858,100
2019-06-28 09:36:40.000000000,99982,510,99935,510,99983,100,99927,100,100011,100,99923,100,100029,100,99918,100,100030,100,99917,100,100034,100,99912,100,100040,100,99911,100,100043,100,99910,100,100054,100,99890,100,100056,100,99858,100
2019-06-28 09:36:50.000000000,99982,510,99935,510,99983,100,99927,100,100011,100,99923,100,100029,100,99918,100,100030,100,99917,100,100034,100,99912,100,100040,100,99911,100,100043,100,99910,100,100054,100,99890,100,100056,100,99858,100
2019-06-28 09:37:00.000000000,99982,305,99935,305,99983,305,99927,305,100011,100,99923,100,100029,100,99918,100,100030,100,99917,100,100034,100,99912,100,100040,100,99911,100,100043,100,99910,100,100054,100,99890,100,100056,100,99858,100
2019-06-28 09:37:09.490557926,99982,205,99935,305,99983,305,99927,205,100011,100,99923,100,100029,100,99918,100,100030,100,99917,100,100034,100,99912,100,100040,100,99911,100,100043,100,99910,100,100054,100,99890,100,100056,100,99858,100
2019-06-28 09:37:10.000000000,99983,305,99935,305,100011,305,99923,305,100029,100,99918,100,100030,100,99917,100,100034,100,99912,100,100040,100,99911,100,100043,100,99910,100,100054,100,99890,100,100056,100,99858,100,100096,100,99843,100
2019-06-28 09:37:17.634366653,99983,305,99935,305,100011,305,99923,305,100029,100,99918,100,100030,100,99917,100,100034,100,99912,100,100040,100,99911,100,100043,100,99910,100,100054,100,99890,100,100056,100,99858,100,100096,100,99843,100
2019-06-28 09:37:20.000000000,99983,510,99935,510,100011,100,99923,100,100029,100,99918,100,100030,100,99917,100,100034,100,99912,100,100040,100,99911,100,100043,100,99910,100,100054,100,99890,100,100056,100,99858,100,100096,100,99843,100
2019-06-28 09:37:29.102660428,99983,510,99946,100,100011,100,99935,510,100029,100,99923,100,100030,100,99918,100,100034,100,99917,100,100040,100,99912,100,100043,100,99911,100,100054,100,99910,100,100056,100,99890,100,100096,100,99858,100
2019-06-28 09:37:30.000000000,99983,305,99946,305,100011,305,99935,305,100029,100,99923,100,100030,100,99918,100,100034,100,99917,100,100040,100,99912,100,100043,100,99911,100,100054,100,99910,100,100056,100,99890,100,100096,100,99858,100
2019-06-28 09:37:40.000000000,99983,305,99946,305,100011,305,99935,305,100029,100,99923,100,100030,100,99918,100,100034,100,99917,100,100040,100,99912,100,100043,100,99911,100,100054,100,99910,100,100056,100,99890,100,100096,100,99858,100
2019-06-28 09:37:50.000000000,99983,305,99946,305,100011,305,99935,305,100029,100,99923,100,100030,100,99918,100,100034,100,99917,100,100040,100,99912,100,100043,100,99911,100,100054,100,99910,100,100056,100,99890,100,100096,100,99858,100
2019-06-28 09:38:00.000000000,99983,510,99946,510,100011,100,99935,100,100029,100,99923,100,100030,100,99918,100,100034,100,99917,100,100040,100,99912,100,100043,100,99911,100,100054,100,99910,100,100056,100,99890,100,100096,100,99858,100
2019-06-28 09:38:02.743435520,99983,510,99946,610,100011,100,99935,100,100029,100,99923,100,100030,100,99918,100,100034,100,99917,100,100040,100,99912,100,100043,100,99911,100,100054,100,99910,100,100056,100,99890,100,100096,100,99858,100
2019-06-28 09:38:10.000000000,99983,305,99946,405,100011,305,99935,305,100029,100,99923,100,100030,100,99918,100,100034,100,99917,100,100040,100,99912,100,100043,100,99911,100,100054,100,99910,100,100056,100,99890,100,100096,100,99858,100
2019-06-28 09:38:18.125813731,99983,305,99946,505,100011,305,99935,305,100029,100,99923,100,100030,100,99918,100,100034,100,99917,100,100040,100,99912,100,100043,100,99911,100,100054,100,99910,100,100056,100,99890,100,100096,100,99858,100
2019-06-28 09:38:20.000000000,99983,182,99946,382,100011,182,99935,182,100029,182,99923,182,100030,182,99918,182,100034,182,99917,182,100040,100,99912,100,100043,100,99911,100,100054,100,99910,100,100056,100,99890,100,100096,100,99858,100
2019-06-28 09:38:25.921343713,99983,182,99946,482,100011,182,99935,182,100029,182,99923,182,100030,82,99918,182,100034,182,99917,182,100040,100,99912,100,100043,100,99911,100,100054,100,99910,100,100056,100,99890,100,100096,100,99858,100
2019-06-28 09:38:30.000000000,99983,239,99946,539,100011,235,99935,235,100029,235,99923,235,100034,100,99918,100,100040,100,99917,100,100043,100,99912,100,100054,100,99911,100,100056,100,99910,100,100096,100,99890,100,100105,100,99858,100
2019-06-28 09:38:40.000000000,99983,510,99946,810,100011,100,99935,100,100029,100,99923,100,100034,100,99918,100,100040,100,99917,100,100043,100,99912,100,100054,100,99911,100,100056,100,99910,100,100096,100,99890,100,100105,100,99858,100
2019-06-28 09:38:50.000000000,99983,182,99946,482,100011,182,99935,182,100029,182,99923,182,100034,182,99918,182,100040,182,99917,182,100043,100,99912,100,100054,100,99911,100,100056,100,99910,100,100096,100,99890,100,100105,100,99858,100
2019-06-28 09:39:00.000000000,99983,239,99946,539,100011,235,99935,235,100029,235,99923,235,100034,100,99918,100,100040,100,99917,100,100043,100,99912,100,100054,100,99911,100,100056,100,99910,100,100096,100,99890,100,100105,100,99858,100
2019-06-28 09:39:10.000000000,99983,182,99946,482,100011,182,99935,182,100029,182,99923,182,100034,182,99918,182,100040,182,99917,182,100043,100,99912,100,100054,100,99911,100,100056,100,99910,100,100096,100,99890,100,100105,100,99858,100
2019-06-28 09:39:20.000000000,99983,305,99946,605,100011,305,99935,305,100029,100,99923,100,100034,100,99918,100,100040,100,99917,100,100043,100,99912,100,100054,100,99911,100,100056,100,99910,100,100096,100,99890,100,100105,100,99858,100
2019-06-28 09:39:21.860608962,99983,205,99946,605,100011,305,99935,305,100029,100,99923,100,100034,100,99918,100,100040,100,99917,100,100043,100,99912,100,100054,100,99911,100,100056,100,99910,100,100096,100,99890,100,100105,100,99858,100
2019-06-28 09:39:29.660399746,99983,205,99946,605,100011,305,99935,305,100029,100,99923,100,100034,100,99918,100,100040,100,99917,100,100054,100,99912,100,100056,100,99911,100,100096,100,99910,100,100105,100,99890,100,100110,100,99858,100
2019-06-28 09:39:30.000000000,100011,239,99946,539,100029,235,99935,235,100034,235,99923,235,100040,100,99918,100,100054,100,99917,100,100056,100,99912,100,100096,100,99911,100,100105,100,99910,100,100110,100,99890,100,100114,100,99858,100
2019-06-28 09:39:31.122493471,100011,239,99946,539,100029,235,99935,235,100034,235,99923,235,100040,100,99918,100,100054,100,99917,100,100056,100,99912,100,100096,100,99911,100,100105,100,99910,100,100110,100,99890,100,100114,100,99858,100
2019-06-28 09:39:33.811947394,100011,139,99946,539,100029,235,99935,235,100034,235,99923,135,100040,100,99918,100,100054,100,99917,100,100056,100,99912,100,100096,100,99911,100,100105,100,99910,100,100110,100,99890,100,100114,100,99858,100
2019-06-28 09:39:40.000000000,100029,202,99946,502,100034,202,99935,202,100040,202,99918,202,100054,202,99917,202,100056,100,99912,100,100096,100,99911,100,100105,100,99910,100,100110,100,99890,100,100114,100,99858,100,100119,100,99843,100
2019-06-28 09:39:47.672384527,100029,202,99946,502,100034,202,99935,202,100040,202,99918,202,100054,202,99917,202,100056,100,99912,100,100096,100,99911,100,100105,100,99910,100,100110,100,99890,100,100114,100,99858,100,100119,100,99843,100
2019-06-28 09:39:50.000000000,100029,182,99946,482,100034,182,99935,182,100040,182,99918,182,100054,182,99917,182,100056,182,99912,182,100096,100,99911,100,100105,100,99910,100,100110,100,99890,100,100114,100,99858,100,100119,100,99843,100
2019-06-28 09:40:00.000000000,100029,182,99946,482,100034,182,99935,182,100040,182,99918,182,100054,182,99917,182,100056,182,99912,182,100096,100,99911,100,100105,100,99910,100,100110,100,99890,100,100114,100,99858,100,100119,100,99843,100
2019-06-28 09:40:07.425382625,100029,182,99983,100,100034,182,99946,482,100040,182,99935,182,100054,182,99918,182,100056,182,99917,182,100096,100,99912,182,100105,100,99911,100,100110,100,99910,100,100114,100,99890,100,100119,100,99858,100
2019-06-28 09:40:10.000000000,100029,510,99983,510,100034,100,99946,400,100040,100,99935,100,100054,100,99918,100,100056,100,99917,100,100096,100,99912,100,100105,100,99911,100,100110,100,99910,100,100114,100,99890,100,100119,100,99858,100
2019-06-28 09:40:19.341375500,100029,510,99983,510,100034,100,99946,400,100040,100,99935,100,100054,100,99918,100,100056,100,99917,100,100096,100,99912,100,100105,100,99911,100,100110,100,99910,100,100114,100,99890,100,100119,100,99858,100
2019-06-28 09:40:20.000000000,100029,202,99983,202,100034,202,99946,502,100040,202,99935,202,100054,202,99918,202,100056,100,99917,100,100096,100,99912,100,100105,100,99911,100,100110,100,99910,100,100114,100,99890,100,100119,100,99858,100
2019-06-28 09:40:23.001622322,100029,202,99983,302,100034,202,99946,502,100040,202,99935,202,100054,202,99918,102,100056,100,99917,100,100096,100,99912,100,100105,100,99911,100,100110,100,99910,100,100114,100,99890,100,100119,100,99858,100
2019-06-28 09:40:24.435923446,100029,202,99983,302,100034,202,99946,502,100040,202,99935,202,100054,202,99918,102,100056,100,99917,100,100096,100,99912,100,100105,100,99911,100,100110,100,99910,100,100114,100,99890,100,100119,100,99858,100
2019-06-28 09:40:29.262804388,100029,102,99983,302,100034,202,99946,502,100040,202,99935,202,100054,202,99918,102,100056,100,99917,100,100096,100,99912,100,100105,100,99911,100,100110,100,99910,100,100114,100,99890,100,100119,100,99858,100
2019-06-28 09:40:30.000000000,100034,510,99983,610,100040,100,99946,400,100054,100,99935,100,100056,100,99917,100,100096,100,99912,100,100105,100,99911,100,100110,100,99910,100,100114,100,99890,100,100119,100,99858,100,100134,100,99843,100
2019-06-28 09:40:35.479910274,100034,510,99983,610,100040,100,99946,400,100054,100,99935,100,100056,100,99917,100,100096,100,99912,100,100105,100,99911,100,100110,100,99910,100,100114,100,99890,100,100119,100,99858,100,100134,100,99843,100
2019-06-28 09:40:40.000000000,100034,202,99983,302,100040,202,99946,502,100054,202,99935,202,100056,202,99917,202,100096,100,99912,100,100105,100,99911,100,100110,100,99910,100,100114,100,99890,100,100119,100,99858,100,100134,100,99843,100
2019-06-28 09:40:41.439349101,100034,202,99983,302,100040,202,99946,502,100054,202,99935,202,100056,202,99917,202,100096,100,99912,100,100105,100,99911,100,100110,100,99910,100,100119,100,99890,100,100134,100,99858,100,100144,100,99843,100
2019-06-28 09:40:50.000000000,100034,510,99983,610,100040,100,99946,400,100054,100,99935,100,100056,100,99917,100,100096,100,99912,100,100105,100,99911,100,100110,100,99910,100,100119,100,99890,100,100134,100,99858,100,100144,100,99843,100
2019-06-28 09:41:00.000000000,100034,202,99983,302,100040,202,99946,502,100054,202,99935,202,100056,202,99917,202,100096,100,99912,100,100105,100,99911,100,100110,100,99910,100,100119,100,99890,100,100134,100,99858,100,100144,100,99843,100
2019-06-28 09:41:01.549687696,100034,202,99983,302,100040,202,99946,502,100054,202,99935,202,100056,202,99917,202,100096,100,99912,100,100105,100,99911,100,100110,100,99910,100,100119,100,99890,100,100134,100,99858,100,100144,100,99843,100
2019-06-28 09:41:05.557676441,100034,202,99983,302,100040,202,99946,502,100054,202,99935,202,100056,202,99917,202,100096,100,99912,100,100105,100,99911,100,100110,100,99910,100,100119,100,99890,100,100134,100,99858,100,100144,100,99843,100
2019-06-28 09:41:10.000000000,100034,510,99983,610,100040,100,99946,400,100054,100,99935,100,100056,100,99917,100,100096,100,99912,100,100105,100,99911,100,100110,100,99910,100,100119,100,99890,100,100134,100,99858,100,100144,100,99843,100
2019-06-28 09:41:15.780297081,100034,510,100011,100,100040,100,99983,610,100054,100,99946,300,100056,100,99935,100,100096,100,99917,100,100105,100,99912,100,100110,100,99911,100,100119,100,99910,100,100134,100,99890,100,100144,100,99858,100
2019-06-28 09:41:20.000000000,100034,239,100011,239,100040,235,99983,335,100054,235,99946,435,100056,100,99935,100,100096,100,99917,100,100105,100,99912,100,100110,100,99911,100,100119,100,99910,100,100134,100,99890,100,100144,100,99858,100
2019-06-28 09:41:30.000000000,100034,305,100011,305,100040,305,99983,405,100054,100,99946,300,100056,100,99935,100,100096,100,99917,100,100105,100,99912,100,100110,100,99911,100,100119,100,99910,100,100134,100,99890,100,100144,100,99858,100
2019-06-28 09:41:33.210472263,100034,205,100011,305,100040,305,99983,405,100054,100,99946,300,100056,100,99935,100,100096,100,99917,100,100105,100,99912,100,100110,100,99911,100,100119,100,99910,100,100134,100,99890,100,100144,100,99858,100
2019-06-28 09:41:40.000000000,100040,239,100011,239,100054,235,99983,335,100056,235,99946,435,100096,100,99935,100,100105,100,99917,100,100110,100,99912,100,100119,100,99911,100,100134,100,99910,100,100144,100,99890,100,100185,100,99858,100
2019-06-28 09:41:50.000000000,100040,202,100011,202,100054,202,99983,302,100056,202,99946,402,100096,202,99935,202,100105,100,99917,100,100110,100,99912,100,100119,100,99911,100,100134,100,99910,100,100144,100,99890,100,100185,100,99858,100
2019-06-28 09:42:00.000000000,100040,239,100011,239,100054,235,99983,335,100056,235,99946,435,100096,100,99935,100,100105,100,99917,100,100110,100,99912,100,100119,100,99911,100,100134,100,99910,100,100144,100,99890,100,100185,100,99858,100
2019-06-28 09:42:10.000000000,100040,305,100011,305,100054,305,99983,405,100056,100,99946,300,100096,100,99935,100,100105,100,99917,100,100110,100,99912,100,100119,100,99911,100,100134,100,99910,100,100144,100,99890,100,100185,100,99858,100
2019-06-28 09:42:19.049551811,100040,205,100011,305,100054,305,99983,405,100056,100,99946,300,100096,100,99935,100,100105,100,99917,100,100110,100,99912,100,100119,100,99911,100,100134,100,99910,100,100144,100,99890,100,100185,100,99858,100
2019-06-28 09:42:20.000000000,100054,305,100011,305,100056,305,99983,405,100096,100,99946,300,100105,100,99935,100,100110,100,99917,100,100119,100,99912,100,100134,100,99911,100,100144,100,99910,100,100185,100,99890,100,100956,100,99858,100
2019-06-28 09:42:25.944507649,100054,305,100011,305,100056,305,99983,405,100096,100,99946,300,100105,100,99935,100,100110,100,99917,100,100119,100,99912,100,100134,100,99911,100,100144,100,99910,100,100185,100,99890,100,100776,100,99858,100
2019-06-28 09:42:27.388863618,100054,305,100011,305,100056,305,99983,405,100096,100,99946,300,100105,100,99935,100,100110,100,99912,100,100119,100,99911,100,100134,100,99910,100,100144,100,99890,100,100185,100,99858,100,100684,100,99843,100
2019-06-28 09:42:29.378424688,100054,305,100011,305,100056,305,99983,405,100096,100,99946,300,100105,100,99935,100,100110,100,99912,100,100119,100,99911,100,100144,100,99910,100,100185,100,99890,100,100684,100,99858,100,100776,100,99843,100
2019-06-28 09:42:30.000000000,100054,510,100011,510,100056,100,99983,200,100096,100,99946,300,100105,100,99935,100,100110,100,99912,100,100119,100,99911,100,100144,100,99910,100,100185,100,99890,100,100684,100,99858,100,100776,100,99843,100
2019-06-28 09:42:40.000000000,100054,239,100011,239,100056,235,99983,335,100096,235,99946,435,100105,100,99935,100,100110,100,99912,100,100119,100,99911,100,100144,100,99910,100,100185,100,99890,100,100684,100,99858,100,100776,100,99843,100
2019-06-28 09:42:44.399223537,100054,139,100011,239,100056,235,99983,335,100096,235,99946,435,100105,100,99935,100,100110,100,99912,100,100119,100,99911,100,100144,100,99910,100,100185,100,99890,100,100684,100,99843,100,100776,100,99812,100
2019-06-28 09:42:50.000000000,100056,305,100011,305,100096,305,99983,405,100105,100,99946,300,100110,100,99935,100,100119,100,99912,100,100144,100,99911,100,100185,100,99910,100,100684,100,99890,100,100776,100,99843,100,100936,100,99812,100
2019-06-28 09:42:56.504639215,100056,305,100040,100,100096,305,100011,305,100105,100,99983,405,100110,100,99946,200,100119,100,99935,100,100144,100,99912,100,100185,100,99911,100,100684,100,99910,100,100776,100,99890,100,100936,100,99843,100
2019-06-28 09:43:00.000000000,100056,239,100040,239,100096,235,100011,235,100105,235,99983,335,100110,100,99946,200,100119,100,99935,100,100144,100,99912,100,100185,100,99911,100,100684,100,99910,100,100776,100,99890,100,100936,100,99843,100
2019-06-28 09:43:00.888744020,100056,139,100040,239,100096,235,100011,235,100105,235,99983,335,100110,100,99946,200,100119,100,99935,100,100144,100,99911,100,100185,100,99910,100,100684,100,99890,100,100776,100,99843,100,100936,100,99812,100
2019-06-28 09:43:10.000000000,100096,510,100040,510,100105,100,100011,100,100110,100,99983,200,100119,100,99946,200,100144,100,99935,100,100185,100,99911,100,100684,100,99910,100,100776,100,99890,100,100936,100,99843,100,100956,100,99812,100
2019-06-28 09:43:16.001663991,100096,510,100040,410,100105,100,100011,100,100110,100,99983,200,100119,100,99946,200,100144,100,99935,100,100185,100,99911,100,100684,100,99910,100,100776,100,99890,100,100936,100,99843,100,100956,100,99812,100
2019-06-28 09:43:20.000000000,100096,182,100011,182,100105,182,99983,282,100110,182,99946,282,100119,182,99935,182,100144,182,99911,182,100185,100,99910,100,100684,100,99890,100,100776,100,99843,100,100936,100,99812,100,100956,100,99799,100
2019-06-28 09:43:30.000000000,100096,202,100011,202,100105,202,99983,302,100110,202,99946,302,100119,202,99935,202,100144,100,99911,100,100185,100,99910,100,100684,100,99890,100,100776,100,99843,100,100936,100,99812,100,100956,100,99799,100
2019-06-28 09:43:40.000000000,100096,239,100011,239,100105,235,99983,335,100110,235,99946,335,100119,100,99935,100,100144,100,99911,100,100185,100,99910,100,100684,100,99890,100,100776,100,99843,100,100936,100,99812,100,100956,100,99799,100
2019-06-28 09:43:43.980071426,100096,139,100011,239,100105,235,99983,335,100110,235,99946,335,100119,100,99935,100,100144,100,99911,100,100185,100,99910,100,100684,100,99890,100,100776,100,99843,100,100936,100,99812,100,100956,100,99799,100
2019-06-28 09:43:44.783344332,100096,139,100011,239,100105,235,99983,335,100110,235,99946,335,100119,100,99935,100,100144,100,99911,100,100185,100,99910,100,100684,100,99890,100,100776,100,99843,100,100918,100,99812,100,100936,100,99799,100
2019-06-28 09:43:50.000000000,100105,510,100011,510,100110,100,99983,200,100119,100,99946,200,100144,100,99935,100,100185,100,99911,100,100684,100,99910,100,100776,100,99890,100,100918,100,99843,100,100936,100,99812,100,100956,100,99799,100
2019-06-28 09:44:00.000000000,100105,305,100011,305,100110,305,99983,405,100119,100,99946,200,100144,100,99935,100,100185,100,99911,100,100684,100,99910,100,100776,100,99890,100,100918,100,99843,100,100936,100,99812,100,100956,100,99799,100
2019-06-28 09:44:10.000000000,100105,182,100011,182,100110,182,99983,282,100119,182,99946,282,100144,182,99935,182,100185,182,99911,182,100684,100,99910,100,100776,100,99890,100,100918,100,99843,100,100936,100,99812,100,100956,100,99799,100
2019-06-28 09:44:14.236535875,100105,82,100011,182,100110,182,99983,282,100119,182,99946,282,100144,182,99935,182,100185,182,99911,182,100684,100,99910,100,100776,100,99890,100,100918,100,99843,100,100936,100,99812,100,100956,100,99799,100
2019-06-28 09:44:16.301843370,100110,182,100105,18,100119,182,100011,182,100144,182,99983,282,100185,182,99946,282,100684,100,99935,182,100776,100,99911,182,100918,100,99910,100,100936,100,99890,100,100956,100,99843,100,101272,100,99812,100
2019-06-28 09:44:20.000000000,100110,182,100105,100,100119,182,100011,182,100144,182,99983,282,100185,182,99946,282,100684,182,99935,182,100776,100,99911,100,100918,100,99910,100,100936,100,99890,100,100956,100,99843,100,101272,100,99812,100
2019-06-28 09:44:29.604484136,100110,182,100105,200,100119,182,100011,182,100144,182,99983,282,100185,182,99946,282,100684,182,99935,182,100776,100,99911,100,100918,100,99910,100,100936,100,99890,100,100956,100,99812,100,101272,100,99799,100
2019-06-28 09:44:30.000000000,100110,239,100105,257,100119,235,100011,235,100144,235,99983,335,100185,100,99946,200,100684,100,99935,100,100776,100,99911,100,100918,100,99910,100,100936,100,99890,100,100956,100,99812,100,101272,100,99799,100
2019-06-28 09:44:40.000000000,100110,510,100105,528,100119,100,100011,100,100144,100,99983,200,100185,100,99946,200,100684,100,99935,100,100776,100,99911,100,100918,100,99910,100,100936,100,99890,100,100956,100,99812,100,101272,100,99799,100
2019-06-28 09:44:48.151992527,100110,410,100105,528,100119,100,100011,100,100144,100,99983,200,100185,100,99946,200,100684,100,99935,100,100776,100,99911,100,100918,100,99910,100,100936,100,99890,100,100956,100,99812,100,101272,100,99799,100
2019-06-28 09:44:50.000000000,100119,510,100105,528,100144,100,100011,100,100185,100,99983,200,100684,100,99946,200,100776,100,99935,100,100918,100,99911,100,100936,100,99910,100,100956,100,99890,100,101272,100,99812,100,101275,100,99799,100
2019-06-28 09:45:00.000000000,100119,305,100105,323,100144,305,100011,305,100185,100,99983,200,100684,100,99946,200,100776,100,99935,100,100918,100,99911,100,100936,100,99910,100,100956,100,99890,100,101272,100,99812,100,101275,100,99799,100
2019-06-28 09:45:03.431328621,100119,305,100105,323,100144,305,100011,305,100185,100,99983,200,100684,100,99946,200,100776,100,99935,100,100918,100,99911,100,100936,100,99910,100,100956,100,99890,100,101046,100,99812,100,101272,100,99799,100
2019-06-28 09:45:10.000000000,100119,510,100105,528,100144,100,100011,100,100185,100,99983,200,100684,100,99946,200,100776,100,99935,100,100918,100,99911,100,100936,100,99910,100,100956,100,99890,100,101046,100,99812,100,101272,100,99799,100
2019-06-28 09:45:20.000000000,100119,239,100105,257,100144,235,100011,235,100185,235,99983,335,100684,100,99946,200,100776,100,99935,100,100918,100,99911,100,100936,100,99910,100,100956,100,99890,100,101046,100,99812,100,101272,100,99799,100
2019-06-28 09:45:30.000000000,100119,182,100105,200,100144,182,100011,182,100185,182,99983,282,100684,182,99946,282,100776,182,99935,182,100918,100,99911,100,100936,100,99910,100,100956,100,99890,100,101046,100,99812,100,101272,100,99799,100
2019-06-28 09:45:34.949910297,100119,82,100105,200,100144,182,100011,182,100185,82,99983,282,100684,182,99946,282,100776,182,99935,182,100918,100,99911,100,100936,100,99910,100,100956,100,99890,100,101046,100,99812,100,101272,100,99799,100
2019-06-28 09:45:40.000000000,100144,305,100105,323,100684,305,100011,305,100776,100,99983,200,100918,100,99946,200,100936,100,99935,100,100956,100,99911,100,101046,100,99910,100,101272,100,99890,100,101275,100,99812,100,101285,100,99799,100
2019-06-28 09:45:40.957191861,100144,205,100105,323,100684,305,100011,305,100776,100,99983,200,100918,100,99946,200,100936,100,99935,100,100956,100,99911,100,101272,100,99910,100,101275,100,99890,100,101285,100,99812,100,101348,100,99799,100
2019-06-28 09:45:50.000000000,100684,239,100105,257,100776,235,100011,235,100918,235,99983,335,100936,100,99946,200,100956,100,99935,100,101272,100,99911,100,101275,100,99910,100,101285,100,99890,100,101348,100,99812,100,101407,100,99799,100
2019-06-28 09:45:50.846913944,100684,239,100105,257,100776,235,100011,235,100918,235,99983,335,100936,100,99946,200,100956,100,99911,100,101272,100,99910,100,101275,100,99890,100,101285,100,99812,100,101348,100,99799,100,101407,100,99756,100
2019-06-28 09:46:00.000000000,100684,202,100105,220,100776,202,100011,202,100918,202,99983,302,100936,202,99946,302,100956,100,99911,100,101272,100,99910,100,101275,100,99890,100,101285,100,99812,100,101348,100,99799,100,101407,100,99756,100
2019-06-28 09:46:10.000000000,100684,239,100105,257,100776,235,100011,235,100918,235,99983,335,100936,100,99946,200,100956,100,99911,100,101272,100,99910,100,101275,100,99890,100,101285,100,99812,100,101348,100,99799,100,101407,100,99756,100
2019-06-28 09:46:20.000000000,100684,239,100105,257,100776,235,100011,235,100918,235,99983,335,100936,100,99946,200,100956,100,99911,100,101272,100,99910,100,101275,100,99890,100,101285,100,99812,100,101348,100,99799,100,101407,100,99756,100
2019-06-28 09:46:29.892739283,100684,239,100105,257,100776,235,100011,235,100918,235,99983,335,100936,100,99946,200,100956,100,99911,100,101182,100,99910,100,101272,100,99890,100,101275,100,99812,100,101285,100,99799,100,101348,100,99756,100
2019-06-28 09:46:30.000000000,100684,305,100105,323,100776,305,100011,305,100918,100,99983,200,100936,100,99946,200,100956,100,99911,100,101182,100,99910,100,101272,100,99890,100,101275,100,99812,100,101285,100,99799,100,101348,100,99756,100
2019-06-28 09:46:40.000000000,100684,182,100105,200,100776,182,100011,182,100918,182,99983,282,100936,182,99946,282,100956,182,99911,182,101182,100,99910,100,101272,100,99890,100,101275,100,99812,100,101285,100,99799,100,101348,100,99756,100
2019-06-28 09:46:45.477431699,100684,182,100119,100,100776,182,100105,200,100918,182,100011,182,100936,182,99983,282,100956,182,99946,282,101182,100,99911,182,101272,100,99910,100,101275,100,99890,100,101285,100,99812,100,101348,100,99799,100
2019-06-28 09:46:50.000000000,100684,182,100119,182,100776,182,100105,200,100918,182,100011,182,100936,182,99983,282,100956,182,99946,282,101182,100,99911,100,101272,100,99910,100,101275,100,99890,100,101285,100,99812,100,101348,100,99799,100
2019-06-28 09:47:00.000000000,100684,182,100119,182,100776,182,100105,200,100918,182,100011,182,100936,182,99983,282,100956,182,99946,282,101182,100,99911,100,101272,100,99910,100,101275,100,99890,100,101285,100,99812,100,101348,100,99799,100
2019-06-28 09:47:10.000000000,100684,182,100119,182,100776,182,100105,200,100918,182,100011,182,100936,182,99983,282,100956,182,99946,282,101182,100,99911,100,101272,100,99910,100,101275,100,99890,100,101285,100,99812,100,101348,100,99799,100
2019-06-28 09:47:17.630123393,100684,182,100119,282,100776,182,100105,200,100918,182,100011,182,100936,182,99983,282,100956,182,99946,282,101182,100,99911,100,101272,100,99910,100,101275,100,99890,100,101285,100,99812,100,101348,100,99756,100
2019-06-28 09:47:20.000000000,100684,510,100119,610,100776,100,100105,118,100918,100,100011,100,100936,100,99983,200,100956,100,99946,200,101182,100,99911,100,101272,100,99910,100,101275,100,99890,100,101285,100,99812,100,101348,100,99756,100
2019-06-28 09:47:21.027445846,100645,100,100119,610,100684,510,100105,118,100776,100,100011,100,100918,100,99983,200,100936,100,99946,200,100956,100,99911,100,101182,100,99910,100,101272,100,99890,100,101275,100,99812,100,101285,100,99756,100
2019-06-28 09:47:30.000000000,100645,239,100119,339,100684,235,100105,253,100776,235,100011,235,100918,100,99983,200,100936,100,99946,200,100956,100,99911,100,101182,100,99910,100,101272,100,99890,100,101275,100,99812,100,101285,100,99756,100
2019-06-28 09:47:31.855409440,100645,239,100119,339,100684,235,100105,253,100689,100,100011,235,100776,235,99983,200,100918,100,99946,200,100936,100,99911,100,100956,100,99910,100,101182,100,99890,100,101272,100,99812,100,101275,100,99756,100
2019-06-28 09:47:40.000000000,100645,239,100119,339,100684,235,100105,253,100689,235,100011,235,100776,100,99983,200,100918,100,99946,200,100936,100,99911,100,100956,100,99910,100,101182,100,99890,100,101272,100,99812,100,101275,100,99756,100
2019-06-28 09:47:46.484641288,100645,239,100314,100,100684,235,100119,339,100689,235,100105,253,100776,100,100011,235,100918,100,99983,200,100936,100,99946,200,100956,100,99911,100,101182,100,99910,100,101272,100,99890,100,101275,100,99812,100
2019-06-28 09:47:50.000000000,100645,305,100314,305,100684,305,100119,405,100689,100,100105,118,100776,100,100011,100,100918,100,99983,200,100936,100,99946,200,100956,100,99911,100,101182,100,99910,100,101272,100,99890,100,101275,100,99812,100
2019-06-28 09:47:54.556842981,100449,100,100314,305,100645,305,100119,405,100684,305,100105,118,100689,100,100011,100,100776,100,99983,200,100918,100,99946,200,100936,100,99911,100,100956,100,99910,100,101182,100,99890,100,101272,100,99812,100
2019-06-28 09:48:00.000000000,100449,202,100314,202,100645,202,100119,302,100684,202,100105,220,100689,202,100011,202,100776,100,99983,200,100918,100,99946,200,100936,100,99911,100,100956,100,99910,100,101182,100,99890,100,101272,100,99812,100
2019-06-28 09:48:10.000000000,100449,305,100314,305,100645,305,100119,405,100684,100,100105,118,100689,100,100011,100,100776,100,99983,200,100918,100,99946,200,100936,100,99911,100,100956,100,99910,100,101182,100,99890,100,101272,100,99812,100
2019-06-28 09:48:18.805496144,100449,305,100314,305,100645,305,100119,405,100684,100,100105,118,100689,100,100011,100,100776,100,99983,200,100918,100,99946,200,100936,100,99910,100,100956,100,99907,100,101182,100,99890,100,101272,100,99812,100
2019-06-28 09:48:20.000000000,100449,239,100314,239,100645,235,100119,335,100684,235,100105,253,100689,100,100011,100,100776,100,99983,200,100918,100,99946,200,100936,100,99910,100,100956,100,99907,100,101182,100,99890,100,101272,100,99812,100
2019-06-28 09:48:30.000000000,100449,202,100314,202,100645,202,100119,302,100684,202,100105,220,100689,202,100011,202,100776,100,99983,200,100918,100,99946,200,100936,100,99910,100,100956,100,99907,100,101182,100,99890,100,101272,100,99812,100
2019-06-28 09:48:32.086415071,100449,202,100314,202,100645,202,100119,302,100684,202,100107,100,100689,202,100105,220,100776,100,100011,202,100918,100,99983,200,100936,100,99946,200,100956,100,99910,100,101182,100,99907,100,101272,100,99890,100
2019-06-28 09:48:32.624877356,100449,202,100314,102,100645,202,100119,302,100684,202,100107,100,100689,202,100105,220,100776,100,100011,202,100918,100,99983,200,100936,100,99946,200,100956,100,99910,100,101182,100,99907,100,101275,100,99890,100
2019-06-28 09:48:40.000000000,100449,202,100119,302,100645,202,100107,202,100684,202,100105,220,100689,202,100011,202,100776,100,99983,200,100918,100,99946,200,100936,100,99910,100,100956,100,99907,100,101182,100,99890,100,101275,100,99812,100
2019-06-28 09:48:47.817547983,100172,100,100119,302,100449,202,100107,202,100645,202,100105,220,100684,202,100011,202,100689,202,99983,200,100776,100,99946,200,100918,100,99910,100,100936,100,99907,100,100956,100,99890,100,101182,100,99812,100
2019-06-28 09:48:50.000000000,100172,202,100119,302,100449,202,100107,202,100645,202,100105,220,100684,202,100011,202,100689,100,99983,200,100776,100,99946,200,100918,100,99910,100,100936,100,99907,100,100956,100,99890,100,101182,100,99812,100
2019-06-28 09:49:00.000000000,100172,182,100119,282,100449,182,100107,182,100645,182,100105,200,100684,182,100011,182,100689,182,99983,282,100776,100,99946,200,100918,100,99910,100,100936,100,99907,100,100956,100,99890,100,101182,100,99812,100
2019-06-28 09:49:10.000000000,100172,305,100119,405,100449,305,100107,305,100645,100,100105,118,100684,100,100011,100,100689,100,99983,200,100776,100,99946,200,100918,100,99910,100,100936,100,99907,100,100956,100,99890,100,101182,100,99812,100
2019-06-28 09:49:13.658485332,100172,305,100119,405,100314,100,100107,305,100449,305,100105,118,100645,100,100011,100,100684,100,99983,200,100689,100,99946,200,100776,100,99910,100,100918,100,99907,100,100936,100,99890,100,100956,100,99812,100
2019-06-28 09:49:20.000000000,100172,305,100119,405,100314,305,100107,305,100449,100,100105,118,100645,100,100011,100,100684,100,99983,200,100689,100,99946,200,100776,100,99910,100,100918,100,99907,100,100936,100,99890,100,100956,100,99812,100
2019-06-28 09:49:30.000000000,100172,182,100119,282,100314,182,100107,182,100449,182,100105,200,100645,182,100011,182,100684,182,99983,282,100689,100,99946,200,100776,100,99910,100,100918,100,99907,100,100936,100,99890,100,100956,100,99812,100
2019-06-28 09:49:40.000000000,100172,239,100119,339,100314,235,100107,235,100449,235,100105,253,100645,100,100011,100,100684,100,99983,200,100689,100,99946,200,100776,100,99910,100,100918,100,99907,100,100936,100,99890,100,100956,100,99812,100
2019-06-28 09:49:41.551430479,100172,239,100119,339,100314,235,100107,235,100449,235,100105,253,100645,100,100011,100,100684,100,99983,200,100689,100,99946,100,100776,100,99910,100,100918,100,99907,100,100936,100,99890,100,100956,100,99812,100
2019-06-28 09:49:50.000000000,100172,202,100119,302,100314,202,100107,202,100449,202,100105,220,100645,202,100011,202,100684,100,99983,200,100689,100,99946,100,100776,100,99910,100,100918,100,99907,100,100936,100,99890,100,100956,100,99812,100
2019-06-28 09:50:00.000000000,100172,202,100119,302,100314,202,100107,202,100449,202,100105,220,100645,202,100011,202,100684,100,99983,200,100689,100,99946,100,100776,100,99910,100,100918,100,99907,100,100936,100,99890,100,100956,100,99812,100
2019-06-28 09:50:10.000000000,100172,202,100119,302,100314,202,100107,202,100449,202,100105,220,100645,202,100011,202,100684,100,99983,200,100689,100,99946,100,100776,100,99910,100,100918,100,99907,100,100936,100,99890,100,100956,100,99812,100
2019-06-28 09:50:18.814276406,100172,202,100144,100,100314,202,100119,302,100449,202,100107,202,100645,202,100105,220,100684,100,100011,202,100689,100,99983,200,100776,100,99946,100,100918,100,99910,100,100936,100,99907,100,100956,100,99890,100
2019-06-28 09:50:20.000000000,100172,202,100144,202,100314,202,100119,302,100449,202,100107,202,100645,202,100105,220,100684,100,100011,100,100689,100,99983,200,100776,100,99946,100,100918,100,99910,100,100936,100,99907,100,100956,100,99890,100
2019-06-28 09:50:28.523813492,100172,202,100144,202,100314,302,100119,302,100449,202,100107,202,100645,202,100105,220,100684,100,100011,100,100689,100,99983,200,100776,100,99946,100,100918,100,99910,100,100936,100,99907,100,100956,100,99890,100
2019-06-28 09:50:30.000000000,100172,510,100144,510,100314,200,100119,200,100449,100,100107,100,100645,100,100105,118,100684,100,100011,100,100689,100,99983,200,100776,100,99946,100,100918,100,99910,100,100936,100,99907,100,100956,100,99890,100
2019-06-28 09:50:40.000000000,100172,239,100144,239,100314,335,100119,335,100449,235,100107,235,100645,100,100105,118,100684,100,100011,100,100689,100,99983,200,100776,100,99946,100,100918,100,99910,100,100936,100,99907,100,100956,100,99890,100
2019-06-28 09:50:45.304340442,100160,100,100144,239,100172,239,100119,335,100314,335,100107,235,100449,235,100105,118,100645,100,100011,100,100684,100,99983,200,100689,100,99946,100,100776,100,99910,100,100918,100,99907,100,100936,100,99890,100
2019-06-28 09:50:50.000000000,100160,239,100144,239,100172,235,100119,335,100314,335,100107,235,100449,100,100105,118,100645,100,100011,100,100684,100,99983,200,100689,100,99946,100,100776,100,99910,100,100918,100,99907,100,100936,100,99890,100
2019-06-28 09:51:00.000000000,100160,202,100144,202,100172,202,100119,302,100314,302,100107,202,100449,202,100105,220,100645,100,100011,100,100684,100,99983,200,100689,100,99946,100,100776,100,99910,100,100918,100,99907,100,100936,100,99890,100
2019-06-28 09:51:10.000000000,100160,202,100144,202,100172,202,100119,302,100314,302,100107,202,100449,202,100105,220,100645,100,100011,100,100684,100,99983,200,100689,100,99946,100,100776,100,99910,100,100918,100,99907,100,100936,100,99890,100
2019-06-28 09:51:20.000000000,100160,182,100144,182,100172,182,100119,282,100314,282,100107,182,100449,182,100105,200,100645,182,100011,182,100684,100,99983,200,100689,100,99946,100,100776,100,99910,100,100918,100,99907,100,100936,100,99890,100
2019-06-28 09:51:30.000000000,100160,239,100144,239,100172,235,100119,335,100314,335,100107,235,100449,100,100105,118,100645,100,100011,100,100684,100,99983,200,100689,100,99946,100,100776,100,99910,100,100918,100,99907,100,100936,100,99890,100
2019-06-28 09:51:36.625299899,100160,239,100144,239,100172,235,100119,335,100314,335,100107,235,100449,100,100105,118,100645,100,100011,100,100684,100,99983,200,100689,100,99946,100,100776,100,99907,100,100918,100,99890,100,100936,100,99812,100
2019-06-28 09:51:40.000000000,100160,202,100144,202,100172,202,100119,302,100314,302,100107,202,100449,202,100105,220,100645,100,100011,100,100684,100,99983,200,100689,100,99946,100,100776,100,99907,100,100918,100,99890,100,100936,100,99812,100
2019-06-28 09:51:40.841674938,100160,202,100144,102,100172,202,100119,302,100314,302,100107,202,100449,202,100105,220,100645,100,100011,100,100684,100,99983,200,100689,100,99946,100,100776,100,99907,100,100918,100,99890,100,100936,100,99812,100
2019-06-28 09:51:50.000000000,100160,182,100119,282,100172,182,100107,182,100314,282,100105,200,100449,182,100011,182,100645,182,99983,282,100684,100,99946,100,100689,100,99907,100,100776,100,99890,100,100918,100,99812,100,100936,100,99756,100
2019-06-28 09:52:00.000000000,100160,202,100119,302,100172,202,100107,202,100314,302,100105,220,100449,202,100011,202,100645,100,99983,200,100684,100,99946,100,100689,100,99907,100,100776,100,99890,100,100918,100,99812,100,100936,100,99756,100
2019-06-28 09:52:01.564075477,100160,202,100119,202,100172,202,100107,202,100314,302,100105,220,100449,202,100011,202,100645,100,99983,200,100684,100,99946,100,100689,100,99907,100,100776,100,99890,100,100918,100,99812,100,100936,100,99756,100
2019-06-28 09:52:10.000000000,100160,239,100119,239,100172,235,100107,235,100314,335,100105,253,100449,100,100011,100,100645,100,99983,200,100684,100,99946,100,100689,100,99907,100,100776,100,99890,100,100918,100,99812,100,100936,100,99756,100
2019-06-28 09:52:20.000000000,100160,182,100119,182,100172,182,100107,182,100314,282,100105,200,100449,182,100011,182,100645,182,99983,282,100684,100,99946,100,100689,100,99907,100,100776,100,99890,100,100918,100,99812,100,100936,100,99756,100
2019-06-28 09:52:30.000000000,100160,182,100119,182,100172,182,100107,182,100314,282,100105,200,100449,182,100011,182,100645,182,99983,282,100684,100,99946,100,100689,100,99907,100,100776,100,99890,100,100918,100,99812,100,100936,100,99756,100
2019-06-28 09:52:40.000000000,100160,510,100119,510,100172,100,100107,100,100314,200,100105,118,100449,100,100011,100,100645,100,99983,200,100684,100,99946,100,100689,100,99907,100,100776,100,99890,100,100918,100,99812,100,100936,100,99756,100
2019-06-28 09:52:46.117909952,100160,510,100119,510,100172,100,100107,100,100314,200,100105,118,100449,100,99983,200,100645,100,99946,100,100684,100,99907,100,100689,100,99890,100,100776,100,99812,100,100918,100,99756,100,100936,100,99714,100
2019-06-28 09:52:49.870786041,100160,510,100119,410,100172,100,100107,100,100314,200,100105,118,100449,100,99983,200,100645,100,99946,100,100684,100,99907,100,100689,100,99890,100,100776,100,99812,100,100918,100,99756,100,100936,100,99714,100
2019-06-28 09:52:50.000000000,100160,202,100107,202,100172,202,100105,220,100314,302,99983,302,100449,202,99946,202,100645,100,99907,100,100684,100,99890,100,100689,100,99812,100,100776,100,99756,100,100918,100,99714,100,100936,100,99300,100
2019-06-28 09:52:56.066284417,100160,202,100107,102,100172,202,100105,220,100314,302,99983,302,100449,202,99946,202,100645,100,99907,100,100684,100,99890,100,100689,100,99812,100,100776,100,99756,100,100918,100,99714,100,100936,100,99300,100
2019-06-28 09:53:00.000000000,100160,305,100105,323,100172,305,99983,405,100314,200,99946,100,100449,100,99907,100,100645,100,99890,100,100684,100,99812,100,100689,100,99756,100,100776,100,99714,100,100918,100,99300,100,100936,100,99263,100
2019-06-28 09:53:08.353327249,100160,305,100105,223,100172,305,99983,405,100314,200,99946,100,100449,100,99907,100,100645,100,99812,100,100684,100,99756,100,100689,100,99714,100,100776,100,99300,100,100918,100,99263,100,100936,100,99183,100
2019-06-28 09:53:10.000000000,100160,202,100105,120,100172,202,99983,302,100314,302,99946,202,100449,202,99907,202,100645,100,99812,100,100684,100,99756,100,100689,100,99714,100,100776,100,99300,100,100918,100,99263,100,100936,100,99183,100
2019-06-28 09:53:17.968112280,100107,100,100105,120,100160,202,99983,302,100172,202,99946,202,100314,302,99907,202,100449,202,99812,100,100645,100,99756,100,100684,100,99714,100,100689,100,99300,100,100776,100,99263,100,100918,100,99183,100
2019-06-28 09:53:20.000000000,100107,305,100105,223,100160,305,99983,405,100172,100,99946,100,100314,200,99907,100,100449,100,99812,100,100645,100,99756,100,100684,100,99714,100,100689,100,99300,100,100776,100,99263,100,100918,100,99183,100
2019-06-28 09:53:24.935238462,100107,305,100105,123,100160,305,99983,405,100172,100,99946,100,100314,200,99907,100,100449,100,99812,100,100645,100,99756,100,100684,100,99714,100,100689,100,99300,100,100776,100,99263,100,100918,100,99183,100
2019-06-28 09:53:30.000000000,100107,202,99983,302,100160,202,99946,202,100172,202,99907,202,100314,302,99812,202,100449,100,99756,100,100645,100,99714,100,100684,100,99300,100,100689,100,99263,100,100776,100,99183,100,100918,100,,
2019-06-28 09:53:33.354694717,100107,202,99983,202,100160,202,99946,202,100172,202,99907,202,100314,302,99812,202,100449,100,99756,100,100645,100,99714,100,100684,100,99300,100,100689,100,99263,100,100918,100,99183,100,100936,100,,
2019-06-28 09:53:40.000000000,100107,239,99983,239,100160,235,99946,235,100172,235,99907,235,100314,200,99812,100,100449,100,99756,100,100645,100,99714,100,100684,100,99300,100,100689,100,99263,100,100918,100,99183,100,100936,100,,
2019-06-28 09:53:49.274983795,100105,100,99983,239,100107,239,99946,235,100160,235,99907,235,100172,235,99812,100,100314,200,99756,100,100449,100,99714,100,100645,100,99300,100,100684,100,99263,100,100689,100,99183,100,100918,100,,
2019-06-28 09:53:50.000000000,100105,239,99983,239,100107,235,99946,235,100160,235,99907,235,100172,100,99812,100,100314,200,99756,100,100449,100,99714,100,100645,100,99300,100,100684,100,99263,100,100689,100,99183,100,100918,100,,
2019-06-28 09:54:00.000000000,100105,202,99983,202,100107,202,99946,202,100160,202,99907,202,100172,202,99812,202,100314,200,99756,100,100449,100,99714,100,100645,100,99300,100,100684,100,99263,100,100689,100,99183,100,100918,100,,
2019-06-28 09:54:09.795943766,100105,302,99983,202,100107,202,99946,202,100160,202,99907,202,100172,202,99812,202,100314,100,99756,100,100449,100,99714,100,100645,100,99300,100,100684,100,99263,100,100689,100,99183,100,100918,100,,
2019-06-28 09:54:10.000000000,100105,339,99983,239,100107,235,99946,235,100160,235,99907,235,100172,100,99812,100,100314,100,99756,100,100449,100,99714,100,100645,100,99300,100,100684,100,99263,100,100689,100,99183,100,100918,100,,
2019-06-28 09:54:12.197514694,100105,339,99983,239,100107,235,99946,235,100160,235,99907,235,100172,100,99855,100,100314,100,99812,100,100449,100,99756,100,100645,100,99714,100,100684,100,99300,100,100689,100,99263,100,100918,100,99183,100
2019-06-28 09:54:15.419757950,100096,100,99983,239,100105,339,99946,235,100107,235,99907,235,100160,235,99855,100,100172,100,99812,100,100314,100,99756,100,100449,100,99714,100,100645,100,99300,100,100689,100,99263,100,100918,100,99183,100
2019-06-28 09:54:20.000000000,100096,510,99983,510,100105,200,99946,100,100107,100,99907,100,100160,100,99855,100,100172,100,99812,100,100314,100,99756,100,100449,100,99714,100,100645,100,99300,100,100689,100,99263,100,100918,100,99183,100
2019-06-28 09:54:22.237782022,100096,510,99983,510,100105,200,99946,100,100107,100,99907,100,100160,100,99855,100,100172,100,99820,100,100314,100,99812,100,100449,100,99756,100,100645,100,99714,100,100689,100,99300,100,100918,100,99263,100
2019-06-28 09:54:23.058342539,100096,510,99983,510,100105,200,99946,100,100107,100,99907,100,100160,100,99855,100,100172,100,99820,100,100314,100,99819,100,100449,100,99812,100,100645,100,99756,100,100689,100,99714,100,100918,100,99300,100
2019-06-28 09:54:30.000000000,100096,239,99983,239,100105,335,99946,235,100107,235,99907,235,100160,100,99855,100,100172,100,99820,100,100314,100,99819,100,100449,100,99812,100,100645,100,99756,100,100689,100,99714,100,100918,100,99300,100
2019-06-28 09:54:31.922842747,100096,239,99983,239,100105,335,99946,235,100107,235,99907,235,100160,100,99855,100,100172,100,99820,100,100314,100,99819,100,100449,100,99812,100,100645,100,99785,100,100689,100,99756,100,100918,100,99714,100
2019-06-28 09:54:38.606769262,100096,239,99983,239,100105,335,99946,235,100107,235,99907,235,100172,100,99855,100,100314,100,99820,100,100449,100,99819,100,100645,100,99812,100,100689,100,99785,100,100918,100,99780,100,100936,100,99756,100
2019-06-28 09:54:40.000000000,100096,510,99983,510,100105,200,99946,100,100107,100,99907,100,100172,100,99855,100,100314,100,99820,100,100449,100,99819,100,100645,100,99812,100,100689,100,99785,100,100918,100,99780,100,100936,100,99756,100
2019-06-28 09:54:40.317030485,100096,510,99983,510,100105,200,99946,100,100107,100,99938,100,100172,100,99907,100,100314,100,99855,100,100449,100,99820,100,100645,100,99819,100,100689,100,99812,100,100918,100,99785,100,100936,100,99780,100
2019-06-28 09:54:50.000000000,100096,239,99983,239,100105,335,99946,235,100107,235,99938,235,100172,100,99907,100,100314,100,99855,100,100449,100,99820,100,100645,100,99819,100,100689,100,99812,100,100918,100,99785,100,100936,100,99780,100
2019-06-28 09:54:52.404073896,100096,239,99983,239,100105,335,99946,235,100107,235,99938,235,100116,100,99907,100,100172,100,99855,100,100314,100,99820,100,100449,100,99819,100,100645,100,99812,100,100689,100,99785,100,100918,100,99780,100
2019-06-28 09:55:00.000000000,100096,305,99983,305,100105,405,99946,305,100107,100,99938,100,100116,100,99907,100,100172,100,99855,100,100314,100,99820,100,100449,100,99819,100,100645,100,99812,100,100689,100,99785,100,100918,100,99780,100
2019-06-28 09:55:09.422666574,100096,305,99983,205,100105,405,99946,305,100107,100,99938,100,100116,100,99907,100,100172,100,99855,100,100314,100,99820,100,100449,100,99812,100,100645,100,99785,100,100689,100,99780,100,100918,100,99756,100
2019-06-28 09:55:10.000000000,100096,510,99946,510,100105,200,99938,100,100107,100,99907,100,100116,100,99855,100,100172,100,99820,100,100314,100,99812,100,100449,100,99785,100,100645,100,99780,100,100689,100,99756,100,100918,100,99714,100
2019-06-28 09:55:13.876362349,100096,510,99946,510,100105,200,99938,100,100107,200,99907,100,100116,100,99855,100,100172,100,99820,100,100314,100,99812,100,100449,100,99785,100,100645,100,99780,100,100689,100,99714,100,100918,100,99300,100
2019-06-28 09:55:16.562994912,100053,100,99946,510,100096,510,99938,100,100105,200,99907,100,100107,200,99855,100,100116,100,99812,100,100172,100,99785,100,100314,100,99780,100,100449,100,99714,100,100645,100,99300,100,100689,100,99263,100
2019-06-28 09:55:20.000000000,100053,182,99946,182,100096,182,99938,182,100105,282,99907,182,100107,282,99855,182,100116,182,99812,182,100172,100,99785,100,100314,100,99780,100,100449,100,99714,100,100645,100,99300,100,100689,100,99263,100
2019-06-28 09:55:23.458124946,100053,182,99946,182,100096,182,99938,182,100105,282,99907,182,100107,282,99855,182,100116,182,99814,100,100172,100,99812,182,100314,100,99785,100,100449,100,99780,100,100645,100,99714,100,100689,100,99300,100
2019-06-28 09:55:30.000000000,100053,182,99946,182,100096,182,99938,182,100105,282,99907,182,100107,282,99855,182,100116,182,99814,182,100172,100,99812,100,100314,100,99785,100,100449,100,99780,100,100645,100,99714,100,100689,100,99300,100
2019-06-28 09:55:36.138971396,100053,182,99984,100,100096,182,99946,182,100105,282,99938,182,100107,282,99907,182,100116,182,99855,182,100172,100,99814,182,100314,100,99812,100,100449,100,99785,100,100645,100,99780,100,100689,100,99714,100
2019-06-28 09:55:40.000000000,100053,305,99984,305,100096,305,99946,305,100105,200,99938,100,100107,200,99907,100,100116,100,99855,100,100172,100,99814,100,100314,100,99812,100,100449,100,99785,100,100645,100,99780,100,100689,100,99714,100
2019-06-28 09:55:50.000000000,100053,182,99984,182,100096,182,99946,182,100105,282,99938,182,100107,282,99907,182,100116,182,99855,182,100172,100,99814,100,100314,100,99812,100,100449,100,99785,100,100645,100,99780,100,100689,100,99714,100
2019-06-28 09:56:00.000000000,100053,202,99984,202,100096,202,99946,202,100105,302,99938,202,100107,302,99907,202,100116,100,99855,100,100172,100,99814,100,100314,100,99812,100,100449,100,99785,100,100645,100,99780,100,100689,100,99714,100
2019-06-28 09:56:10.000000000,100053,182,99984,182,100096,182,99946,182,100105,282,99938,182,100107,282,99907,182,100116,182,99855,182,100172,100,99814,100,100314,100,99812,100,100449,100,99785,100,100645,100,99780,100,100689,100,99714,100
2019-06-28 09:56:14.939162395,100053,182,99984,182,100096,182,99946,182,100105,282,99938,182,100107,282,99907,182,100116,182,99866,100,100172,100,99855,182,100314,100,99814,100,100449,100,99812,100,100645,100,99785,100,100689,100,99780,100
2019-06-28 09:56:18.079928130,100053,182,99984,182,100096,182,99946,182,100105,282,99938,182,100107,282,99907,182,100108,100,99866,100,100116,182,99855,182,100172,100,99814,100,100314,100,99812,100,100449,100,99785,100,100645,100,99780,100
2019-06-28 09:56:20.000000000,100053,305,99984,305,100096,305,99946,305,100105,200,99938,100,100107,200,99907,100,100108,100,99866,100,100116,100,99855,100,100172,100,99814,100,100314,100,99812,100,100449,100,99785,100,100645,100,99780,100
2019-06-28 09:56:30.000000000,100053,239,99984,239,100096,235,99946,235,100105,335,99938,235,100107,200,99907,100,100108,100,99866,100,100116,100,99855,100,100172,100,99814,100,100314,100,99812,100,100449,100,99785,100,100645,100,99780,100
2019-06-28 09:56:40.000000000,100053,239,99984,239,100096,235,99946,235,100105,335,99938,235,100107,200,99907,100,100108,100,99866,100,100116,100,99855,100,100172,100,99814,100,100314,100,99812,100,100449,100,99785,100,100645,100,99780,100
2019-06-28 09:56:50.000000000,100053,182,99984,182,100096,182,99946,182,100105,282,99938,182,100107,282,99907,182,100108,182,99866,182,100116,100,99855,100,100172,100,99814,100,100314,100,99812,100,100449,100,99785,100,100645,100,99780,100
2019-06-28 09:56:50.432283565,100053,182,99984,182,100096,182,99946,182,100105,282,99938,182,100107,282,99907,182,100108,182,99866,182,100116,100,99855,100,100172,100,99814,100,100314,100,99812,100,100449,100,99785,100,100524,100,99780,100
2019-06-28 09:57:00.000000000,100053,239,99984,239,100096,235,99946,235,100105,335,99938,235,100107,200,99907,100,100108,100,99866,100,100116,100,99855,100,100172,100,99814,100,100314,100,99812,100,100449,100,99785,100,100524,100,99780,100
2019-06-28 09:57:10.000000000,100053,510,99984,510,100096,100,99946,100,100105,200,99938,100,100107,200,99907,100,100108,100,99866,100,100116,100,99855,100,100172,100,99814,100,100314,100,99812,100,100449,100,99785,100,100524,100,99780,100
2019-06-28 09:57:19.536896409,100053,410,99984,510,100096,100,99946,100,100105,200,99938,100,100107,200,99907,100,100108,100,99866,100,100116,100,99855,100,100172,100,99814,100,100314,100,99812,100,100449,100,99785,100,100524,100,99780,100
2019-06-28 09:57:20.000000000,100096,305,99984,305,100105,405,99946,305,100107,200,99938,100,100108,100,99907,100,100116,100,99866,100,100172,100,99855,100,100314,100,99814,100,100449,100,99812,100,100524,100,99785,100,100645,100,99780,100
2019-06-28 09:57:30.000000000,100096,239,99984,239,100105,335,99946,235,100107,335,99938,235,100108,100,99907,100,100116,100,99866,100,100172,100,99855,100,100314,100,99814,100,100449,100,99812,100,100524,100,99785,100,100645,100,99780,100
2019-06-28 09:57:30.503607794,100096,139,99984,239,100105,335,99946,235,100107,335,99938,235,100108,100,99907,100,100116,100,99866,100,100172,100,99855,100,100314,100,99814,100,100449,100,99812,100,100524,100,99785,100,100645,100,99780,100
2019-06-28 09:57:33.227702580,100096,39,99984,239,100105,335,99946,235,100107,335,99938,235,100108,100,99907,100,100116,100,99866,100,100172,100,99855,100,100314,100,99814,100,100524,100,99812,100,100645,100,99785,100,100689,100,99780,100
2019-06-28 09:57:40.000000000,100105,610,99984,510,100107,200,99946,100,100108,100,99938,100,100116,100,99907,100,100172,100,99866,100,100314,100,99855,100,100524,100,99814,100,100645,100,99812,100,100689,100,99785,100,100918,100,99780,100
2019-06-28 09:57:50.000000000,100105,302,99984,202,100107,302,99946,202,100108,202,99938,202,100116,202,99907,202,100172,100,99866,100,100314,100,99855,100,100524,100,99814,100,100645,100,99812,100,100689,100,99785,100,100918,100,99780,100
2019-06-28 09:58:00.000000000,100105,339,99984,239,100107,335,99946,235,100108,235,99938,235,100116,100,99907,100,100172,100,99866,100,100314,100,99855,100,100524,100,99814,100,100645,100,99812,100,100689,100,99785,100,100918,100,99780,100
2019-06-28 09:58:05.062289351,100105,239,99984,239,100107,335,99946,235,100108,235,99938,235,100116,100,99907,100,100172,100,99866,100,100314,100,99855,100,100524,100,99814,100,100645,100,99812,100,100689,100,99785,100,100918,100,99780,100
2019-06-28 09:58:05.430759696,100105,239,100043,100,100107,335,99984,239,100108,235,99946,235,100116,100,99938,235,100172,100,99907,100,100314,100,99866,100,100524,100,99855,100,100645,100,99814,100,100689,100,99812,100,100918,100,99785,100
2019-06-28 09:58:09.036652786,100105,139,100096,100,100107,335,100043,100,100108,235,99984,239,100116,100,99946,235,100172,100,99938,235,100314,100,99907,100,100524,100,99866,100,100645,100,99855,100,100689,100,99814,100,100918,100,99812,100
2019-06-28 09:58:10.000000000,100107,302,100096,202,100108,202,100043,202,100116,202,99984,202,100172,202,99946,202,100314,100,99938,100,100524,100,99907,100,100645,100,99866,100,100689,100,99855,100,100918,100,99814,100,100936,100,99812,100
2019-06-28 09:58:19.216099246,100107,302,100096,202,100108,202,100043,202,100116,202,99984,202,100172,202,99973,100,100314,100,99946,202,100524,100,99938,100,100645,100,99907,100,100689,100,99866,100,100918,100,99855,100,100936,100,99814,100
2019-06-28 09:58:20.000000000,100107,339,100096,239,100108,235,100043,235,100116,235,99984,235,100172,100,99973,100,100314,100,99946,100,100524,100,99938,100,100645,100,99907,100,100689,100,99866,100,100918,100,99855,100,100936,100,99814,100
2019-06-28 09:58:25.289897987,100104,100,100096,239,100107,339,100043,235,100108,235,99984,235,100116,235,99973,100,100172,100,99946,100,100314,100,99938,100,100524,100,99907,100,100645,100,99866,100,100689,100,99855,100,100918,100,99814,100
2019-06-28 09:58:27.155567505,100104,100,100096,239,100107,339,100043,235,100108,235,99984,335,100116,235,99973,100,100172,100,99946,100,100314,100,99938,100,100524,100,99907,100,100645,100,99866,100,100689,100,99855,100,100918,100,99814,100
2019-06-28 09:58:30.000000000,100104,239,100096,239,100107,335,100043,235,100108,235,99984,335,100116,100,99973,100,100172,100,99946,100,100314,100,99938,100,100524,100,99907,100,100645,100,99866,100,100689,100,99855,100,100918,100,99814,100
2019-06-28 09:58:39.946542457,100104,239,100096,239,100107,335,100043,235,100108,235,99984,335,100116,100,99973,100,100172,100,99946,100,100279,100,99938,100,100314,100,99907,100,100524,100,99866,100,100689,100,99855,100,100918,100,99814,100
2019-06-28 09:58:40.000000000,100104,182,100096,182,100107,282,100043,182,100108,182,99984,282,100116,182,99973,182,100172,182,99946,182,100279,100,99938,100,100314,100,99907,100,100524,100,99866,100,100689,100,99855,100,100918,100,99814,100
2019-06-28 09:58:50.000000000,100104,239,100096,239,100107,335,100043,235,100108,235,99984,335,100116,100,99973,100,100172,100,99946,100,100279,100,99938,100,100314,100,99907,100,100524,100,99866,100,100689,100,99855,100,100918,100,99814,100
2019-06-28 09:59:00.000000000,100104,202,100096,202,100107,302,100043,202,100108,202,99984,302,100116,202,99973,202,100172,100,99946,100,100279,100,99938,100,100314,100,99907,100,100524,100,99866,100,100689,100,99855,100,100918,100,99814,100
2019-06-28 09:59:10.000000000,100104,305,100096,305,100107,405,100043,305,100108,100,99984,200,100116,100,99973,100,100172,100,99946,100,100279,100,99938,100,100314,100,99907,100,100524,100,99866,100,100689,100,99855,100,100918,100,99814,100
2019-06-28 09:59:20.000000000,100104,510,100096,510,100107,200,100043,100,100108,100,99984,200,100116,100,99973,100,100172,100,99946,100,100279,100,99938,100,100314,100,99907,100,100524,100,99866,100,100689,100,99855,100,100918,100,99814,100
2019-06-28 09:59:30.000000000,100104,202,100096,202,100107,302,100043,202,100108,202,99984,302,100116,202,99973,202,100172,100,99946,100,100279,100,99938,100,100314,100,99907,100,100524,100,99866,100,100689,100,99855,100,100918,100,99814,100
2019-06-28 09:59:32.370958030,100104,102,100096,202,100107,302,100043,202,100108,202,99984,302,100116,202,99973,202,100172,100,99946,100,100279,100,99938,100,100314,100,99907,100,100524,100,99866,100,100689,100,99855,100,100918,100,99814,100
2019-06-28 09:59:40.000000000,100107,339,100096,239,100108,235,100043,235,100116,235,99984,335,100172,100,99973,100,100279,100,99946,100,100314,100,99938,100,100524,100,99907,100,100689,100,99866,100,100918,100,99855,100,100936,100,99814,100
2019-06-28 09:59:50.000000000,100107,405,100096,305,100108,305,100043,305,100116,100,99984,200,100172,100,99973,100,100279,100,99946,100,100314,100,99938,100,100524,100,99907,100,100689,100,99866,100,100918,100,99855,100,100936,100,99814,100
2019-06-28 10:00:00.000000000,100107,302,100096,202,100108,202,100043,202,100116,202,99984,302,100172,202,99973,202,100279,100,99946,100,100314,100,99938,100,100524,100,99907,100,100689,100,99866,100,100918,100,99855,100,100936,100,99814,100
2019-06-28 10:00:00.356580948,100107,302,100104,100,100108,202,100096,202,100116,202,100043,202,100172,202,99984,302,100279,100,99973,202,100314,100,99946,100,100524,100,99938,100,100689,100,99907,100,100918,100,99866,100,100936,100,99855,100
2019-06-28 10:00:03.714579700,100107,302,100104,100,100108,202,100096,202,100116,202,100043,202,100172,202,99984,302,100279,100,99973,202,100311,100,99946,100,100314,100,99938,100,100524,100,99907,100,100689,100,99866,100,100918,100,99855,100
2019-06-28 10:00:10.000000000,100107,610,100104,510,100108,100,100096,100,100116,100,100043,100,100172,100,99984,200,100279,100,99973,100,100311,100,99946,100,100314,100,99938,100,100524,100,99907,100,100689,100,99866,100,100918,100,99855,100
2019-06-28 10:00:20.000000000,100107,339,100104,239,100108,235,100096,235,100116,235,100043,235,100172,100,99984,200,100279,100,99973,100,100311,100,99946,100,100314,100,99938,100,100524,100,99907,100,100689,100,99866,100,100918,100,99855,100
2019-06-28 10:00:30.000000000,100107,302,100104,202,100108,202,100096,202,100116,202,100043,202,100172,202,99984,302,100279,100,99973,100,100311,100,99946,100,100314,100,99938,100,100524,100,99907,100,100689,100,99866,100,100918,100,99855,100
2019-06-28 10:00:35.340243040,100107,302,100104,202,100108,202,100096,202,100116,202,100043,202,100172,202,99984,302,100240,100,99973,100,100279,100,99946,100,100311,100,99938,100,100314,100,99907,100,100524,100,99866,100,100689,100,99855,100
2019-06-28 10:00:39.677813250,100107,302,100104,302,100108,202,100096,202,100116,202,100043,202,100172,202,99984,302,100240,100,99973,100,100279,100,99946,100,100311,100,99938,100,100314,100,99907,100,100524,100,99866,100,100689,100,99855,100
2019-06-28 10:00:40.000000000,100107,282,100104,282,100108,182,100096,182,100116,182,100043,182,100172,182,99984,282,100240,182,99973,182,100279,100,99946,100,100311,100,99938,100,100314,100,99907,100,100524,100,99866,100,100689,100,99855,100
2019-06-28 10:00:50.000000000,100107,610,100104,610,100108,100,100096,100,100116,100,100043,100,100172,100,99984,200,100240,100,99973,100,100279,100,99946,100,100311,100,99938,100,100314,100,99907,100,100524,100,99866,100,100689,100,99855,100
2019-06-28 10:00:52.471724280,100107,510,100104,610,100108,100,100096,100,100116,100,100043,100,100172,100,99984,200,100240,100,99946,100,100279,100,99938,100,100311,100,99907,100,100314,100,99866,100,100524,100,99855,100,100689,100,99814,100
2019-06-28 10:01:00.000000000,100107,510,100104,610,100108,100,100096,100,100116,100,100043,100,100172,100,99984,200,100240,100,99946,100,100279,100,99938,100,100311,100,99907,100,100314,100,99866,100,100524,100,99855,100,100689,100,99814,100
2019-06-28 10:01:01.578695093,100107,510,100104,610,100108,100,100096,100,100116,100,100043,100,100172,100,99984,200,100240,100,99946,100,100279,100,99938,100,100311,100,99907,100,100314,100,99866,100,100524,100,99855,100,100612,100,99814,100
2019-06-28 10:01:02.072928333,100107,410,100104,610,100108,100,100096,100,100172,100,100043,100,100240,100,99984,200,100279,100,99946,100,100311,100,99938,100,100314,100,99907,100,100524,100,99866,100,100612,100,99855,100,100689,100,99814,100
2019-06-28 10:01:10.000000000,100108,202,100104,302,100172,202,100096,202,100240,202,100043,202,100279,202,99984,302,100311,100,99946,100,100314,100,99938,100,100524,100,99907,100,100612,100,99866,100,100689,100,99855,100,100918,100,99814,100
2019-06-28 10:01:10.088157926,100108,102,100104,302,100172,202,100096,202,100240,202,100043,202,100279,202,99984,302,100311,100,99946,100,100314,100,99938,100,100524,100,99907,100,100612,100,99866,100,100689,100,99855,100,100918,100,99814,100
2019-06-28 10:01:13.230662357,100108,102,100104,302,100172,202,100096,202,100240,202,100043,202,100279,202,99984,302,100311,100,99946,100,100314,100,99938,100,100524,100,99907,100,100612,100,99866,100,100623,100,99855,100,100689,100,99814,100
2019-06-28 10:01:20.000000000,100172,182,100104,282,100240,182,100096,182,100279,182,100043,182,100311,182,99984,282,100314,182,99946,182,100524,100,99938,100,100612,100,99907,100,100623,100,99866,100,100689,100,99855,100,100918,100,99814,100
2019-06-28 10:01:30.000000000,100172,202,100104,302,100240,202,100096,202,100279,202,100043,202,100311,202,99984,302,100314,100,99946,100,100524,100,99938,100,100612,100,99907,100,100623,100,99866,100,100689,100,99855,100,100918,100,99814,100
2019-06-28 10:01:40.000000000,100172,239,100104,339,100240,235,100096,235,100279,235,100043,235,100311,100,99984,200,100314,100,99946,100,100524,100,99938,100,100612,100,99907,100,100623,100,99866,100,100689,100,99855,100,100918,100,99814,100
2019-06-28 10:01:41.368354958,100172,239,100107,100,100240,235,100104,339,100279,235,100096,235,100311,100,100043,235,100314,100,99984,200,100524,100,99938,100,100612,100,99907,100,100623,100,99866,100,100689,100,99855,100,100918,100,99814,100
2019-06-28 10:01:50.000000000,100172,510,100107,510,100240,100,100104,200,100279,100,100096,100,100311,100,100043,100,100314,100,99984,200,100524,100,99938,100,100612,100,99907,100,100623,100,99866,100,100689,100,99855,100,100918,100,99814,100
2019-06-28 10:01:50.165161380,100172,310,100107,510,100240,100,100104,200,100279,100,100096,100,100311,100,100043,100,100314,100,99984,200,100524,100,99938,100,100612,100,99907,100,100623,100,99866,100,100689,100,99855,100,100918,100,99814,100
2019-06-28 10:01:57.483993511,100172,310,100131,100,100240,100,100107,510,100279,100,100104,200,100311,100,100096,100,100314,100,100043,100,100524,100,99984,200,100612,100,99938,100,100623,100,99907,100,100689,100,99866,100,100918,100,99855,100
2019-06-28 10:02:00.000000000,100240,182,100131,182,100279,182,100107,182,100311,182,100104,282,100314,182,100096,182,100524,182,100043,182,100612,100,99984,200,100623,100,99938,100,100689,100,99907,100,100918,100,99866,100,100936,100,99855,100
2019-06-28 10:02:02.811770120,100240,182,100131,182,100279,182,100107,182,100311,182,100104,282,100314,182,100096,182,100345,100,100043,182,100524,182,99984,200,100612,100,99938,100,100623,100,99907,100,100689,100,99866,100,100918,100,99855,100
2019-06-28 10:02:03.536962610,100240,82,100131,182,100279,182,100107,182,100311,182,100104,282,100314,182,100096,182,100345,100,100043,182,100524,182,99984,200,100612,100,99938,100,100623,100,99907,100,100689,100,99866,100,100918,100,99855,100
2019-06-28 10:02:10.000000000,100279,202,100131,202,100311,202,100107,202,100314,202,100104,302,100345,202,100096,202,100524,100,100043,100,100612,100,99984,200,100623,100,99938,100,100689,100,99907,100,100918,100,99866,100,100936,100,99855,100
2019-06-28 10:02:20.000000000,100279,202,100131,202,100311,202,100107,202,100314,202,100104,302,100345,202,100096,202,100524,100,100043,100,100612,100,99984,200,100623,100,99938,100,100689,100,99907,100,100918,100,99866,100,100936,100,99855,100
2019-06-28 10:02:30.000000000,100279,305,100131,305,100311,305,100107,305,100314,100,100104,200,100345,100,100096,100,100524,100,100043,100,100612,100,99984,200,100623,100,99938,100,100689,100,99907,100,100918,100,99866,100,100936,100,99855,100
2019-06-28 10:02:40.000000000,100279,510,100131,510,100311,100,100107,100,100314,100,100104,200,100345,100,100096,100,100524,100,100043,100,100612,100,99984,200,100623,100,99938,100,100689,100,99907,100,100918,100,99866,100,100936,100,99855,100
2019-06-28 10:02:44.142373613,100279,510,100131,410,100311,100,100107,100,100314,100,100104,200,100345,100,100096,100,100524,100,100043,100,100612,100,99984,200,100623,100,99938,100,100689,100,99907,100,100918,100,99866,100,100936,100,99855,100
2019-06-28 10:02:45.994166736,100279,510,100131,410,100311,100,100107,100,100314,100,100104,200,100345,100,100096,100,100524,100,100079,100,100612,100,100043,100,100623,100,99984,200,100689,100,99907,100,100918,100,99866,100,100936,100,99855,100
2019-06-28 10:02:50.000000000,100279,182,100107,182,100311,182,100104,282,100314,182,100096,182,100345,182,100079,182,100524,182,100043,182,100612,100,99984,200,100623,100,99907,100,100689,100,99866,100,100918,100,99855,100,100936,100,99814,100
2019-06-28 10:03:00.000000000,100279,305,100107,305,100311,305,100104,405,100314,100,100096,100,100345,100,100079,100,100524,100,100043,100,100612,100,99984,200,100623,100,99907,100,100689,100,99866,100,100918,100,99855,100,100936,100,99814,100
2019-06-28 10:03:04.133212171,100279,205,100107,305,100311,305,100104,405,100314,100,100096,100,100345,100,100079,100,100524,100,100043,100,100612,100,99984,200,100623,100,99907,100,100689,100,99866,100,100918,100,99855,100,100936,100,99814,100
2019-06-28 10:03:05.300035278,100279,105,100107,305,100311,305,100104,405,100314,100,100096,100,100345,100,100079,100,100524,100,100043,100,100612,100,99984,100,100623,100,99907,100,100689,100,99866,100,100918,100,99855,100,100936,100,99814,100
2019-06-28 10:03:08.012223499,100279,105,100107,305,100311,305,100104,405,100314,100,100096,100,100345,100,100079,100,100457,100,100043,100,100524,100,99984,100,100612,100,99907,100,100623,100,99866,100,100689,100,99855,100,100918,100,99814,100
2019-06-28 10:03:10.000000000,100311,182,100107,182,100314,182,100104,282,100345,182,100096,182,100457,182,100079,182,100524,182,100043,182,100612,100,99984,100,100623,100,99907,100,100689,100,99866,100,100918,100,99855,100,100936,100,99814,100
2019-06-28 10:03:13.429240188,100278,100,100107,182,100311,182,100104,282,100314,182,100096,182,100345,182,100079,182,100457,182,100043,182,100524,182,99984,100,100612,100,99907,100,100623,100,99866,100,100689,100,99855,100,100918,100,99814,100
2019-06-28 10:03:20.000000000,100278,305,100107,305,100311,305,100104,405,100314,100,100096,100,100345,100,100079,100,100457,100,100043,100,100524,100,99984,100,100612,100,99907,100,100623,100,99866,100,100689,100,99855,100,100918,100,99814,100
2019-06-28 10:03:24.654347923,100278,305,100107,305,100311,305,100104,305,100314,100,100096,100,100345,100,100079,100,100457,100,100043,100,100524,100,99984,100,100612,100,99907,100,100623,100,99866,100,100689,100,99855,100,100918,100,99814,100
2019-06-28 10:03:30.000000000,100278,239,100107,239,100311,235,100104,235,100314,235,100096,235,100345,100,100079,100,100457,100,100043,100,100524,100,99984,100,100612,100,99907,100,100623,100,99866,100,100689,100,99855,100,100918,100,99814,100
2019-06-28 10:03:31.637627443,100278,139,100107,239,100311,235,100104,235,100314,235,100096,235,100345,100,100079,100,100457,100,100043,100,100524,100,99984,100,100612,100,99907,100,100623,100,99866,100,100689,100,99855,100,100918,100,99814,100
2019-06-28 10:03:40.000000000,100311,239,100107,239,100314,235,100104,235,100345,235,100096,235,100457,100,100079,100,100524,100,100043,100,100612,100,99984,100,100623,100,99907,100,100689,100,99866,100,100918,100,99855,100,100936,100,99814,100
2019-06-28 10:03:50.000000000,100311,305,100107,305,100314,305,100104,305,100345,100,100096,100,100457,100,100079,100,100524,100,100043,100,100612,100,99984,100,100623,100,99907,100,100689,100,99866,100,100918,100,99855,100,100936,100,99814,100
2019-06-28 10:04:00.000000000,100311,510,100107,510,100314,100,100104,100,100345,100,100096,100,100457,100,100079,100,100524,100,100043,100,100612,100,99984,100,100623,100,99907,100,100689,100,99866,100,100918,100,99855,100,100936,100,99814,100
2019-06-28 10:04:10.000000000,100311,239,100107,239,100314,235,100104,235,100345,235,100096,235,100457,100,100079,100,100524,100,100043,100,100612,100,99984,100,100623,100,99907,100,100689,100,99866,100,100918,100,99855,100,100936,100,99814,100
2019-06-28 10:04:20.000000000,100311,305,100107,305,100314,305,100104,305,100345,100,100096,100,100457,100,100079,100,100524,100,100043,100,100612,100,99984,100,100623,100,99907,100,100689,100,99866,100,100918,100,99855,100,100936,100,99814,100
2019-06-28 10:04:26.615553645,100277,100,100107,305,100311,305,100104,305,100314,305,100096,100,100345,100,100079,100,100457,100,100043,100,100524,100,99984,100,100612,100,99907,100,100623,100,99866,100,100689,100,99855,100,100918,100,99814,100
2019-06-28 10:04:30.000000000,100277,239,100107,239,100311,235,100104,235,100314,235,100096,235,100345,100,100079,100,100457,100,100043,100,100524,100,99984,100,100612,100,99907,100,100623,100,99866,100,100689,100,99855,100,100918,100,99814,100
2019-06-28 10:04:30.405882105,100277,239,100107,239,100311,235,100104,235,100314,235,100096,235,100345,100,100079,100,100457,100,100043,100,100524,100,99984,100,100564,100,99907,100,100612,100,99866,100,100623,100,99855,100,100689,100,99814,100
2019-06-28 10:04:40.000000000,100277,202,100107,202,100311,202,100104,202,100314,202,100096,202,100345,202,100079,202,100457,100,100043,100,100524,100,99984,100,100564,100,99907,100,100612,100,99866,100,100623,100,99855,100,100689,100,99814,100
2019-06-28 10:04:49.032582193,100277,102,100107,202,100311,202,100104,202,100314,202,100096,202,100345,202,100079,202,100457,100,100043,100,100524,100,99984,100,100564,100,99907,100,100612,100,99866,100,100623,100,99855,100,100918,100,99814,100
2019-06-28 10:04:50.000000000,100311,239,100107,239,100314,235,100104,235,100345,235,100096,235,100457,100,100079,100,100524,100,100043,100,100564,100,99984,100,100612,100,99907,100,100623,100,99866,100,100918,100,99855,100,100936,100,99814,100
2019-06-28 10:04:56.388733753,100311,139,100107,239,100314,235,100104,235,100345,235,100096,235,100457,100,100043,100,100524,100,99984,100,100564,100,99907,100,100612,100,99866,100,100623,100,99855,100,100918,100,99814,100,100936,100,99812,100
2019-06-28 10:05:00.000000000,100314,202,100107,202,100345,202,100104,202,100457,202,100096,202,100524,202,100043,202,100564,100,99984,100,100612,100,99907,100,100623,100,99866,100,100918,100,99855,100,100936,100,99814,100,101348,100,99812,100
2019-06-28 10:05:04.406994467,100314,202,100107,202,100345,202,100104,202,100419,100,100096,202,100457,202,100043,202,100524,202,99984,100,100564,100,99907,100,100612,100,99866,100,100623,100,99855,100,100918,100,99814,100,100936,100,99812,100
2019-06-28 10:05:10.000000000,100314,305,100107,305,100345,305,100104,305,100419,100,100096,100,100457,100,100043,100,100524,100,99984,100,100564,100,99907,100,100612,100,99866,100,100623,100,99855,100,100918,100,99814,100,100936,100,99812,100
2019-06-28 10:05:10.250760960,100314,305,100277,100,100345,305,100107,205,100419,100,100104,305,100457,100,100096,100,100524,100,100043,100,100564,100,99984,100,100612,100,99907,100,100623,100,99866,100,100918,100,99855,100,100936,100,99814,100
2019-06-28 10:05:20.000000000,100314,239,100277,239,100345,235,100104,235,100419,235,100096,235,100457,100,100043,100,100524,100,99984,100,100564,100,99907,100,100612,100,99866,100,100623,100,99855,100,100918,100,99814,100,100936,100,99812,100
2019-06-28 10:05:23.501263228,100314,239,100277,239,100345,235,100227,100,100419,235,100104,235,100457,100,100096,235,100524,100,100043,100,100564,100,99984,100,100612,100,99907,100,100623,100,99866,100,100918,100,99855,100,100936,100,99814,100
2019-06-28 10:05:27.746064782,100314,239,100277,239,100345,235,100227,100,100419,235,100133,100,100457,100,100104,235,100524,100,100096,235,100564,100,100043,100,100612,100,99984,100,100623,100,99907,100,100918,100,99866,100,100936,100,99855,100
2019-06-28 10:05:30.000000000,100314,202,100277,202,100345,202,100227,202,100419,202,100133,202,100457,202,100104,202,100524,100,100096,100,100564,100,100043,100,100612,100,99984,100,100623,100,99907,100,100918,100,99866,100,100936,100,99855,100
2019-06-28 10:05:40.000000000,100314,510,100277,510,100345,100,100227,100,100419,100,100133,100,100457,100,100104,100,100524,100,100096,100,100564,100,100043,100,100612,100,99984,100,100623,100,99907,100,100918,100,99866,100,100936,100,99855,100
2019-06-28 10:05:45.521656173,100314,510,100277,510,100345,100,100227,100,100419,100,100186,100,100457,100,100133,100,100524,100,100104,100,100564,100,100096,100,100612,100,100043,100,100623,100,99984,100,100918,100,99907,100,100936,100,99866,100
2019-06-28 10:05:50.000000000,100314,182,100277,182,100345,182,100227,182,100419,182,100186,182,100457,182,100133,182,100524,182,100104,182,100564,100,100096,100,100612,100,100043,100,100623,100,99984,100,100918,100,99907,100,100936,100,99866,100
2019-06-28 10:06:00.000000000,100314,239,100277,239,100345,235,100227,235,100419,235,100186,235,100457,100,100133,100,100524,100,100104,100,100564,100,100096,100,100612,100,100043,100,100623,100,99984,100,100918,100,99907,100,100936,100,99866,100
2019-06-28 10:06:07.983223405,100314,239,100277,139,100345,235,100227,235,100419,235,100186,235,100457,100,100133,100,100524,100,100104,100,100564,100,100096,100,100612,100,100043,100,100623,100,99984,100,100918,100,99907,100,100936,100,99866,100
2019-06-28 10:06:10.000000000,100314,305,100227,305,100345,305,100186,305,100419,100,100133,100,100457,100,100104,100,100524,100,100096,100,100564,100,100043,100,100612,100,99984,100,100623,100,99907,100,100918,100,99866,100,100936,100,99855,100
