,ask_price_1,ask_size_1,bid_price_1,bid_size_1,ask_price_2,ask_size_2,bid_price_2,bid_size_2,ask_price_3,ask_size_3,bid_price_3,bid_size_3,ask_price_4,ask_size_4,bid_price_4,bid_size_4,ask_price_5,ask_size_5,bid_price_5,bid_size_5,ask_price_6,ask_size_6,bid_price_6,bid_size_6,ask_price_7,ask_size_7,bid_price_7,bid_size_7,ask_price_8,ask_size_8,bid_price_8,bid_size_8,ask_price_9,ask_size_9,bid_price_9,bid_size_9,ask_price_10,ask_size_10,bid_price_10,bid_size_10
2019-06-28 09:30:00.000000002,100157,100,,,,,,,,,,,,,,,,,,,,,,,,,,,,,,,,,,,,,,
2019-06-28 09:30:00.000000005,100019,100,,,100047,100,,,100157,100,,,,,,,,,,,,,,,,,,,,,,,,,,,,,,
2019-06-28 09:30:00.000000008,100019,100,99891,100,100047,100,,,100157,100,,,,,,,,,,,,,,,,,,,,,,,,,,,,,,
2019-06-28 09:30:00.000000011,100019,100,99928,100,100047,100,99891,100,100157,100,,,,,,,,,,,,,,,,,,,,,,,,,,,,,,
2019-06-28 09:30:00.000000012,100019,100,99928,100,100020,100,99891,100,100047,100,,,100157,100,,,,,,,,,,,,,,,,,,,,,,,,,,
2019-06-28 09:30:00.000000013,100019,100,99928,100,100020,100,99891,100,100047,100,99835,100,100157,100,,,,,,,,,,,,,,,,,,,,,,,,,,
2019-06-28 09:30:00.000000018,99979,100,99928,100,100019,100,99891,100,100020,100,99835,100,100047,100,,,100095,100,,,100157,100,,,,,,,,,,,,,,,,,,
2019-06-28 09:30:00.000000019,99976,100,99928,100,99979,100,99891,100,99993,100,99835,100,100019,100,,,100020,100,,,100047,100,,,100095,100,,,100157,100,,,,,,,,,,
2019-06-28 09:30:00.000000021,99979,100,99928,100,99993,100,99891,100,100019,100,99835,100,100020,100,,,100047,100,,,100095,100,,,100157,100,,,,,,,,,,,,,,
2019-06-28 09:30:00.000000022,99979,100,99928,100,99993,100,99891,100,100019,100,99835,100,100020,100,,,100031,100,,,100047,100,,,100095,100,,,100157,100,,,,,,,,,,
2019-06-28 09:30:00.000000023,99979,100,99928,100,99993,100,99891,100,100019,100,99835,100,100020,100,,,100031,100,,,100047,100,,,100095,100,,,100104,100,,,100157,100,,,,,,
2019-06-28 09:30:00.000000024,99979,100,99928,100,99993,100,99901,100,100019,100,99891,100,100020,100,99835,100,100031,100,,,100047,100,,,100095,100,,,100104,100,,,100157,100,,,,,,
2019-06-28 09:30:00.000000029,99979,100,99928,100,99993,100,99901,100,100019,100,99891,100,100020,100,99835,100,100031,100,,,100044,100,,,100047,100,,,100095,100,,,100104,100,,,100157,100,,
2019-06-28 09:30:00.000000031,99979,100,99928,100,99993,100,99901,100,100019,100,99891,100,100020,100,99835,100,100031,100,,,100044,100,,,100047,100,,,100095,100,,,100104,100,,,100119,100,,
2019-06-28 09:30:00.000000033,99979,100,99928,100,99993,100,99901,100,100019,100,99891,100,100020,100,99835,100,100031,100,,,100044,100,,,100047,100,,,100095,100,,,100104,100,,,100119,100,,
2019-06-28 09:30:00.000000034,99993,100,99928,100,100019,100,99901,100,100020,100,99891,100,100031,100,99835,100,100044,100,,,100047,100,,,100095,100,,,100104,100,,,100117,100,,,100119,100,,
2019-06-28 09:30:00.000000036,99993,100,99928,200,100019,100,99901,100,100020,100,99891,100,100031,100,99835,100,100044,100,,,100047,100,,,100095,100,,,100104,100,,,100117,100,,,100119,100,,
2019-06-28 09:30:00.000000037,99993,100,99928,200,100019,100,99901,100,100020,100,99891,100,100031,100,99851,100,100044,100,99835,100,100047,100,,,100095,100,,,100104,100,,,100117,100,,,100119,100,,
2019-06-28 09:30:00.000000040,99979,100,99928,200,99993,100,99901,100,100019,100,99891,100,100020,100,99851,100,100031,100,99835,100,100044,100,,,100047,100,,,100095,100,,,100104,100,,,100117,100,,
2019-06-28 09:30:00.000000041,99979,100,99928,200,99993,100,99901,100,100019,100,99891,100,100020,100,99851,100,100031,100,99835,100,100044,100,,,100047,100,,,100087,100,,,100095,100,,,100104,100,,
2019-06-28 09:30:00.000000042,99979,200,99928,200,99993,100,99901,100,100019,100,99891,100,100020,100,99851,100,100031,100,99835,100,100044,100,,,100047,100,,,100087,100,,,100095,100,,,100104,100,,
2019-06-28 09:30:00.000000043,99979,200,99928,200,99993,100,99901,100,100019,100,99891,100,100020,100,99870,100,100031,100,99851,100,100044,100,99835,100,100047,100,,,100087,100,,,100095,100,,,100104,100,,
2019-06-28 09:30:00.000000044,99979,100,99943,100,99993,100,99928,200,100019,100,99901,100,100020,100,99891,100,100031,100,99870,100,100044,100,99851,100,100047,100,99835,100,100087,100,,,100095,100,,,100102,100,,
2019-06-28 09:30:00.000000045,99979,100,99943,100,99993,100,99928,200,100019,100,99901,100,100020,100,99891,100,100031,100,99870,100,100044,100,99851,100,100047,100,99835,100,100087,100,,,100095,100,,,100102,100,,
2019-06-28 09:30:00.000000047,99961,100,99943,100,99979,100,99928,200,99993,100,99901,100,100019,100,99891,100,100020,100,99870,100,100028,100,99851,100,100031,100,99835,100,100044,100,,,100047,100,,,100087,100,,
2019-06-28 09:30:00.000000050,99961,100,99943,100,99979,100,99937,100,99993,100,99928,200,100019,100,99901,100,100020,200,99891,100,100028,100,99870,100,100031,100,99851,100,100044,100,99835,100,100047,100,,,100087,100,,
2019-06-28 09:30:00.000000051,99979,100,99943,100,99993,100,99937,100,100019,100,99928,200,100020,200,99901,100,100028,100,99891,100,100031,100,99870,100,100044,100,99851,100,100047,100,99835,100,100087,100,,,100095,100,,
2019-06-28 09:30:00.000000059,99979,100,99943,100,99993,100,99937,100,100019,100,99928,200,100020,200,99901,100,100028,100,99891,100,100031,100,99870,100,100044,100,99851,100,100047,100,99835,100,100066,100,,,100087,100,,
2019-06-28 09:30:00.000000061,99978,100,99943,100,99979,100,99937,100,99993,100,99928,200,100019,100,99901,100,100020,200,99891,100,100028,100,99870,100,100031,100,99851,100,100044,100,99835,100,100047,100,,,100054,100,,
2019-06-28 09:30:00.000000062,99957,100,99943,100,99978,100,99937,100,99979,100,99928,200,99993,100,99901,100,100019,100,99891,100,100020,200,99870,100,100028,100,99851,100,100031,100,99835,100,100044,100,,,100047,100,,
2019-06-28 09:30:00.000000064,99978,100,99943,100,99979,100,99937,100,99993,100,99928,200,100019,100,99901,100,100020,200,99891,100,100028,100,99870,100,100031,100,99851,100,100044,100,99835,100,100047,100,,,100054,100,,
2019-06-28 09:30:00.000000065,99978,100,99943,100,99979,100,99937,100,99993,100,99928,200,100019,100,99901,100,100020,200,99895,100,100028,100,99891,100,100031,100,99870,100,100044,100,99851,100,100047,100,99835,100,100054,100,,
2019-06-28 09:30:00.000000066,99978,100,99937,100,99979,100,99928,200,99993,100,99901,100,100019,100,99895,100,100020,200,99891,100,100028,100,99870,100,100031,100,99851,100,100044,100,99835,100,100047,100,,,100054,100,,
2019-06-28 09:30:00.000000067,99978,100,99977,100,99979,100,99937,100,99993,100,99928,200,100019,100,99901,100,100020,200,99895,100,100028,100,99891,100,100031,100,99870,100,100044,100,99851,100,100047,100,99835,100,100054,100,,
2019-06-28 09:30:00.000000068,99978,100,99977,100,99979,100,99943,100,99993,100,99937,100,100019,100,99928,200,100020,200,99901,100,100028,100,99895,100,100031,100,99891,100,100044,100,99870,100,100047,100,99851,100,100054,100,99835,100
2019-06-28 09:30:00.000000069,99978,100,99977,100,99979,100,99943,100,99993,100,99937,100,100019,100,99928,200,100020,200,99901,100,100028,100,99895,100,100031,100,99891,100,100044,100,99877,100,100047,100,99870,100,100054,100,99851,100
2019-06-28 09:30:00.000000070,99978,100,99977,100,99979,100,99943,100,99993,100,99937,100,100019,100,99928,200,100020,200,99901,100,100026,100,99895,100,100028,100,99891,100,100031,100,99877,100,100044,100,99870,100,100047,100,99851,100
2019-06-28 09:30:00.000000071,99978,100,99970,100,99979,100,99943,100,99993,100,99937,100,100019,100,99928,200,100020,200,99901,100,100026,100,99895,100,100028,100,99891,100,100031,100,99877,100,100044,100,99870,100,100047,200,99851,100
2019-06-28 09:30:00.000000072,99978,100,99970,100,99979,100,99943,100,99993,100,99937,100,100019,100,99928,200,100020,200,99901,100,100026,100,99895,100,100028,100,99891,100,100031,100,99877,100,100044,100,99870,100,100047,200,99851,100
2019-06-28 09:30:00.000000074,99978,100,99970,100,99979,100,99943,100,99993,100,99937,100,100019,100,99928,200,100020,200,99901,100,100026,100,99895,100,100028,100,99891,100,100031,100,99884,100,100044,100,99877,100,100047,200,99870,100
2019-06-28 09:30:00.000000075,99978,100,99970,100,99979,100,99944,100,99993,100,99943,100,100019,100,99937,100,100020,200,99928,200,100026,100,99901,100,100028,100,99895,100,100031,100,99891,100,100044,100,99884,100,100047,200,99877,100
2019-06-28 09:30:00.000000078,99978,100,99970,100,99979,100,99944,100,99993,100,99943,100,100019,100,99937,100,100020,200,99928,200,100026,100,99901,100,100028,100,99895,100,100031,100,99891,100,100044,100,99884,100,100047,200,99877,100
2019-06-28 09:30:00.000000079,99977,100,99970,100,99978,100,99944,100,99979,100,99943,100,99993,100,99937,100,100019,100,99928,200,100020,200,99901,100,100026,100,99895,100,100028,100,99891,100,100031,100,99884,100,100044,100,99877,100
2019-06-28 09:30:00.000000082,99977,100,99970,100,99978,100,99944,100,99979,100,99943,100,99993,100,99937,100,100019,100,99928,200,100020,200,99901,100,100026,100,99895,100,100028,100,99891,100,100031,100,99884,100,100044,100,99877,100
2019-06-28 09:30:00.000000083,99977,100,99970,100,99978,100,99944,100,99979,100,99943,100,99993,100,99937,100,100019,100,99928,200,100020,200,99901,100,100026,100,99895,100,100028,100,99891,100,100031,100,99884,100,100044,100,99877,100
2019-06-28 09:30:00.000000086,99977,100,99970,100,99978,100,99944,100,99979,100,99943,100,99993,100,99937,100,100019,100,99928,200,100020,200,99901,100,100026,100,99895,100,100028,100,99894,100,100031,100,99891,100,100044,100,99884,100
2019-06-28 09:30:00.000000087,99977,100,99971,100,99978,100,99970,100,99979,100,99944,100,99993,100,99943,100,100019,100,99937,100,100020,200,99928,200,100026,100,99901,100,100028,100,99895,100,100031,100,99894,100,100044,100,99891,100
2019-06-28 09:30:00.000000088,99977,200,99971,100,99978,100,99970,100,99979,100,99944,100,99993,100,99943,100,100019,100,99937,100,100020,200,99928,200,100026,100,99901,100,100028,100,99895,100,100031,100,99894,100,100044,100,99891,100
2019-06-28 09:30:00.000000089,99977,200,99971,100,99978,100,99970,100,99979,100,99944,100,99993,100,99943,100,100019,100,99937,100,100020,200,99933,100,100026,100,99928,200,100028,100,99901,100,100031,100,99895,100,100044,100,99894,100
2019-06-28 09:30:00.000000090,99977,200,99971,200,99978,100,99970,100,99979,100,99944,100,99993,100,99943,100,100019,100,99937,100,100020,200,99933,100,100026,100,99928,200,100028,100,99901,100,100031,100,99895,100,100044,100,99894,100
2019-06-28 09:30:00.000000092,99977,200,99971,200,99978,100,99970,100,99979,100,99944,100,99993,100,99943,100,100019,100,99937,100,100020,300,99933,100,100026,100,99928,200,100028,100,99901,100,100031,100,99895,100,100044,100,99894,100
2019-06-28 09:30:00.000000093,99977,200,99971,200,99978,100,99970,100,99979,100,99952,100,99993,100,99944,100,100019,100,99943,100,100020,300,99937,100,100026,100,99933,100,100028,100,99928,200,100031,100,99901,100,100044,100,99895,100
2019-06-28 09:30:00.000000094,99977,200,99971,200,99978,100,99970,100,99979,100,99952,100,99993,100,99944,100,100019,100,99943,100,100020,300,99937,100,100026,100,99933,100,100028,100,99928,200,100031,100,99901,100,100044,100,99895,100
2019-06-28 09:30:00.000000097,99977,200,99971,200,99978,100,99970,100,99979,100,99952,100,99993,100,99944,100,100019,100,99943,100,100020,300,99937,100,100026,100,99933,100,100028,100,99928,200,100031,100,99901,100,100044,100,99895,100
2019-06-28 09:30:00.977253596,99977,200,99971,200,99978,100,99970,100,99979,100,99952,100,99993,100,99944,100,100019,100,99943,100,100020,300,99937,100,100026,100,99933,100,100031,100,99928,200,100044,100,99901,100,100047,200,99895,100
2019-06-28 09:30:10.000000000,99977,274,99971,274,99978,174,99970,174,99979,174,99952,174,99993,174,99944,174,100019,100,99943,100,100020,300,99937,100,100026,100,99933,100,100031,100,99928,200,100044,100,99901,100,100047,200,99895,100
2019-06-28 09:30:20.000000000,99977,274,99971,274,99978,174,99970,174,99979,174,99952,174,99993,174,99944,174,100019,100,99943,100,100020,300,99937,100,100026,100,99933,100,100031,100,99928,200,100044,100,99901,100,100047,200,99895,100
2019-06-28 09:30:25.554810903,99977,274,99971,274,99978,174,99970,174,99979,174,99952,174,99993,174,99944,174,100019,100,99943,100,100020,300,99937,100,100026,100,99933,100,100031,100,99928,200,100044,100,99901,100,100047,200,99895,100
2019-06-28 09:30:30.000000000,99977,274,99971,274,99978,174,99970,174,99979,174,99952,174,99993,174,99944,174,100019,100,99943,100,100020,300,99937,100,100026,100,99933,100,100031,100,99928,200,100044,100,99901,100,100047,200,99895,100
2019-06-28 09:30:40.000000000,99977,348,99971,348,99978,248,99970,248,99979,100,99952,100,99993,100,99944,100,100019,100,99943,100,100020,300,99937,100,100026,100,99933,100,100031,100,99928,200,100044,100,99901,100,100047,200,99895,100
2019-06-28 09:30:50.000000000,99977,301,99971,301,99978,198,99970,198,99979,198,99952,198,99993,100,99944,100,100019,100,99943,100,100020,300,99937,100,100026,100,99933,100,100031,100,99928,200,100044,100,99901,100,100047,200,99895,100
2019-06-28 09:31:00.000000000,99977,348,99971,348,99978,248,99970,248,99979,100,99952,100,99993,100,99944,100,100019,100,99943,100,100020,300,99937,100,100026,100,99933,100,100031,100,99928,200,100044,100,99901,100,100047,200,99895,100
2019-06-28 09:31:10.000000000,99977,348,99971,348,99978,248,99970,248,99979,100,99952,100,99993,100,99944,100,100019,100,99943,100,100020,300,99937,100,100026,100,99933,100,100031,100,99928,200,100044,100,99901,100,100047,200,99895,100
2019-06-28 09:31:19.142582974,99977,348,99971,348,99978,248,99970,248,99979,100,99952,100,99993,100,99944,100,100019,100,99943,100,100020,300,99937,100,100026,100,99933,100,100031,100,99928,200,100044,100,99901,100,100047,200,99895,100
2019-06-28 09:31:20.000000000,99977,259,99971,259,99978,159,99970,159,99979,159,99952,159,99993,159,99944,159,100019,159,99943,159,100020,300,99937,100,100026,100,99933,100,100031,100,99928,200,100044,100,99901,100,100047,200,99895,100
2019-06-28 09:31:30.000000000,99977,259,99971,259,99978,159,99970,159,99979,159,99952,159,99993,159,99944,159,100019,159,99943,159,100020,300,99937,100,100026,100,99933,100,100031,100,99928,200,100044,100,99901,100,100047,200,99895,100
2019-06-28 09:31:40.000000000,99977,259,99971,259,99978,159,99970,159,99979,159,99952,159,99993,159,99944,159,100019,159,99943,159,100020,300,99937,100,100026,100,99933,100,100031,100,99928,200,100044,100,99901,100,100047,200,99895,100
2019-06-28 09:31:50.000000000,99977,274,99971,274,99978,174,99970,174,99979,174,99952,174,99993,174,99944,174,100019,100,99943,100,100020,300,99937,100,100026,100,99933,100,100031,100,99928,200,100044,100,99901,100,100047,200,99895,100
2019-06-28 09:31:50.282532580,99977,274,99971,274,99978,174,99970,174,99979,174,99952,174,99993,174,99944,174,100019,100,99943,100,100020,300,99937,100,100026,100,99933,100,100031,100,99928,200,100044,100,99901,100,100047,200,99895,100
2019-06-28 09:31:53.025038534,99977,174,99971,274,99978,174,99970,174,99979,174,99952,174,99993,174,99944,174,100019,100,99943,100,100020,200,99937,100,100026,100,99933,100,100031,100,99928,200,100044,100,99901,100,100047,200,99895,100
2019-06-28 09:32:00.000000000,99977,174,99971,274,99978,174,99970,174,99979,174,99952,174,99993,174,99944,174,100019,100,99943,100,100020,200,99937,100,100026,100,99933,100,100031,100,99928,200,100044,100,99901,100,100047,200,99895,100
2019-06-28 09:32:10.000000000,99977,248,99971,348,99978,248,99970,248,99979,100,99952,100,99993,100,99944,100,100019,100,99943,100,100020,200,99937,100,100026,100,99933,100,100031,100,99928,200,100044,100,99901,100,100047,200,99895,100
2019-06-28 09:32:14.765984435,99977,248,99971,348,99978,248,99970,248,99979,100,99952,100,99993,100,99944,100,100019,100,99943,100,100020,200,99937,100,100026,100,99933,100,100031,100,99928,200,100044,100,99901,100,100047,200,99895,100
2019-06-28 09:32:20.000000000,99977,159,99971,259,99978,159,99970,159,99979,159,99952,159,99993,159,99944,159,100019,159,99943,159,100020,200,99937,100,100026,100,99933,100,100031,100,99928,200,100044,100,99901,100,100047,200,99895,100
2019-06-28 09:32:26.739341054,99977,159,99971,259,99978,159,99970,159,99979,159,99952,159,99993,159,99944,159,100019,159,99943,159,100020,200,99937,100,100026,100,99933,100,100031,100,99928,200,100044,100,99901,100,100047,200,99895,100
2019-06-28 09:32:30.000000000,99977,248,99971,348,99978,248,99970,248,99979,100,99952,100,99993,100,99944,100,100019,100,99943,100,100020,200,99937,100,100026,100,99933,100,100031,100,99928,200,100044,100,99901,100,100047,200,99895,100
2019-06-28 09:32:31.146055545,99977,248,99971,348,99978,248,99970,248,99979,100,99952,100,99993,100,99944,100,100019,100,99943,100,100020,200,99937,100,100026,100,99933,100,100031,100,99928,200,100044,100,99901,100,100047,200,99895,100
2019-06-28 09:32:37.532702542,99977,148,99971,348,99978,248,99970,248,99979,100,99952,100,99993,100,99944,100,100019,100,99943,100,100020,200,99937,100,100026,100,99933,100,100031,100,99928,100,100044,100,99901,100,100047,200,99895,100
2019-06-28 09:32:40.000000000,99978,201,99971,301,99979,198,99970,198,99993,198,99952,198,100019,100,99944,100,100020,200,99943,100,100026,100,99937,100,100031,100,99933,100,100044,100,99928,100,100047,200,99901,100,100049,100,99895,100
2019-06-28 09:32:42.337929339,99978,201,99971,301,99979,198,99970,198,99993,198,99952,198,100019,100,99944,100,100020,200,99943,100,100026,100,99937,100,100031,100,99933,100,100044,100,99928,100,100047,200,99901,100,100049,100,99895,100
2019-06-28 09:32:46.865771030,99978,201,99971,301,99979,198,99970,198,99993,198,99952,198,100019,100,99944,100,100020,200,99943,100,100026,100,99937,100,100031,100,99933,100,100044,100,99928,100,100047,200,99901,100,100049,100,99895,100
2019-06-28 09:32:50.000000000,99978,201,99971,301,99979,198,99970,198,99993,198,99952,198,100019,100,99944,100,100020,200,99943,100,100026,100,99937,100,100031,100,99933,100,100044,100,99928,100,100047,200,99901,100,100049,100,99895,100
2019-06-28 09:33:00.000000000,99978,174,99971,274,99979,174,99970,174,99993,174,99952,174,100019,174,99944,174,100020,200,99943,100,100026,100,99937,100,100031,100,99933,100,100044,100,99928,100,100047,200,99901,100,100049,100,99895,100
2019-06-28 09:33:10.000000000,99978,201,99971,301,99979,198,99970,198,99993,198,99952,198,100019,100,99944,100,100020,200,99943,100,100026,100,99937,100,100031,100,99933,100,100044,100,99928,100,100047,200,99901,100,100049,100,99895,100
2019-06-28 09:33:17.711999442,99978,101,99971,301,99979,198,99970,198,99993,198,99952,198,100019,100,99944,100,100020,200,99943,100,100026,100,99937,100,100031,100,99933,100,100044,100,99928,100,100047,200,99901,100,100049,100,99895,100
2019-06-28 09:33:20.000000000,99979,248,99971,348,99993,248,99970,248,100019,100,99952,100,100020,200,99944,100,100026,100,99943,100,100031,100,99937,100,100044,100,99933,100,100047,200,99928,100,100049,100,99901,100,100050,100,99895,100
2019-06-28 09:33:20.514407792,99979,148,99971,348,99993,248,99970,248,100019,100,99952,100,100020,200,99944,100,100026,100,99943,100,100031,100,99937,100,100044,100,99933,100,100047,200,99928,100,100049,100,99901,100,100050,100,99895,100
2019-06-28 09:33:26.149254057,99979,48,99971,348,99993,248,99970,248,100019,100,99952,100,100020,200,99944,100,100026,100,99943,100,100031,100,99937,100,100044,100,99933,100,100047,200,99928,100,100049,100,99901,100,100050,100,99895,100
2019-06-28 09:33:29.059715002,99979,48,99971,348,99993,248,99970,248,100019,100,99952,100,100020,200,99944,100,100026,100,99943,100,100031,100,99937,100,100044,100,99928,100,100047,200,99901,100,100049,100,99895,100,100050,100,99894,100
2019-06-28 09:33:30.000000000,99993,248,99971,348,100019,248,99970,248,100020,200,99952,100,100026,100,99944,100,100031,100,99943,100,100044,100,99937,100,100047,200,99928,100,100049,100,99901,100,100050,100,99895,100,100054,100,99894,100
2019-06-28 09:33:30.852616911,99993,248,99971,348,100019,248,99970,248,100020,200,99952,100,100026,100,99944,100,100031,100,99943,100,100044,100,99937,100,100047,100,99928,100,100049,100,99901,100,100050,100,99895,100,100054,100,99894,100
2019-06-28 09:33:40.000000000,99993,396,99971,496,100019,100,99970,100,100020,200,99952,100,100026,100,99944,100,100031,100,99943,100,100044,100,99937,100,100047,100,99928,100,100049,100,99901,100,100050,100,99895,100,100054,100,99894,100
2019-06-28 09:33:50.000000000,99993,174,99971,274,100019,174,99970,174,100020,274,99952,174,100026,174,99944,174,100031,100,99943,100,100044,100,99937,100,100047,100,99928,100,100049,100,99901,100,100050,100,99895,100,100054,100,99894,100
2019-06-28 09:33:51.238833589,99993,174,99971,274,100019,174,99970,174,100020,274,99952,174,100026,174,99944,174,100031,100,99943,100,100044,100,99937,100,100047,100,99928,100,100049,100,99901,100,100050,100,99895,100,100054,100,99894,100
2019-06-28 09:33:51.906791046,99993,74,99971,274,100019,174,99970,174,100020,274,99952,174,100026,174,99944,174,100031,100,99943,100,100044,100,99937,100,100047,100,99928,100,100049,100,99901,100,100050,100,99895,100,100054,100,99894,100
2019-06-28 09:34:00.000000000,100019,201,99971,301,100020,298,99970,198,100026,198,99952,198,100031,100,99944,100,100044,100,99943,100,100047,100,99937,100,100049,100,99928,100,100050,100,99901,100,100054,100,99895,100,100060,100,99894,100
2019-06-28 09:34:10.000000000,100019,396,99971,496,100020,200,99970,100,100026,100,99952,100,100031,100,99944,100,100044,100,99943,100,100047,100,99937,100,100049,100,99928,100,100050,100,99901,100,100054,100,99895,100,100060,100,99894,100
2019-06-28 09:34:13.711710097,100019,396,99979,100,100020,200,99971,496,100026,100,99970,100,100031,100,99952,100,100044,100,99944,100,100047,100,99943,100,100049,100,99937,100,100050,100,99928,100,100054,100,99901,100,100060,100,99895,100
2019-06-28 09:34:18.614334082,100019,296,99979,100,100020,200,99971,496,100026,100,99970,100,100031,100,99952,100,100044,100,99944,100,100047,100,99943,100,100049,100,99937,100,100050,100,99928,100,100054,100,99901,100,100060,100,99895,100
2019-06-28 09:34:20.000000000,100020,496,99979,396,100026,100,99971,200,100031,100,99970,100,100044,100,99952,100,100047,100,99944,100,100049,100,99943,100,100050,100,99937,100,100054,100,99928,100,100060,100,99901,100,100066,100,99895,100
2019-06-28 09:34:30.000000000,100020,348,99979,248,100026,248,99971,348,100031,100,99970,100,100044,100,99952,100,100047,100,99944,100,100049,100,99943,100,100050,100,99937,100,100054,100,99928,100,100060,100,99901,100,100066,100,99895,100
2019-06-28 09:34:31.381604054,100020,248,99979,248,100026,248,99971,348,100031,100,99970,100,100044,100,99952,100,100047,100,99944,100,100049,100,99943,100,100050,100,99937,100,100054,100,99928,100,100060,100,99901,100,100066,100,99895,100
2019-06-28 09:34:40.000000000,100020,201,99979,201,100026,198,99971,298,100031,198,99970,198,100044,100,99952,100,100047,100,99944,100,100049,100,99943,100,100050,100,99937,100,100054,100,99928,100,100060,100,99901,100,100066,100,99895,100
2019-06-28 09:34:47.140626581,100020,101,99979,201,100026,198,99971,298,100031,198,99970,198,100044,100,99952,100,100047,100,99944,100,100049,100,99943,100,100050,100,99937,100,100054,100,99928,100,100060,100,99901,100,100066,100,99895,100
2019-06-28 09:34:50.000000000,100026,248,99979,248,100031,248,99971,348,100044,100,99970,100,100047,100,99952,100,100049,100,99944,100,100050,100,99943,100,100054,100,99937,100,100060,100,99928,100,100066,100,99901,100,100068,100,99895,100
2019-06-28 09:34:55.089000810,100026,248,99979,248,100031,248,99971,348,100044,100,99970,100,100047,100,99952,100,100049,100,99944,100,100054,100,99943,100,100060,100,99937,100,100066,100,99928,100,100068,100,99901,100,100087,100,99895,100
2019-06-28 09:35:00.000000000,100026,248,99979,248,100031,248,99971,348,100044,100,99970,100,100047,100,99952,100,100049,100,99944,100,100054,100,99943,100,100060,100,99937,100,100066,100,99928,100,100068,100,99901,100,100087,100,99895,100
2019-06-28 09:35:10.000000000,100026,248,99979,248,100031,248,99971,348,100044,100,99970,100,100047,100,99952,100,100049,100,99944,100,100054,100,99943,100,100060,100,99937,100,100066,100,99928,100,100068,100,99901,100,100087,100,99895,100
2019-06-28 09:35:12.289069982,100026,248,99979,248,100031,248,99971,348,100044,100,99970,100,100047,100,99952,100,100049,100,99944,100,100054,100,99943,100,100060,100,99937,100,100066,100,99928,100,100087,100,99901,100,100104,100,99895,100
2019-06-28 09:35:19.991945993,100026,148,99979,248,100031,248,99971,348,100044,100,99970,100,100047,100,99952,100,100049,100,99944,100,100054,100,99943,100,100060,100,99937,100,100066,100,99928,100,100087,100,99901,100,100104,100,99895,100
2019-06-28 09:35:20.000000000,100031,396,99979,396,100044,100,99971,200,100047,100,99970,100,100049,100,99952,100,100054,100,99944,100,100060,100,99943,100,100066,100,99937,100,100087,100,99928,100,100104,100,99901,100,100113,100,99895,100
2019-06-28 09:35:29.307870757,100031,296,99979,396,100044,100,99971,200,100047,100,99970,100,100049,100,99952,100,100054,100,99944,100,100060,100,99943,100,100066,100,99937,100,100087,100,99928,100,100104,100,99901,100,100113,100,99895,100
2019-06-28 09:35:30.000000000,100044,159,99979,159,100047,159,99971,259,100049,159,99970,159,100054,159,99952,159,100060,159,99944,159,100066,100,99943,100,100087,100,99937,100,100104,100,99928,100,100113,100,99901,100,100117,100,99895,100
2019-06-28 09:35:40.000000000,100044,159,99979,159,100047,159,99971,259,100049,159,99970,159,100054,159,99952,159,100060,159,99944,159,100066,100,99943,100,100087,100,99937,100,100104,100,99928,100,100113,100,99901,100,100117,100,99895,100
2019-06-28 09:35:43.256528162,100044,59,99979,159,100047,159,99971,259,100049,159,99970,159,100054,159,99952,159,100060,159,99944,159,100066,100,99943,100,100087,100,99937,100,100104,100,99928,100,100113,100,99901,100,100117,100,99895,100
2019-06-28 09:35:45.387130620,100044,59,99979,159,100047,159,99971,259,100049,159,99970,159,100054,159,99952,159,100060,159,99944,159,100066,100,99943,100,100087,100,99937,100,100104,100,99928,100,100113,100,99901,100,100117,100,99895,100
2019-06-28 09:35:50.000000000,100047,159,99979,159,100049,159,99971,259,100054,159,99970,159,100060,159,99952,159,100066,159,99944,159,100087,100,99943,100,100104,100,99937,100,100113,100,99928,100,100117,100,99901,100,100178,100,99895,100
2019-06-28 09:35:50.150414261,100047,159,100031,100,100049,159,99979,159,100054,159,99971,259,100060,159,99970,159,100066,159,99952,159,100087,100,99944,159,100104,100,99943,100,100113,100,99937,100,100117,100,99928,100,100178,100,99901,100
2019-06-28 09:36:00.000000000,100047,248,100031,248,100049,248,99979,248,100054,100,99971,200,100060,100,99970,100,100066,100,99952,100,100087,100,99944,100,100104,100,99943,100,100113,100,99937,100,100117,100,99928,100,100178,100,99901,100
2019-06-28 09:36:06.063475767,100047,148,100031,248,100049,248,99979,248,100054,100,99971,200,100060,100,99970,100,100066,100,99952,100,100087,100,99944,100,100104,100,99943,100,100113,100,99937,100,100117,100,99928,100,100178,100,99901,100
2019-06-28 09:36:10.000000000,100049,159,100031,159,100054,159,99979,159,100060,159,99971,259,100066,159,99970,159,100087,159,99952,159,100104,100,99944,100,100113,100,99943,100,100117,100,99937,100,100178,100,99928,100,100493,100,99901,100
2019-06-28 09:36:20.000000000,100049,159,100031,159,100054,159,99979,159,100060,159,99971,259,100066,159,99970,159,100087,159,99952,159,100104,100,99944,100,100113,100,99943,100,100117,100,99937,100,100178,100,99928,100,100493,100,99901,100
2019-06-28 09:36:20.387021358,100049,59,100031,159,100054,159,99979,159,100060,159,99971,259,100066,159,99970,159,100087,159,99952,159,100104,100,99944,100,100113,100,99943,100,100117,100,99937,100,100178,100,99928,100,100493,100,99901,100
2019-06-28 09:36:30.000000000,100054,159,100031,159,100060,159,99979,159,100066,159,99971,259,100087,159,99970,159,100104,159,99952,159,100113,100,99944,100,100117,100,99943,100,100178,100,99937,100,100493,100,99928,100,100632,100,99901,100
2019-06-28 09:36:40.000000000,100054,159,100031,159,100060,159,99979,159,100066,159,99971,259,100087,159,99970,159,100104,159,99952,159,100113,100,99944,100,100117,100,99943,100,100178,100,99937,100,100493,100,99928,100,100632,100,99901,100
2019-06-28 09:36:41.655324274,100054,59,100031,159,100060,159,99979,159,100066,159,99971,259,100087,159,99970,159,100104,159,99952,159,100113,100,99944,100,100117,100,99943,100,100178,100,99937,100,100493,100,99928,100,100632,100,99901,100
2019-06-28 09:36:42.341809002,100060,159,100054,41,100066,159,100031,159,100087,159,99979,159,100104,159,99971,259,100113,100,99970,159,100117,100,99952,159,100178,100,99944,100,100493,100,99943,100,100632,100,99937,100,100781,100,99928,100
2019-06-28 09:36:50.000000000,100060,159,100054,100,100066,159,100031,159,100087,159,99979,159,100104,159,99971,259,100113,159,99970,159,100117,100,99952,100,100178,100,99944,100,100493,100,99943,100,100632,100,99937,100,100781,100,99928,100
2019-06-28 09:36:50.302404369,100060,159,100054,100,100066,159,100031,159,100087,159,99979,159,100104,159,99971,259,100113,159,99970,159,100117,100,99952,100,100178,100,99944,100,100493,100,99943,100,100505,100,99937,100,100632,100,99928,100
2019-06-28 09:36:51.969756649,100060,159,100054,200,100066,159,100031,159,100087,159,99979,159,100104,159,99971,259,100113,159,99970,159,100117,100,99952,100,100178,100,99944,100,100493,100,99943,100,100505,100,99937,100,100632,100,99928,100
2019-06-28 09:36:52.974289588,100060,59,100054,200,100066,159,100031,159,100087,159,99979,159,100104,159,99971,259,100113,159,99970,159,100117,100,99952,100,100178,100,99944,100,100493,100,99943,100,100505,100,99937,100,100632,100,99928,100
2019-06-28 09:36:57.348255738,100060,59,100054,200,100066,159,100031,159,100087,159,99979,159,100104,159,99971,259,100113,159,99970,159,100117,100,99952,100,100178,100,99944,100,100493,100,99943,100,100505,100,99937,100,100632,100,99928,100
2019-06-28 09:37:00.000000000,100066,201,100054,242,100087,198,100031,198,100104,198,99979,198,100113,100,99971,200,100117,100,99970,100,100178,100,99952,100,100493,100,99944,100,100505,100,99943,100,100632,100,99937,100,100668,100,99928,100
2019-06-28 09:37:09.837615146,100066,201,100054,242,100087,198,100031,198,100104,198,99979,198,100113,100,99971,200,100117,100,99970,100,100178,100,99952,100,100372,100,99944,100,100493,100,99943,100,100505,100,99937,100,100632,100,99928,100
2019-06-28 09:37:10.000000000,100066,174,100054,215,100087,174,100031,174,100104,174,99979,174,100113,174,99971,274,100117,100,99970,100,100178,100,99952,100,100372,100,99944,100,100493,100,99943,100,100505,100,99937,100,100632,100,99928,100
2019-06-28 09:37:20.000000000,100066,396,100054,437,100087,100,100031,100,100104,100,99979,100,100113,100,99971,200,100117,100,99970,100,100178,100,99952,100,100372,100,99944,100,100493,100,99943,100,100505,100,99937,100,100632,100,99928,100
2019-06-28 09:37:24.523172553,100066,396,100054,437,100087,100,100031,100,100104,100,99979,100,100113,100,99971,200,100117,100,99970,100,100178,100,99952,100,100182,100,99944,100,100372,100,99943,100,100493,100,99937,100,100505,100,99928,100
2019-06-28 09:37:30.000000000,100066,201,100054,242,100087,198,100031,198,100104,198,99979,198,100113,100,99971,200,100117,100,99970,100,100178,100,99952,100,100182,100,99944,100,100372,100,99943,100,100493,100,99937,100,100505,100,99928,100
2019-06-28 09:37:37.709719366,100066,201,100055,100,100087,198,100054,242,100104,198,100031,198,100113,100,99979,198,100117,100,99971,200,100178,100,99970,100,100182,100,99952,100,100372,100,99944,100,100493,100,99943,100,100505,100,99937,100
2019-06-28 09:37:40.000000000,100066,248,100055,248,100087,248,100054,289,100104,100,100031,100,100113,100,99979,100,100117,100,99971,200,100178,100,99970,100,100182,100,99952,100,100372,100,99944,100,100493,100,99943,100,100505,100,99937,100
2019-06-28 09:37:50.000000000,100066,396,100055,396,100087,100,100054,141,100104,100,100031,100,100113,100,99979,100,100117,100,99971,200,100178,100,99970,100,100182,100,99952,100,100372,100,99944,100,100493,100,99943,100,100505,100,99937,100
2019-06-28 09:38:00.000000000,100066,159,100055,159,100087,159,100054,200,100104,159,100031,159,100113,159,99979,159,100117,159,99971,259,100178,100,99970,100,100182,100,99952,100,100372,100,99944,100,100493,100,99943,100,100505,100,99937,100
2019-06-28 09:38:07.212924449,100066,159,100055,159,100087,159,100054,200,100104,159,100031,159,100113,159,99979,159,100117,159,99971,259,100178,100,99970,100,100182,100,99952,100,100372,100,99944,100,100493,100,99943,100,100505,100,99937,100
2019-06-28 09:38:07.300842365,100066,59,100055,159,100087,159,100054,200,100104,159,100031,159,100113,159,99979,159,100117,159,99971,259,100178,100,99970,100,100182,100,99952,100,100372,100,99944,100,100493,100,99943,100,100505,100,99937,100
2019-06-28 09:38:10.000000000,100087,174,100055,174,100104,174,100054,215,100113,174,100031,174,100117,174,99979,174,100178,100,99971,200,100182,100,99970,100,100372,100,99952,100,100493,100,99944,100,100505,100,99943,100,100601,100,99937,100
2019-06-28 09:38:20.000000000,100087,201,100055,201,100104,198,100054,239,100113,198,100031,198,100117,100,99979,100,100178,100,99971,200,100182,100,99970,100,100372,100,99952,100,100493,100,99944,100,100505,100,99943,100,100601,100,99937,100
2019-06-28 09:38:30.000000000,100087,159,100055,159,100104,159,100054,200,100113,159,100031,159,100117,159,99979,159,100178,159,99971,259,100182,100,99970,100,100372,100,99952,100,100493,100,99944,100,100505,100,99943,100,100601,100,99937,100
2019-06-28 09:38:31.129693019,100087,159,100055,159,100104,159,100054,200,100113,159,100031,159,100117,159,99979,159,100178,159,99971,259,100182,100,99970,100,100372,100,99952,100,100493,100,99944,100,100505,100,99943,100,100601,100,99937,100
2019-06-28 09:38:40.000000000,100087,248,100055,248,100104,248,100054,289,100113,100,100031,100,100117,100,99979,100,100178,100,99971,200,100182,100,99970,100,100372,100,99952,100,100493,100,99944,100,100505,100,99943,100,100601,100,99937,100
2019-06-28 09:38:50.000000000,100087,159,100055,159,100104,159,100054,200,100113,159,100031,159,100117,159,99979,159,100178,159,99971,259,100182,100,99970,100,100372,100,99952,100,100493,100,99944,100,100505,100,99943,100,100601,100,99937,100
2019-06-28 09:38:58.148869033,100087,159,100055,159,100104,159,100054,200,100113,159,100031,159,100117,159,99979,159,100178,159,99971,259,100182,100,99970,100,100291,100,99952,100,100372,100,99944,100,100493,100,99943,100,100505,100,99937,100
2019-06-28 09:39:00.000000000,100087,159,100055,159,100104,159,100054,200,100113,159,100031,159,100117,159,99979,159,100178,159,99971,259,100182,100,99970,100,100291,100,99952,100,100372,100,99944,100,100493,100,99943,100,100505,100,99937,100
2019-06-28 09:39:02.005787728,100087,159,100060,100,100104,159,100055,159,100113,159,100054,200,100117,159,100031,159,100178,159,99979,159,100182,100,99971,259,100291,100,99970,100,100372,100,99952,100,100493,100,99944,100,100505,100,99943,100
2019-06-28 09:39:07.044432305,100087,159,100060,200,100104,159,100055,159,100113,159,100054,200,100117,159,100031,59,100178,159,99979,159,100182,100,99971,259,100291,100,99970,100,100372,100,99952,100,100493,100,99944,100,100505,100,99943,100
2019-06-28 09:39:10.000000000,100087,248,100060,348,100104,248,100055,248,100113,100,100054,141,100117,100,99979,100,100178,100,99971,200,100182,100,99970,100,100291,100,99952,100,100372,100,99944,100,100493,100,99943,100,100505,100,99937,100
2019-06-28 09:39:20.000000000,100087,396,100060,496,100104,100,100055,100,100113,100,100054,141,100117,100,99979,100,100178,100,99971,200,100182,100,99970,100,100291,100,99952,100,100372,100,99944,100,100493,100,99943,100,100505,100,99937,100
2019-06-28 09:39:30.000000000,100087,159,100060,259,100104,159,100055,159,100113,159,100054,200,100117,159,99979,159,100178,159,99971,259,100182,100,99970,100,100291,100,99952,100,100372,100,99944,100,100493,100,99943,100,100505,100,99937,100
2019-06-28 09:39:39.305706707,100087,59,100060,259,100104,159,100055,159,100113,159,100054,200,100117,159,99979,159,100178,159,99971,259,100182,100,99970,100,100291,100,99952,100,100372,100,99944,100,100493,100,99943,100,100505,100,99937,100
2019-06-28 09:39:40.000000000,100104,159,100060,259,100113,159,100055,159,100117,159,100054,200,100178,159,99979,159,100182,159,99971,259,100291,100,99970,100,100372,100,99952,100,100493,100,99944,100,100505,100,99943,100,100601,100,99937,100
2019-06-28 09:39:47.784819204,100104,159,100060,259,100113,159,100055,159,100117,159,100054,200,100178,159,99979,159,100182,159,99971,259,100372,100,99970,100,100411,100,99952,100,100493,100,99944,100,100505,100,99943,100,100601,100,99937,100
2019-06-28 09:39:50.000000000,100104,174,100060,274,100113,174,100055,174,100117,174,100054,215,100178,174,99979,174,100182,100,99971,200,100372,100,99970,100,100411,100,99952,100,100493,100,99944,100,100505,100,99943,100,100601,100,99937,100
2019-06-28 09:39:51.514296298,100104,174,100066,100,100113,174,100060,274,100117,174,100055,174,100178,174,100054,215,100182,100,99979,174,100372,100,99971,200,100411,100,99970,100,100493,100,99952,100,100505,100,99944,100,100601,100,99943,100
2019-06-28 09:40:00.000000000,100104,201,100066,201,100113,198,100060,298,100117,198,100055,198,100178,100,100054,141,100182,100,99979,100,100372,100,99971,200,100411,100,99970,100,100493,100,99952,100,100505,100,99944,100,100601,100,99943,100
2019-06-28 09:40:10.000000000,100104,248,100066,248,100113,248,100060,348,100117,100,100055,100,100178,100,100054,141,100182,100,99979,100,100372,100,99971,200,100411,100,99970,100,100493,100,99952,100,100505,100,99944,100,100601,100,99943,100
2019-06-28 09:40:11.815913431,100104,248,100088,100,100113,248,100066,248,100117,100,100060,348,100178,100,100055,100,100182,100,100054,141,100372,100,99979,100,100411,100,99971,200,100493,100,99970,100,100505,100,99952,100,100601,100,99944,100
2019-06-28 09:40:12.485731900,100104,148,100088,100,100113,248,100066,248,100117,100,100060,348,100178,100,100055,100,100182,100,100054,141,100372,100,99979,100,100411,100,99971,200,100493,100,99970,100,100505,100,99944,100,100601,100,99943,100
2019-06-28 09:40:17.362614948,100104,148,100088,100,100113,248,100066,248,100129,100,100060,348,100178,100,100055,100,100182,100,100054,141,100372,100,99979,100,100411,100,99971,200,100493,100,99970,100,100505,100,99944,100,100601,100,99943,100
2019-06-28 09:40:17.970937943,100104,148,100088,100,100113,248,100066,248,100178,100,100060,348,100182,100,100055,100,100282,100,100054,141,100372,100,99979,100,100411,100,99971,200,100493,100,99970,100,100505,100,99944,100,100601,100,99943,100
2019-06-28 09:40:20.000000000,100113,248,100088,248,100178,248,100066,248,100182,100,100060,200,100282,100,100055,100,100372,100,100054,141,100411,100,99979,100,100493,100,99971,200,100505,100,99970,100,100601,100,99944,100,100625,100,99943,100
2019-06-28 09:40:25.513672550,100113,248,100088,248,100178,248,100087,100,100182,100,100066,248,100282,100,100060,200,100372,100,100055,100,100411,100,100054,141,100493,100,99979,100,100505,100,99971,200,100601,100,99970,100,100625,100,99944,100
2019-06-28 09:40:30.000000000,100113,248,100088,248,100178,248,100087,248,100182,100,100066,100,100282,100,100060,200,100372,100,100055,100,100411,100,100054,141,100493,100,99979,100,100505,100,99971,200,100601,100,99970,100,100625,100,99944,100
2019-06-28 09:40:33.646382764,100113,248,100088,248,100178,248,100087,248,100182,100,100066,100,100190,100,100060,200,100282,100,100055,100,100372,100,100054,141,100411,100,99979,100,100493,100,99971,200,100505,100,99944,100,100601,100,99943,100
2019-06-28 09:40:40.000000000,100113,248,100088,248,100178,248,100087,248,100182,100,100066,100,100190,100,100060,200,100282,100,100055,100,100372,100,100054,141,100411,100,99979,100,100493,100,99971,200,100505,100,99944,100,100601,100,99943,100
2019-06-28 09:40:42.741860432,100113,248,100088,248,100159,100,100087,248,100178,248,100066,100,100182,100,100060,200,100190,100,100055,100,100282,100,100054,141,100372,100,99979,100,100411,100,99971,200,100493,100,99944,100,100601,100,99943,100
2019-06-28 09:40:50.000000000,100113,248,100088,248,100159,248,100087,248,100178,100,100066,100,100182,100,100060,200,100190,100,100055,100,100282,100,100054,141,100372,100,99979,100,100411,100,99971,200,100493,100,99944,100,100601,100,99943,100
2019-06-28 09:41:00.000000000,100113,396,100088,396,100159,100,100087,100,100178,100,100066,100,100182,100,100060,200,100190,100,100055,100,100282,100,100054,141,100372,100,99979,100,100411,100,99971,200,100493,100,99944,100,100601,100,99943,100
2019-06-28 09:41:10.000000000,100113,174,100088,174,100159,174,100087,174,100178,174,100066,174,100182,174,100060,274,100190,100,100055,100,100282,100,100054,141,100372,100,99979,100,100411,100,99971,200,100493,100,99944,100,100601,100,99943,100
2019-06-28 09:41:11.197792683,100113,174,100088,174,100159,174,100087,174,100178,174,100066,174,100182,174,100060,274,100190,100,100055,100,100282,100,100054,141,100296,100,99979,100,100372,100,99971,200,100411,100,99944,100,100493,100,99943,100
2019-06-28 09:41:11.416905895,100113,74,100088,174,100159,174,100087,174,100178,174,100066,174,100182,174,100060,274,100190,100,100055,100,100282,100,100054,141,100296,100,99979,100,100372,100,99971,200,100411,100,99944,100,100493,100,99943,100
2019-06-28 09:41:17.947854788,100159,174,100113,26,100178,174,100088,174,100182,174,100087,174,100190,100,100066,174,100282,100,100060,274,100296,100,100055,100,100372,100,100054,141,100411,100,99979,100,100493,100,99971,200,100601,100,99944,100
2019-06-28 09:41:20.000000000,100159,201,100113,127,100178,198,100088,198,100182,198,100087,198,100190,100,100066,100,100282,100,100060,200,100296,100,100055,100,100372,100,100054,141,100411,100,99979,100,100493,100,99971,200,100601,100,99944,100
2019-06-28 09:41:30.000000000,100159,174,100113,100,100178,174,100088,174,100182,174,100087,174,100190,174,100066,174,100282,100,100060,200,100296,100,100055,100,100372,100,100054,141,100411,100,99979,100,100493,100,99971,200,100601,100,99944,100
2019-06-28 09:41:40.000000000,100159,248,100113,174,100178,248,100088,248,100182,100,100087,100,100190,100,100066,100,100282,100,100060,200,100296,100,100055,100,100372,100,100054,141,100411,100,99979,100,100493,100,99971,200,100601,100,99944,100
2019-06-28 09:41:48.001935474,100159,148,100113,174,100178,248,100088,248,100182,100,100087,100,100190,100,100066,100,100282,100,100060,200,100296,100,100055,100,100372,100,100054,141,100411,100,99979,100,100493,100,99971,200,100601,100,99944,100
2019-06-28 09:41:50.000000000,100178,159,100113,85,100182,159,100088,159,100190,159,100087,159,100282,159,100066,159,100296,159,100060,259,100372,100,100055,100,100411,100,100054,141,100493,100,99979,100,100601,100,99971,200,100668,100,99944,100
2019-06-28 09:41:50.590440797,100178,159,100113,85,100182,159,100088,159,100190,159,100087,159,100282,159,100066,159,100296,159,100060,259,100372,100,100055,100,100381,100,100054,141,100411,100,99979,100,100493,100,99971,200,100601,100,99944,100
2019-06-28 09:41:50.915668276,100178,159,100113,85,100182,159,100088,159,100190,159,100087,159,100282,159,100066,159,100296,159,100060,259,100372,200,100055,100,100381,100,100054,141,100411,100,99979,100,100493,100,99971,200,100601,100,99944,100
2019-06-28 09:42:00.000000000,100178,201,100113,127,100182,198,100088,198,100190,198,100087,198,100282,100,100066,100,100296,100,100060,200,100372,200,100055,100,100381,100,100054,141,100411,100,99979,100,100493,100,99971,200,100601,100,99944,100
2019-06-28 09:42:10.000000000,100178,201,100113,127,100182,198,100088,198,100190,198,100087,198,100282,100,100066,100,100296,100,100060,200,100372,200,100055,100,100381,100,100054,141,100411,100,99979,100,100493,100,99971,200,100601,100,99944,100
2019-06-28 09:42:15.612799463,100178,201,100113,27,100182,198,100088,198,100190,198,100087,198,100282,100,100066,100,100296,100,100060,200,100372,200,100055,100,100381,100,100054,141,100411,100,99979,100,100493,100,99971,200,100601,100,99944,100
2019-06-28 09:42:20.000000000,100178,201,100088,201,100182,198,100087,198,100190,198,100066,198,100282,100,100060,200,100296,100,100055,100,100372,200,100054,141,100381,100,99979,100,100411,100,99971,200,100493,100,99944,100,100601,100,99943,100
2019-06-28 09:42:22.245609203,100178,201,100088,101,100182,198,100087,198,100190,198,100066,198,100282,100,100060,200,100296,100,100055,100,100372,200,100054,141,100381,100,99979,100,100411,100,99971,200,100493,100,99944,100,100601,100,99943,100
2019-06-28 09:42:24.580532392,100178,201,100088,1,100182,198,100087,198,100190,198,100066,198,100282,100,100060,200,100296,100,100055,100,100372,200,100054,141,100381,100,99979,100,100411,100,99971,200,100493,100,99944,100,100601,100,99943,100
2019-06-28 09:42:26.610288026,100178,201,100088,1,100182,198,100087,198,100190,198,100066,198,100282,100,100060,200,100296,100,100055,100,100372,200,100054,141,100381,100,99979,100,100411,100,99971,200,100493,100,99944,100,100601,100,99943,100
2019-06-28 09:42:30.000000000,100178,248,100087,248,100182,248,100066,248,100190,100,100060,200,100282,100,100055,100,100296,100,100054,141,100372,200,99979,100,100381,100,99971,200,100411,100,99944,100,100493,100,99943,100,100601,100,99895,100
2019-06-28 09:42:40.000000000,100178,201,100087,201,100182,198,100066,198,100190,198,100060,298,100282,100,100055,100,100296,100,100054,141,100372,200,99979,100,100381,100,99971,200,100411,100,99944,100,100493,100,99943,100,100601,100,99895,100
2019-06-28 09:42:47.736047315,100178,201,100087,101,100182,198,100066,198,100190,198,100060,298,100282,100,100055,100,100296,100,100054,141,100372,200,99979,100,100381,100,99971,200,100411,100,99944,100,100493,100,99943,100,100601,100,99895,100
2019-06-28 09:42:48.536229160,100178,201,100087,1,100182,198,100066,198,100190,198,100060,298,100282,100,100055,100,100296,100,100054,141,100372,200,99979,100,100381,100,99971,200,100411,100,99944,100,100493,100,99943,100,100601,100,99895,100
2019-06-28 09:42:50.000000000,100178,396,100066,396,100182,100,100060,200,100190,100,100055,100,100282,100,100054,141,100296,100,99979,100,100372,200,99971,200,100381,100,99944,100,100411,100,99943,100,100493,100,99895,100,100601,100,99889,100
2019-06-28 09:43:00.000000000,100178,174,100066,174,100182,174,100060,274,100190,174,100055,174,100282,174,100054,215,100296,100,99979,100,100372,200,99971,200,100381,100,99944,100,100411,100,99943,100,100493,100,99895,100,100601,100,99889,100
2019-06-28 09:43:04.425134818,100178,174,100066,174,100182,174,100060,274,100190,174,100055,174,100282,174,100054,215,100296,100,99979,100,100372,200,99971,200,100381,100,99944,100,100411,100,99943,100,100493,100,99895,100,100601,100,99889,100
2019-06-28 09:43:10.000000000,100178,396,100066,396,100182,100,100060,200,100190,100,100055,100,100282,100,100054,141,100296,100,99979,100,100372,200,99971,200,100381,100,99944,100,100411,100,99943,100,100493,100,99895,100,100601,100,99889,100
2019-06-28 09:43:16.456246342,100178,396,100066,296,100182,100,100060,200,100190,100,100055,100,100282,100,100054,141,100296,100,99979,100,100372,200,99971,200,100381,100,99944,100,100411,100,99943,100,100493,100,99895,100,100601,100,99889,100
2019-06-28 09:43:17.566533692,100178,396,100066,296,100182,100,100060,200,100190,100,100055,100,100282,100,100054,141,100296,100,99979,100,100372,200,99971,200,100381,100,99944,100,100411,100,99943,100,100493,100,99895,100,100601,100,99889,100
2019-06-28 09:43:20.000000000,100178,396,100060,496,100182,100,100055,100,100190,100,100054,141,100282,100,99979,100,100296,100,99971,200,100372,200,99944,100,100381,100,99943,100,100411,100,99895,100,100493,100,99889,100,100601,100,99884,100
2019-06-28 09:43:30.000000000,100178,201,100060,301,100182,198,100055,198,100190,198,100054,239,100282,100,99979,100,100296,100,99971,200,100372,200,99944,100,100381,100,99943,100,100411,100,99895,100,100493,100,99889,100,100601,100,99884,100
2019-06-28 09:43:40.000000000,100178,174,100060,274,100182,174,100055,174,100190,174,100054,215,100282,174,99979,174,100296,100,99971,200,100372,200,99944,100,100381,100,99943,100,100411,100,99895,100,100493,100,99889,100,100601,100,99884,100
2019-06-28 09:43:48.349275869,100087,100,100060,274,100178,174,100055,174,100182,174,100054,215,100190,174,99979,174,100282,174,99971,200,100296,100,99944,100,100372,200,99895,100,100381,100,99889,100,100411,100,99884,100,100493,100,99816,100
2019-06-28 09:43:50.000000000,100087,201,100060,301,100178,198,100055,198,100182,198,100054,239,100190,100,99979,100,100282,100,99971,200,100296,100,99944,100,100372,200,99895,100,100381,100,99889,100,100411,100,99884,100,100493,100,99816,100
2019-06-28 09:44:00.000000000,100087,248,100060,348,100178,248,100055,248,100182,100,100054,141,100190,100,99979,100,100282,100,99971,200,100296,100,99944,100,100372,200,99895,100,100381,100,99889,100,100411,100,99884,100,100493,100,99816,100
2019-06-28 09:44:10.000000000,100087,396,100060,496,100178,100,100055,100,100182,100,100054,141,100190,100,99979,100,100282,100,99971,200,100296,100,99944,100,100372,200,99895,100,100381,100,99889,100,100411,100,99884,100,100493,100,99816,100
2019-06-28 09:44:20.000000000,100087,174,100060,274,100178,174,100055,174,100182,174,100054,215,100190,174,99979,174,100282,100,99971,200,100296,100,99944,100,100372,200,99895,100,100381,100,99889,100,100411,100,99884,100,100493,100,99816,100
2019-06-28 09:44:22.396345169,100087,274,100060,274,100178,174,100055,174,100182,174,100054,215,100190,174,99979,174,100282,100,99971,200,100296,100,99944,100,100372,200,99895,100,100381,100,99889,100,100411,100,99884,100,100493,100,99816,100
2019-06-28 09:44:30.000000000,100087,496,100060,496,100178,100,100055,100,100182,100,100054,141,100190,100,99979,100,100282,100,99971,200,100296,100,99944,100,100372,200,99895,100,100381,100,99889,100,100411,100,99884,100,100493,100,99816,100
2019-06-28 09:44:31.731998155,100087,496,100060,396,100178,100,100055,100,100182,100,100054,141,100190,100,99979,100,100282,100,99971,200,100296,100,99944,100,100372,200,99895,100,100381,100,99889,100,100411,100,99884,100,100493,100,99816,100
2019-06-28 09:44:40.000000000,100087,348,100060,248,100178,248,100055,248,100182,100,100054,141,100190,100,99979,100,100282,100,99971,200,100296,100,99944,100,100372,200,99895,100,100381,100,99889,100,100411,100,99884,100,100493,100,99816,100
2019-06-28 09:44:45.960222047,100087,348,100060,148,100178,248,100055,248,100182,100,100054,141,100190,100,99979,100,100282,100,99971,200,100296,100,99944,100,100372,200,99895,100,100381,100,99889,100,100411,100,99884,100,100493,100,99816,100
2019-06-28 09:44:47.415444713,100087,348,100060,148,100178,248,100055,248,100182,100,100054,141,100190,100,99979,100,100282,100,99971,200,100296,100,99944,100,100372,200,99889,100,100381,100,99884,100,100411,100,99816,100,100493,100,99812,100
2019-06-28 09:44:50.000000000,100087,496,100055,396,100178,100,100054,141,100182,100,99979,100,100190,100,99971,200,100282,100,99944,100,100296,100,99889,100,100372,200,99884,100,100381,100,99816,100,100411,100,99812,100,100493,100,99790,100
2019-06-28 09:44:55.342260002,100087,496,100055,396,100178,100,100054,141,100182,100,99979,100,100190,100,99971,200,100296,100,99944,100,100372,200,99889,100,100381,100,99884,100,100411,100,99816,100,100493,100,99812,100,100601,100,99790,100
2019-06-28 09:45:00.000000000,100087,274,100055,174,100178,174,100054,215,100182,174,99979,174,100190,174,99971,274,100296,100,99944,100,100372,200,99889,100,100381,100,99884,100,100411,100,99816,100,100493,100,99812,100,100601,100,99790,100
2019-06-28 09:45:10.000000000,100087,301,100055,201,100178,198,100054,239,100182,198,99979,198,100190,100,99971,200,100296,100,99944,100,100372,200,99889,100,100381,100,99884,100,100411,100,99816,100,100493,100,99812,100,100601,100,99790,100
2019-06-28 09:45:17.837134074,100087,301,100055,101,100178,198,100054,239,100182,198,99979,198,100190,100,99971,200,100296,100,99944,100,100372,200,99889,100,100381,100,99884,100,100411,100,99816,100,100493,100,99812,100,100601,100,99790,100
2019-06-28 09:45:18.840326308,100087,301,100055,101,100178,198,100054,239,100182,198,99979,198,100190,100,99971,200,100296,100,99944,100,100372,200,99889,100,100381,100,99884,100,100411,100,99872,100,100493,100,99816,100,100601,100,99812,100
2019-06-28 09:45:19.709695584,100087,301,100055,101,100178,198,100054,239,100182,198,99979,198,100190,100,99971,200,100296,100,99944,100,100372,200,99889,100,100381,100,99884,100,100411,100,99872,100,100493,100,99816,100,100601,100,99812,100
2019-06-28 09:45:20.000000000,100087,496,100054,437,100178,100,99979,100,100182,100,99971,200,100190,100,99944,100,100296,100,99889,100,100372,200,99884,100,100381,100,99872,100,100411,100,99816,100,100493,100,99812,100,100601,100,99790,100
2019-06-28 09:45:23.738372742,100087,496,100054,437,100090,100,99979,100,100178,100,99971,200,100182,100,99944,100,100190,100,99889,100,100372,200,99884,100,100381,100,99872,100,100411,100,99816,100,100493,100,99812,100,100601,100,99790,100
2019-06-28 09:45:25.576412428,100060,100,100054,437,100087,496,99979,100,100090,100,99971,200,100178,100,99944,100,100182,100,99889,100,100190,100,99884,100,100372,200,99872,100,100381,100,99816,100,100411,100,99812,100,100493,100,99790,100
2019-06-28 09:45:30.000000000,100060,159,100054,200,100087,259,99979,159,100090,159,99971,259,100178,159,99944,159,100182,159,99889,159,100190,100,99884,100,100372,200,99872,100,100381,100,99816,100,100411,100,99812,100,100493,100,99790,100
2019-06-28 09:45:40.000000000,100060,201,100054,242,100087,298,99979,198,100090,198,99971,298,100178,100,99944,100,100182,100,99889,100,100190,100,99884,100,100372,200,99872,100,100381,100,99816,100,100411,100,99812,100,100493,100,99790,100
2019-06-28 09:45:40.957279857,100060,101,100054,242,100087,298,99979,198,100090,198,99971,298,100178,100,99944,100,100182,100,99889,100,100190,100,99884,100,100372,200,99872,100,100381,100,99816,100,100411,100,99812,100,100493,100,99790,100
2019-06-28 09:45:50.000000000,100087,259,100054,200,100090,159,99979,159,100178,159,99971,259,100182,159,99944,159,100190,159,99889,159,100372,200,99884,100,100381,100,99872,100,100411,100,99816,100,100493,100,99812,100,100601,100,99790,100
2019-06-28 09:46:00.000000000,100087,496,100054,437,100090,100,99979,100,100178,100,99971,200,100182,100,99944,100,100190,100,99889,100,100372,200,99884,100,100381,100,99872,100,100411,100,99816,100,100493,100,99812,100,100601,100,99790,100
2019-06-28 09:46:10.000000000,100087,348,100054,289,100090,248,99979,248,100178,100,99971,200,100182,100,99944,100,100190,100,99889,100,100372,200,99884,100,100381,100,99872,100,100411,100,99816,100,100493,100,99812,100,100601,100,99790,100
2019-06-28 09:46:20.000000000,100087,274,100054,215,100090,174,99979,174,100178,174,99971,274,100182,174,99944,174,100190,100,99889,100,100372,200,99884,100,100381,100,99872,100,100411,100,99816,100,100493,100,99812,100,100601,100,99790,100
2019-06-28 09:46:28.940242869,100087,274,100056,100,100090,174,100054,215,100178,174,99979,174,100182,174,99971,274,100190,100,99944,174,100372,200,99889,100,100381,100,99884,100,100411,100,99872,100,100493,100,99816,100,100601,100,99812,100
2019-06-28 09:46:30.000000000,100087,496,100056,396,100090,100,100054,141,100178,100,99979,100,100182,100,99971,200,100190,100,99944,100,100372,200,99889,100,100381,100,99884,100,100411,100,99872,100,100493,100,99816,100,100601,100,99812,100
2019-06-28 09:46:40.000000000,100087,259,100056,159,100090,159,100054,200,100178,159,99979,159,100182,159,99971,259,100190,159,99944,159,100372,200,99889,100,100381,100,99884,100,100411,100,99872,100,100493,100,99816,100,100601,100,99812,100
2019-06-28 09:46:50.000000000,100087,496,100056,396,100090,100,100054,141,100178,100,99979,100,100182,100,99971,200,100190,100,99944,100,100372,200,99889,100,100381,100,99884,100,100411,100,99872,100,100493,100,99816,100,100601,100,99812,100
2019-06-28 09:47:00.000000000,100087,274,100056,174,100090,174,100054,215,100178,174,99979,174,100182,174,99971,274,100190,100,99944,100,100372,200,99889,100,100381,100,99884,100,100411,100,99872,100,100493,100,99816,100,100601,100,99812,100
2019-06-28 09:47:01.727817792,100087,174,100056,174,100090,174,100054,215,100178,174,99979,174,100182,174,99971,274,100190,100,99944,100,100372,200,99889,100,100381,100,99884,100,100411,100,99872,100,100493,100,99816,100,100601,100,99812,100
2019-06-28 09:47:10.000000000,100087,248,100056,248,100090,248,100054,289,100178,100,99979,100,100182,100,99971,200,100190,100,99944,100,100372,200,99889,100,100381,100,99884,100,100411,100,99872,100,100493,100,99816,100,100601,100,99812,100
2019-06-28 09:47:10.905351507,100087,148,100056,248,100090,248,100054,289,100178,100,99979,100,100182,100,99971,200,100190,100,99944,100,100372,200,99889,100,100381,100,99884,100,100411,100,99816,100,100493,100,99812,100,100601,100,99790,100
2019-06-28 09:47:17.801398145,100087,48,100056,248,100090,248,100054,289,100178,100,99979,100,100182,100,99971,200,100190,100,99944,100,100372,200,99889,100,100381,100,99884,100,100411,100,99816,100,100493,100,99812,100,100601,100,99790,100
2019-06-28 09:47:20.000000000,100090,248,100056,248,100178,248,100054,289,100182,100,99979,100,100190,100,99971,200,100372,200,99944,100,100381,100,99889,100,100411,100,99884,100,100493,100,99816,100,100601,100,99812,100,100781,100,99790,100
2019-06-28 09:47:30.000000000,100090,159,100056,159,100178,159,100054,200,100182,159,99979,159,100190,159,99971,259,100372,259,99944,159,100381,100,99889,100,100411,100,99884,100,100493,100,99816,100,100601,100,99812,100,100781,100,99790,100
2019-06-28 09:47:40.000000000,100090,248,100056,248,100178,248,100054,289,100182,100,99979,100,100190,100,99971,200,100372,200,99944,100,100381,100,99889,100,100411,100,99884,100,100493,100,99816,100,100601,100,99812,100,100781,100,99790,100
2019-06-28 09:47:44.428890487,100090,248,100056,248,100178,248,100054,289,100182,100,99979,100,100190,100,99971,200,100372,200,99944,100,100381,100,99889,100,100411,100,99884,100,100493,100,99816,100,100601,100,99812,100,100781,100,99790,100
2019-06-28 09:47:45.527377851,100090,248,100056,248,100178,248,100054,289,100182,100,99979,100,100190,100,99971,200,100372,200,99944,100,100381,100,99889,100,100411,100,99884,100,100493,100,99816,100,100601,100,99812,100,100870,100,99790,100
2019-06-28 09:47:50.000000000,100090,174,100056,174,100178,174,100054,215,100182,174,99979,174,100190,174,99971,274,100372,200,99944,100,100381,100,99889,100,100411,100,99884,100,100493,100,99816,100,100601,100,99812,100,100870,100,99790,100
2019-06-28 09:48:00.000000000,100090,159,100056,159,100178,159,100054,200,100182,159,99979,159,100190,159,99971,259,100372,259,99944,159,100381,100,99889,100,100411,100,99884,100,100493,100,99816,100,100601,100,99812,100,100870,100,99790,100
2019-06-28 09:48:06.995177856,100090,159,100056,159,100178,159,100054,200,100182,159,99979,159,100190,159,99971,259,100372,259,99944,159,100381,100,99889,100,100411,100,99884,100,100493,100,99816,100,100601,100,99812,100,100870,100,99790,100
2019-06-28 09:48:10.000000000,100090,174,100056,174,100178,174,100054,215,100182,174,99979,174,100190,174,99971,274,100372,200,99944,100,100381,100,99889,100,100411,100,99884,100,100493,100,99816,100,100601,100,99812,100,100870,100,99790,100
2019-06-28 09:48:20.000000000,100090,396,100056,396,100178,100,100054,141,100182,100,99979,100,100190,100,99971,200,100372,200,99944,100,100381,100,99889,100,100411,100,99884,100,100493,100,99816,100,100601,100,99812,100,100870,100,99790,100
2019-06-28 09:48:21.296817016,100090,296,100056,396,100178,100,100054,141,100182,100,99979,100,100190,100,99971,200,100372,200,99944,100,100381,100,99889,100,100411,100,99884,100,100493,100,99816,100,100601,100,99812,100,100870,100,99790,100
2019-06-28 09:48:30.000000000,100178,201,100056,201,100182,198,100054,239,100190,198,99979,198,100372,200,99971,200,100381,100,99944,100,100411,100,99889,100,100493,100,99884,100,100601,100,99816,100,100870,100,99812,100,101124,100,99790,100
2019-06-28 09:48:36.011533879,100178,101,100056,201,100182,198,100054,239,100190,198,99979,198,100372,200,99971,200,100381,100,99944,100,100411,100,99889,100,100493,100,99884,100,100601,100,99816,100,100870,100,99812,100,101124,100,99790,100
2019-06-28 09:48:40.000000000,100182,396,100056,396,100190,100,100054,141,100372,200,99979,100,100381,100,99971,200,100411,100,99944,100,100493,100,99889,100,100601,100,99884,100,100870,100,99816,100,101124,100,99812,100,101283,100,99790,100
2019-06-28 09:48:41.995881498,100182,296,100056,396,100190,100,100054,100,100372,200,99979,100,100381,100,99971,200,100411,100,99944,100,100493,100,99889,100,100601,100,99884,100,100870,100,99816,100,101124,100,99812,100,101283,100,99790,100
2019-06-28 09:48:50.000000000,100190,201,100056,201,100372,298,100054,198,100381,198,99979,198,100411,100,99971,200,100493,100,99944,100,100601,100,99889,100,100870,100,99884,100,101124,100,99816,100,101283,100,99812,100,101368,100,99790,100
2019-06-28 09:48:55.302958023,100190,101,100056,201,100372,298,100054,198,100381,198,99979,198,100411,100,99971,200,100493,100,99944,100,100601,100,99889,100,100870,100,99884,100,101124,100,99816,100,101283,100,99812,100,101368,100,99790,100
2019-06-28 09:49:00.000000000,100372,259,100056,159,100381,159,100054,159,100411,159,99979,159,100493,159,99971,259,100601,159,99944,159,100870,100,99889,100,101124,100,99884,100,101283,100,99816,100,101368,100,99812,100,,,99790,100
2019-06-28 09:49:02.136114609,100372,159,100056,159,100381,159,100054,159,100411,159,99979,159,100493,159,99971,259,100601,159,99944,159,100870,100,99889,100,101124,100,99884,100,101283,100,99816,100,101368,100,99812,100,,,99790,100
2019-06-28 09:49:10.000000000,100372,248,100056,248,100381,248,100054,248,100411,100,99979,100,100493,100,99971,200,100601,100,99944,100,100870,100,99889,100,101124,100,99884,100,101283,100,99816,100,101368,100,99812,100,,,99790,100
2019-06-28 09:49:10.106523152,100372,148,100056,248,100381,248,100054,248,100411,100,99979,100,100493,100,99971,200,100601,100,99944,100,100870,100,99889,100,101124,100,99884,100,101283,100,99816,100,,,99812,100,,,99790,100
2019-06-28 09:49:15.715068021,100372,48,100056,248,100381,248,100054,248,100411,100,99979,100,100493,100,99971,200,100601,100,99944,100,100870,100,99889,100,101124,100,99884,100,101283,100,99816,100,,,99812,100,,,99790,100
2019-06-28 09:49:20.000000000,100381,159,100056,159,100411,159,100054,159,100493,159,99979,159,100601,159,99971,259,100870,159,99944,159,101124,100,99889,100,101283,100,99884,100,,,99816,100,,,99812,100,,,99790,100
2019-06-28 09:49:29.215701053,100381,59,100056,159,100411,159,100054,159,100493,159,99979,159,100601,159,99971,259,100870,159,99944,159,101124,100,99889,100,101283,100,99884,100,,,99816,100,,,99812,100,,,99790,100
2019-06-28 09:49:30.000000000,100411,248,100056,248,100493,248,100054,248,100601,100,99979,100,100870,100,99971,200,101124,100,99944,100,101283,100,99889,100,,,99884,100,,,99816,100,,,99812,100,,,99790,100
2019-06-28 09:49:40.000000000,100411,174,100056,174,100493,174,100054,174,100601,174,99979,174,100870,174,99971,274,101124,100,99944,100,101283,100,99889,100,,,99884,100,,,99816,100,,,99812,100,,,99790,100
2019-06-28 09:49:41.842972669,100411,74,100056,174,100493,174,100054,174,100601,174,99979,174,100870,174,99971,274,101124,100,99944,100,101283,100,99889,100,,,99884,100,,,99816,100,,,99812,100,,,99790,100
2019-06-28 09:49:50.000000000,100493,159,100056,159,100601,159,100054,159,100870,159,99979,159,101124,159,99971,259,101283,159,99944,159,,,99889,100,,,99884,100,,,99816,100,,,99812,100,,,99790,100
2019-06-28 09:50:00.000000000,100493,396,100056,396,100601,100,100054,100,100870,100,99979,100,101124,100,99971,200,101283,100,99944,100,,,99889,100,,,99884,100,,,99816,100,,,99812,100,,,99790,100
2019-06-28 09:50:09.594323350,100493,296,100056,396,100601,100,100054,100,100870,100,99979,100,101124,100,99971,200,101283,100,99944,100,,,99889,100,,,99884,100,,,99816,100,,,99812,100,,,99790,100
2019-06-28 09:50:10.000000000,100601,396,100056,396,100870,100,100054,100,101124,100,99979,100,101283,100,99971,200,,,99944,100,,,99889,100,,,99884,100,,,99816,100,,,99812,100,,,99790,100
2019-06-28 09:50:20.000000000,100601,159,100056,159,100870,159,100054,159,101124,159,99979,159,101283,159,99971,259,101284,59,99944,159,,,99889,100,,,99884,100,,,99816,100,,,99812,100,,,99790,100
2019-06-28 09:50:20.334201553,100601,59,100056,159,100870,159,100054,159,101124,159,99979,159,101283,159,99971,259,101284,59,99944,159,,,99889,100,,,99884,100,,,99816,100,,,99812,100,,,99790,100
2019-06-28 09:50:25.937374198,100870,159,100601,41,101124,159,100056,159,101283,159,100054,159,101284,59,99979,159,,,99971,259,,,99944,159,,,99889,100,,,99884,100,,,99816,100,,,99812,100
2019-06-28 09:50:30.000000000,100870,159,100601,100,101124,159,100056,159,101283,159,100054,159,101284,59,99979,159,,,99971,259,,,99944,100,,,99889,100,,,99884,100,,,99816,100,,,99812,100
2019-06-28 09:50:32.708206043,100870,59,100601,59,101124,159,100056,159,101283,159,100054,159,101284,59,99979,159,,,99971,259,,,99944,100,,,99889,100,,,99884,100,,,99816,100,,,99812,100
2019-06-28 09:50:40.000000000,101124,248,100056,248,101283,248,100054,248,,,99979,100,,,99971,200,,,99944,100,,,99889,100,,,99884,100,,,99816,100,,,99812,100,,,99790,100
2019-06-28 09:50:50.000000000,101124,159,100056,159,101283,159,100054,159,101284,59,99979,159,,,99971,259,,,99944,159,,,99889,100,,,99884,100,,,99816,100,,,99812,100,,,99790,100
2019-06-28 09:51:00.000000000,101124,201,100056,201,101283,198,100054,198,101284,98,99979,198,,,99971,200,,,99944,100,,,99889,100,,,99884,100,,,99816,100,,,99812,100,,,99790,100
2019-06-28 09:51:10.000000000,101124,248,100056,248,101283,248,100054,248,,,99979,100,,,99971,200,,,99944,100,,,99889,100,,,99884,100,,,99816,100,,,99812,100,,,99790,100
2019-06-28 09:51:20.000000000,101124,248,100056,248,101283,248,100054,248,,,99979,100,,,99971,200,,,99944,100,,,99889,100,,,99884,100,,,99816,100,,,99812,100,,,99790,100
2019-06-28 09:51:23.726468211,101124,248,100056,248,101283,248,100054,248,,,99979,100,,,99971,200,,,99944,100,,,99899,100,,,99889,100,,,99884,100,,,99816,100,,,99812,100
2019-06-28 09:51:25.758680510,100869,100,100056,248,101124,248,100054,248,101283,248,99979,100,,,99971,200,,,99944,100,,,99899,100,,,99889,100,,,99884,100,,,99816,100,,,99812,100
2019-06-28 09:51:29.969568634,100165,100,100056,248,100869,100,100054,248,101124,248,99979,100,101283,248,99971,200,,,99944,100,,,99899,100,,,99889,100,,,99884,100,,,99816,100,,,99812,100
2019-06-28 09:51:30.000000000,100165,248,100056,248,100869,248,100054,248,101124,100,99979,100,101283,100,99971,200,,,99944,100,,,99899,100,,,99889,100,,,99884,100,,,99816,100,,,99812,100
2019-06-28 09:51:40.000000000,100165,174,100056,174,100869,174,100054,174,101124,174,99979,174,101283,174,99971,274,,,99944,100,,,99899,100,,,99889,100,,,99884,100,,,99816,100,,,99812,100
2019-06-28 09:51:50.000000000,100165,159,100056,159,100869,159,100054,159,101124,159,99979,159,101283,159,99971,259,101284,59,99944,159,,,99899,100,,,99889,100,,,99884,100,,,99816,100,,,99812,100
2019-06-28 09:51:52.450926677,100165,159,100056,159,100869,159,100054,159,101124,159,99979,159,101283,159,99971,259,101284,59,99944,159,,,99899,100,,,99889,100,,,99884,100,,,99816,100,,,99812,100
2019-06-28 09:52:00.000000000,100165,396,100056,396,100869,100,100054,100,101124,100,99979,100,101283,100,99971,200,,,99944,100,,,99899,100,,,99889,100,,,99884,100,,,99816,100,,,99812,100
2019-06-28 09:52:06.480866175,100165,396,100056,396,100869,100,100054,100,101124,100,99979,100,101283,100,99971,200,,,99944,100,,,99899,100,,,99889,100,,,99884,100,,,99816,100,,,99812,100
2019-06-28 09:52:10.000000000,100165,248,100056,248,100869,248,100054,248,101124,100,99979,100,101283,100,99971,200,,,99944,100,,,99899,100,,,99889,100,,,99884,100,,,99816,100,,,99812,100
2019-06-28 09:52:20.000000000,100165,248,100056,248,100869,248,100054,248,101124,100,99979,100,101283,100,99971,200,,,99944,100,,,99899,100,,,99889,100,,,99884,100,,,99816,100,,,99812,100
2019-06-28 09:52:24.340676396,100165,248,100056,148,100869,248,100054,248,101124,100,99979,100,101283,100,99971,200,,,99944,100,,,99899,100,,,99889,100,,,99884,100,,,99816,100,,,99812,100
2019-06-28 09:52:30.000000000,100165,159,100054,159,100869,159,99979,159,101124,159,99971,259,101283,159,99944,159,101284,59,99899,159,,,99889,100,,,99884,100,,,99816,100,,,99812,100,,,99790,100
2019-06-28 09:52:40.000000000,100165,159,100054,159,100869,159,99979,159,101124,159,99971,259,101283,159,99944,159,101284,59,99899,159,,,99889,100,,,99884,100,,,99816,100,,,99812,100,,,99790,100
2019-06-28 09:52:50.000000000,100165,396,100054,396,100869,100,99979,100,101124,100,99971,200,101283,100,99944,100,,,99899,100,,,99889,100,,,99884,100,,,99816,100,,,99812,100,,,99790,100
2019-06-28 09:53:00.000000000,100165,396,100054,396,100869,100,99979,100,101124,100,99971,200,101283,100,99944,100,,,99899,100,,,99889,100,,,99884,100,,,99816,100,,,99812,100,,,99790,100
2019-06-28 09:53:10.000000000,100165,159,100054,159,100869,159,99979,159,101124,159,99971,259,101283,159,99944,159,101284,59,99899,159,,,99889,100,,,99884,100,,,99816,100,,,99812,100,,,99790,100
2019-06-28 09:53:20.000000000,100165,248,100054,248,100869,248,99979,248,101124,100,99971,200,101283,100,99944,100,,,99899,100,,,99889,100,,,99884,100,,,99816,100,,,99812,100,,,99790,100
2019-06-28 09:53:23.000940710,100165,248,100054,148,100869,248,99979,248,101124,100,99971,200,101283,100,99944,100,,,99899,100,,,99889,100,,,99884,100,,,99816,100,,,99790,100,,,99778,100
2019-06-28 09:53:30.000000000,100165,396,99979,396,100869,100,99971,200,101124,100,99944,100,101283,100,99899,100,,,99889,100,,,99884,100,,,99816,100,,,99790,100,,,99778,100,,,99759,100
2019-06-28 09:53:40.000000000,100165,396,99979,396,100869,100,99971,200,101124,100,99944,100,101283,100,99899,100,,,99889,100,,,99884,100,,,99816,100,,,99790,100,,,99778,100,,,99759,100
2019-06-28 09:53:50.000000000,100165,174,99979,174,100869,174,99971,274,101124,174,99944,174,101283,174,99899,174,,,99889,100,,,99884,100,,,99816,100,,,99790,100,,,99778,100,,,99759,100
2019-06-28 09:53:58.643835427,100165,174,99979,174,100869,174,99971,274,101124,174,99944,174,101283,174,99899,174,,,99889,100,,,99884,100,,,99816,100,,,99790,100,,,99778,100,,,99759,100
2019-06-28 09:54:00.000000000,100165,174,99979,174,100869,174,99971,274,101124,174,99944,174,101283,174,99899,174,,,99889,100,,,99884,100,,,99816,100,,,99790,100,,,99778,100,,,99759,100
2019-06-28 09:54:03.822763869,100165,174,99979,174,100869,174,99971,174,101124,174,99944,174,101283,174,99899,174,,,99889,100,,,99884,100,,,99816,100,,,99790,100,,,99778,100,,,99759,100
2019-06-28 09:54:10.000000000,100165,201,99979,201,100869,198,99971,198,101124,198,99944,198,101283,100,99899,100,,,99889,100,,,99884,100,,,99816,100,,,99790,100,,,99778,100,,,99759,100
2019-06-28 09:54:20.000000000,100165,248,99979,248,100869,248,99971,248,101124,100,99944,100,101283,100,99899,100,,,99889,100,,,99884,100,,,99816,100,,,99790,100,,,99778,100,,,99759,100
2019-06-28 09:54:30.000000000,100165,248,99979,248,100869,248,99971,248,101124,100,99944,100,101283,100,99899,100,,,99889,100,,,99884,100,,,99816,100,,,99790,100,,,99778,100,,,99759,100
2019-06-28 09:54:40.000000000,100165,396,99979,396,100869,100,99971,100,101124,100,99944,100,101283,100,99899,100,,,99889,100,,,99884,100,,,99816,100,,,99790,100,,,99778,100,,,99759,100
2019-06-28 09:54:50.000000000,100165,201,99979,201,100869,198,99971,198,101124,198,99944,198,101283,100,99899,100,,,99889,100,,,99884,100,,,99816,100,,,99790,100,,,99778,100,,,99759,100
2019-06-28 09:54:56.958585163,100165,201,99979,201,100869,198,99971,198,101124,198,99944,198,101283,100,99899,100,,,99889,100,,,99884,100,,,99816,100,,,99790,100,,,99778,100,,,99759,100
2019-06-28 09:55:00.000000000,100165,174,99979,174,100869,174,99971,174,101124,174,99944,174,101283,174,99899,174,,,99889,100,,,99884,100,,,99816,100,,,99790,100,,,99778,100,,,99759,100
2019-06-28 09:55:06.194472803,100056,100,99979,174,100165,174,99971,174,100869,174,99944,74,101124,174,99899,174,101283,174,99889,100,,,99884,100,,,99816,100,,,99790,100,,,99778,100,,,99759,100
2019-06-28 09:55:10.000000000,100056,248,99979,248,100165,248,99971,248,100869,100,99899,100,101124,100,99889,100,101283,100,99884,100,,,99816,100,,,99790,100,,,99778,100,,,99759,100,,,99606,100
2019-06-28 09:55:20.000000000,100056,159,99979,159,100165,159,99971,159,100869,159,99899,159,101124,159,99889,159,101283,159,99884,159,,,99816,100,,,99790,100,,,99778,100,,,99759,100,,,99606,100
2019-06-28 09:55:30.000000000,100056,248,99979,248,100165,248,99971,248,100869,100,99899,100,101124,100,99889,100,101283,100,99884,100,,,99816,100,,,99790,100,,,99778,100,,,99759,100,,,99606,100
2019-06-28 09:55:40.000000000,100056,174,99979,174,100165,174,99971,174,100869,174,99899,174,101124,174,99889,174,101283,100,99884,100,,,99816,100,,,99790,100,,,99778,100,,,99759,100,,,99606,100
2019-06-28 09:55:41.414859123,100056,274,99979,174,100165,174,99971,174,100869,174,99899,174,101124,174,99889,174,101283,100,99884,100,,,99816,100,,,99790,100,,,99778,100,,,99759,100,,,99606,100
2019-06-28 09:55:50.000000000,100056,274,99979,174,100165,174,99971,174,100869,174,99899,174,101124,174,99889,174,101283,100,99884,100,,,99816,100,,,99790,100,,,99778,100,,,99759,100,,,99606,100
2019-06-28 09:55:50.146342191,100056,274,99979,74,100165,174,99971,174,100869,174,99899,174,101124,174,99889,174,101283,100,99884,100,,,99816,100,,,99790,100,,,99778,100,,,99759,100,,,99606,100
2019-06-28 09:56:00.000000000,100056,301,99971,201,100165,198,99899,198,100869,198,99889,198,101124,100,99884,100,101283,100,99816,100,,,99790,100,,,99778,100,,,99759,100,,,99606,100,,,99432,100
2019-06-28 09:56:03.098885925,100054,100,99971,201,100056,301,99899,198,100165,198,99889,198,100869,198,99884,100,101124,100,99816,100,101283,100,99790,100,,,99778,100,,,99759,100,,,99606,100,,,99432,100
2019-06-28 09:56:10.000000000,100054,396,99971,396,100056,200,99899,100,100165,100,99889,100,100869,100,99884,100,101124,100,99816,100,101283,100,99790,100,,,99778,100,,,99759,100,,,99606,100,,,99432,100
2019-06-28 09:56:10.048231420,100054,496,99971,396,100056,200,99899,100,100165,100,99889,100,100869,100,99884,100,101124,100,99816,100,101283,100,99790,100,,,99778,100,,,99759,100,,,99606,100,,,99432,100
2019-06-28 09:56:10.268111802,100054,496,99971,296,100056,200,99899,100,100165,100,99889,100,100869,100,99884,100,101124,100,99816,100,101283,100,99790,100,,,99778,100,,,99759,100,,,99606,100,,,99432,100
2019-06-28 09:56:15.998812783,99979,100,99971,296,100054,496,99899,100,100056,200,99889,100,100165,100,99884,100,100869,100,99816,100,101124,100,99790,100,101283,100,99778,100,,,99759,100,,,99606,100,,,99432,100
2019-06-28 09:56:20.000000000,99979,248,99899,248,100054,348,99889,248,100056,200,99884,100,100165,100,99816,100,100869,100,99790,100,101124,100,99778,100,101283,100,99759,100,,,99606,100,,,99432,100,,,99419,100
2019-06-28 09:56:25.678339256,99979,248,99899,248,100054,348,99889,248,100056,200,99884,100,100165,100,99816,100,100869,100,99790,100,101124,100,99778,100,101283,100,99759,100,,,99606,100,,,99432,100,,,99419,100
2019-06-28 09:56:30.000000000,99979,396,99899,396,100054,200,99889,100,100056,200,99884,100,100165,100,99816,100,100869,100,99790,100,101124,100,99778,100,101283,100,99759,100,,,99606,100,,,99432,100,,,99419,100
2019-06-28 09:56:38.066833107,99979,396,99899,396,100054,200,99889,100,100056,200,99884,100,100165,100,99816,100,100869,100,99790,100,101124,100,99778,100,101283,100,99759,100,,,99606,100,,,99461,100,,,99432,100
2019-06-28 09:56:40.000000000,99979,174,99899,174,100054,274,99889,174,100056,274,99884,174,100165,174,99816,174,100869,100,99790,100,101124,100,99778,100,101283,100,99759,100,,,99606,100,,,99461,100,,,99432,100
2019-06-28 09:56:46.931201795,99979,174,99899,74,100054,274,99889,174,100056,274,99884,174,100165,174,99816,174,100869,100,99790,100,101124,100,99778,100,101283,100,99759,100,,,99606,100,,,99461,100,,,99432,100
2019-06-28 09:56:50.000000000,99979,159,99889,159,100054,259,99884,159,100056,259,99816,159,100165,159,99790,159,100869,159,99778,159,101124,100,99759,100,101283,100,99606,100,,,99461,100,,,99432,100,,,99419,100
2019-06-28 09:57:00.000000000,99979,159,99889,159,100054,259,99884,159,100056,259,99816,159,100165,159,99790,159,100869,159,99778,159,101124,100,99759,100,101283,100,99606,100,,,99461,100,,,99432,100,,,99419,100
2019-06-28 09:57:10.000000000,99979,248,99889,248,100054,348,99884,248,100056,200,99816,100,100165,100,99790,100,100869,100,99778,100,101124,100,99759,100,101283,100,99606,100,,,99461,100,,,99432,100,,,99419,100
2019-06-28 09:57:20.000000000,99979,201,99889,201,100054,298,99884,198,100056,298,99816,198,100165,100,99790,100,100869,100,99778,100,101124,100,99759,100,101283,100,99606,100,,,99461,100,,,99432,100,,,99419,100
2019-06-28 09:57:30.000000000,99979,174,99889,174,100054,274,99884,174,100056,274,99816,174,100165,174,99790,174,100869,100,99778,100,101124,100,99759,100,101283,100,99606,100,,,99461,100,,,99432,100,,,99419,100
2019-06-28 09:57:40.000000000,99979,396,99889,396,100054,200,99884,100,100056,200,99816,100,100165,100,99790,100,100869,100,99778,100,101124,100,99759,100,101283,100,99606,100,,,99461,100,,,99432,100,,,99419,100
2019-06-28 09:57:42.542342817,99979,396,99889,396,100054,200,99884,100,100056,200,99816,100,100165,100,99790,100,100869,100,99778,100,101124,100,99759,100,101283,100,99606,100,,,99502,100,,,99461,100,,,99432,100
2019-06-28 09:57:50.000000000,99979,396,99889,396,100054,200,99884,100,100056,200,99816,100,100165,100,99790,100,100869,100,99778,100,101124,100,99759,100,101283,100,99606,100,,,99502,100,,,99461,100,,,99432,100
2019-06-28 09:58:00.000000000,99979,201,99889,201,100054,298,99884,198,100056,298,99816,198,100165,100,99790,100,100869,100,99778,100,101124,100,99759,100,101283,100,99606,100,,,99502,100,,,99461,100,,,99432,100
2019-06-28 09:58:00.867833045,99979,201,99889,201,100054,298,99884,198,100056,298,99816,198,100165,100,99790,100,100869,100,99778,100,101124,100,99759,100,101283,100,99606,100,,,99502,100,,,99461,100,,,99432,100
2019-06-28 09:58:10.000000000,99979,396,99889,396,100054,200,99884,100,100056,200,99816,100,100165,100,99790,100,100869,100,99778,100,101124,100,99759,100,101283,100,99606,100,,,99502,100,,,99461,100,,,99432,100
2019-06-28 09:58:10.635128241,99979,396,99889,396,100054,200,99884,100,100056,200,99816,100,100165,100,99790,100,100869,100,99778,100,101124,100,99759,100,101283,100,99606,100,,,99502,100,,,99461,100,,,99432,100
2019-06-28 09:58:20.000000000,99979,174,99889,174,100054,274,99884,174,100056,274,99816,174,100165,174,99790,174,100869,100,99778,100,101124,100,99759,100,101283,100,99606,100,,,99502,100,,,99461,100,,,99432,100
2019-06-28 09:58:30.000000000,99979,248,99889,248,100054,348,99884,248,100056,200,99816,100,100165,100,99790,100,100869,100,99778,100,101124,100,99759,100,101283,100,99606,100,,,99502,100,,,99461,100,,,99432,100
2019-06-28 09:58:40.000000000,99979,201,99889,201,100054,298,99884,198,100056,298,99816,198,100165,100,99790,100,100869,100,99778,100,101124,100,99759,100,101283,100,99606,100,,,99502,100,,,99461,100,,,99432,100
2019-06-28 09:58:50.000000000,99979,201,99889,201,100054,298,99884,198,100056,298,99816,198,100165,100,99790,100,100869,100,99778,100,101124,100,99759,100,101283,100,99606,100,,,99502,100,,,99461,100,,,99432,100
2019-06-28 09:59:00.000000000,99979,174,99889,174,100054,274,99884,174,100056,274,99816,174,100165,174,99790,174,100869,100,99778,100,101124,100,99759,100,101283,100,99606,100,,,99502,100,,,99461,100,,,99432,100
2019-06-28 09:59:10.000000000,99979,248,99889,248,100054,348,99884,248,100056,200,99816,100,100165,100,99790,100,100869,100,99778,100,101124,100,99759,100,101283,100,99606,100,,,99502,100,,,99461,100,,,99432,100
2019-06-28 09:59:14.169395305,99979,248,99889,248,100003,100,99884,248,100054,348,99816,100,100056,200,99790,100,100165,100,99778,100,100869,100,99759,100,101124,100,99606,100,101283,100,99502,100,,,99461,100,,,99432,100
2019-06-28 09:59:14.292033257,99979,248,99889,148,100003,100,99884,248,100054,348,99816,100,100056,200,99790,100,100165,100,99778,100,100869,100,99759,100,101124,100,99502,100,101283,100,99461,100,,,99432,100,,,99419,100
2019-06-28 09:59:20.000000000,99979,159,99884,159,100003,159,99816,159,100054,259,99790,159,100056,259,99778,159,100165,159,99759,159,100869,100,99502,100,101124,100,99461,100,101283,100,99432,100,,,99419,100,,,99339,100
2019-06-28 09:59:30.000000000,99979,174,99884,174,100003,174,99816,174,100054,274,99790,174,100056,274,99778,174,100165,100,99759,100,100869,100,99502,100,101124,100,99461,100,101283,100,99432,100,,,99419,100,,,99339,100
2019-06-28 09:59:40.000000000,99979,248,99884,248,100003,248,99816,248,100054,200,99790,100,100056,200,99778,100,100165,100,99759,100,100869,100,99502,100,101124,100,99461,100,101283,100,99432,100,,,99419,100,,,99339,100
2019-06-28 09:59:47.861616739,99979,248,99884,248,100003,248,99816,248,100054,200,99790,100,100056,200,99778,100,100165,100,99759,100,100462,100,99502,100,100869,100,99461,100,101124,100,99432,100,101283,100,99419,100,,,99339,100
2019-06-28 09:59:50.000000000,99979,159,99884,159,100003,159,99816,159,100054,259,99790,159,100056,259,99778,159,100165,159,99759,159,100462,100,99502,100,100869,100,99461,100,101124,100,99432,100,101283,100,99419,100,,,99339,100
2019-06-28 09:59:51.017356977,99979,59,99884,159,100003,159,99816,159,100054,259,99790,159,100056,259,99778,159,100165,159,99759,159,100462,100,99502,100,100869,100,99461,100,101124,100,99432,100,101283,100,99419,100,,,99339,100
2019-06-28 09:59:52.038242502,100003,159,99979,41,100054,259,99884,159,100056,259,99816,159,100165,159,99790,159,100462,100,99778,159,100869,100,99759,159,101124,100,99502,100,,,99461,100,,,99432,100,,,99419,100
2019-06-28 10:00:00.000000000,100003,159,99979,100,100054,259,99884,159,100056,259,99816,159,100165,159,99790,159,100462,159,99778,159,100869,100,99759,100,101124,100,99502,100,,,99461,100,,,99432,100,,,99419,100
2019-06-28 10:00:04.514929665,100003,59,99979,100,100054,259,99884,159,100056,259,99816,159,100165,159,99790,159,100462,159,99778,159,100869,100,99759,100,101124,100,99502,100,,,99461,100,,,99432,100,,,99339,100
2019-06-28 10:00:10.000000000,100054,259,99979,100,100056,259,99884,159,100165,159,99816,159,100462,159,99790,159,100869,159,99778,159,101124,100,99759,100,,,99502,100,,,99461,100,,,99432,100,,,99339,100
2019-06-28 10:00:20.000000000,100054,496,99979,337,100056,200,99884,100,100165,100,99816,100,100462,100,99790,100,100869,100,99778,100,101124,100,99759,100,,,99502,100,,,99461,100,,,99432,100,,,99339,100
2019-06-28 10:00:24.115267044,100054,496,99980,100,100056,200,99979,337,100165,100,99884,100,100462,100,99816,100,100869,100,99790,100,101124,100,99778,100,,,99759,100,,,99502,100,,,99461,100,,,99432,100
2019-06-28 10:00:30.000000000,100054,259,99980,159,100056,259,99979,100,100165,159,99884,159,100462,159,99816,159,100869,159,99790,159,101124,100,99778,100,,,99759,100,,,99502,100,,,99461,100,,,99432,100
2019-06-28 10:00:33.162540630,100054,259,99980,159,100056,259,99979,100,100165,159,99884,159,100462,159,99816,159,100750,100,99790,159,100869,159,99778,100,101124,100,99759,100,,,99502,100,,,99461,100,,,99432,100
2019-06-28 10:00:40.000000000,100054,301,99980,201,100056,298,99979,139,100165,198,99884,198,100462,100,99816,100,100750,100,99790,100,100869,100,99778,100,101124,100,99759,100,,,99502,100,,,99461,100,,,99432,100
2019-06-28 10:00:40.785836705,100054,201,99980,201,100056,298,99979,139,100165,198,99884,198,100462,100,99816,100,100750,100,99790,100,100869,100,99778,100,101124,100,99759,100,,,99502,100,,,99461,100,,,99432,100
2019-06-28 10:00:50.000000000,100054,248,99980,248,100056,348,99979,189,100165,100,99884,100,100462,100,99816,100,100750,100,99790,100,100869,100,99778,100,101124,100,99759,100,,,99502,100,,,99461,100,,,99432,100
2019-06-28 10:00:51.259873976,100054,148,99980,248,100056,348,99979,189,100165,100,99884,100,100462,100,99816,100,100750,100,99790,100,100869,100,99778,100,101124,100,99759,100,,,99502,100,,,99461,100,,,99432,100
2019-06-28 10:00:58.490195636,100054,148,99980,248,100056,348,99979,189,100165,100,99884,100,100462,100,99816,100,100594,100,99790,100,100750,100,99778,100,100869,100,99759,100,101124,100,99502,100,,,99461,100,,,99432,100
2019-06-28 10:01:00.000000000,100056,259,99980,159,100165,159,99979,100,100462,159,99884,159,100594,159,99816,159,100750,159,99790,159,100869,100,99778,100,101124,100,99759,100,,,99502,100,,,99461,100,,,99432,100
2019-06-28 10:01:10.000000000,100056,259,99980,159,100165,159,99979,100,100462,159,99884,159,100594,159,99816,159,100750,159,99790,159,100869,100,99778,100,101124,100,99759,100,,,99502,100,,,99461,100,,,99432,100
2019-06-28 10:01:20.000000000,100056,348,99980,248,100165,248,99979,189,100462,100,99884,100,100594,100,99816,100,100750,100,99790,100,100869,100,99778,100,101124,100,99759,100,,,99502,100,,,99461,100,,,99432,100
2019-06-28 10:01:20.724558651,100056,348,99980,248,100165,248,99979,189,100400,100,99884,100,100462,100,99816,100,100594,100,99790,100,100750,100,99778,100,100869,100,99759,100,101124,100,99502,100,,,99461,100,,,99432,100
2019-06-28 10:01:30.000000000,100056,274,99980,174,100165,174,99979,115,100400,174,99884,174,100462,174,99816,174,100594,100,99790,100,100750,100,99778,100,100869,100,99759,100,101124,100,99502,100,,,99461,100,,,99432,100
2019-06-28 10:01:37.265753975,100056,274,100042,100,100165,174,99980,174,100400,174,99979,115,100462,174,99884,174,100594,100,99816,174,100750,100,99790,100,100869,100,99778,100,101124,100,99759,100,,,99502,100,,,99461,100
2019-06-28 10:01:40.000000000,100056,348,100042,248,100165,248,99980,248,100400,100,99979,41,100462,100,99884,100,100594,100,99816,100,100750,100,99790,100,100869,100,99778,100,101124,100,99759,100,,,99502,100,,,99461,100
2019-06-28 10:01:50.000000000,100056,301,100042,201,100165,198,99980,198,100400,198,99979,139,100462,100,99884,100,100594,100,99816,100,100750,100,99790,100,100869,100,99778,100,101124,100,99759,100,,,99502,100,,,99461,100
2019-06-28 10:01:56.294168048,100056,301,100054,100,100165,198,100042,201,100400,198,99980,198,100462,100,99979,139,100594,100,99884,100,100750,100,99816,100,100869,100,99790,100,101124,100,99778,100,,,99759,100,,,99502,100
2019-06-28 10:02:00.000000000,100056,496,100054,396,100165,100,100042,100,100400,100,99980,100,100462,100,99979,41,100594,100,99884,100,100750,100,99816,100,100869,100,99790,100,101124,100,99778,100,,,99759,100,,,99502,100
2019-06-28 10:02:10.000000000,100056,301,100054,201,100165,198,100042,198,100400,198,99980,198,100462,100,99979,41,100594,100,99884,100,100750,100,99816,100,100869,100,99790,100,101124,100,99778,100,,,99759,100,,,99502,100
2019-06-28 10:02:20.000000000,100056,259,100054,159,100165,159,100042,159,100400,159,99980,159,100462,159,99979,100,100594,159,99884,159,100750,100,99816,100,100869,100,99790,100,101124,100,99778,100,,,99759,100,,,99502,100
2019-06-28 10:02:21.701869417,100056,159,100054,159,100165,159,100042,159,100400,159,99980,159,100462,159,99979,100,100594,159,99884,159,100750,100,99816,100,100869,100,99790,100,101124,100,99778,100,,,99759,100,,,99502,100
2019-06-28 10:02:30.000000000,100056,248,100054,248,100165,248,100042,248,100400,100,99980,100,100462,100,99979,41,100594,100,99884,100,100750,100,99816,100,100869,100,99790,100,101124,100,99778,100,,,99759,100,,,99502,100
2019-06-28 10:02:40.000000000,100056,201,100054,201,100165,198,100042,198,100400,198,99980,198,100462,100,99979,41,100594,100,99884,100,100750,100,99816,100,100869,100,99790,100,101124,100,99778,100,,,99759,100,,,99502,100
2019-06-28 10:02:50.000000000,100056,248,100054,248,100165,248,100042,248,100400,100,99980,100,100462,100,99979,41,100594,100,99884,100,100750,100,99816,100,100869,100,99790,100,101124,100,99778,100,,,99759,100,,,99502,100
2019-06-28 10:03:00.000000000,100056,159,100054,159,100165,159,100042,159,100400,159,99980,159,100462,159,99979,100,100594,159,99884,159,100750,100,99816,100,100869,100,99790,100,101124,100,99778,100,,,99759,100,,,99502,100
2019-06-28 10:03:10.000000000,100056,174,100054,174,100165,174,100042,174,100400,174,99980,174,100462,174,99979,115,100594,100,99884,100,100750,100,99816,100,100869,100,99790,100,101124,100,99778,100,,,99759,100,,,99502,100
2019-06-28 10:03:16.122642807,100056,174,100054,74,100165,174,100042,174,100400,174,99980,174,100462,174,99979,115,100594,100,99884,100,100750,100,99816,100,100869,100,99790,100,101124,100,99778,100,,,99759,100,,,99502,100
2019-06-28 10:03:20.000000000,100056,201,100042,201,100165,198,99980,198,100400,198,99979,139,100462,100,99884,100,100594,100,99816,100,100750,100,99790,100,100869,100,99778,100,101124,100,99759,100,,,99502,100,,,99461,100
2019-06-28 10:03:30.000000000,100056,201,100042,201,100165,198,99980,198,100400,198,99979,139,100462,100,99884,100,100594,100,99816,100,100750,100,99790,100,100869,100,99778,100,101124,100,99759,100,,,99502,100,,,99461,100
2019-06-28 10:03:40.000000000,100056,174,100042,174,100165,174,99980,174,100400,174,99979,115,100462,174,99884,174,100594,100,99816,100,100750,100,99790,100,100869,100,99778,100,101124,100,99759,100,,,99502,100,,,99461,100
2019-06-28 10:03:50.000000000,100056,248,100042,248,100165,248,99980,248,100400,100,99979,41,100462,100,99884,100,100594,100,99816,100,100750,100,99790,100,100869,100,99778,100,101124,100,99759,100,,,99502,100,,,99461,100
2019-06-28 10:04:00.000000000,100056,159,100042,159,100165,159,99980,159,100400,159,99979,100,100462,159,99884,159,100594,159,99816,159,100750,100,99790,100,100869,100,99778,100,101124,100,99759,100,,,99502,100,,,99461,100
2019-06-28 10:04:10.000000000,100056,159,100042,159,100165,159,99980,159,100400,159,99979,100,100462,159,99884,159,100594,159,99816,159,100750,100,99790,100,100869,100,99778,100,101124,100,99759,100,,,99502,100,,,99461,100
2019-06-28 10:04:12.466764605,100056,159,100042,159,100165,159,99980,159,100400,159,99979,100,100462,159,99884,159,100501,100,99816,159,100594,159,99778,100,100750,100,99759,100,100869,100,99502,100,101124,100,99461,100,,,99432,100
2019-06-28 10:04:17.507669112,100056,159,100042,159,100165,159,99980,159,100253,100,99979,100,100400,159,99884,159,100462,159,99816,159,100501,100,99778,100,100594,159,99759,100,100750,100,99502,100,100869,100,99461,100,101124,100,99432,100
2019-06-28 10:04:20.000000000,100056,248,100042,248,100165,248,99980,248,100253,100,99979,41,100400,100,99884,100,100462,100,99816,100,100501,100,99778,100,100594,100,99759,100,100750,100,99502,100,100869,100,99461,100,101124,100,99432,100
2019-06-28 10:04:30.000000000,100056,396,100042,396,100165,100,99980,100,100253,100,99979,41,100400,100,99884,100,100462,100,99816,100,100501,100,99778,100,100594,100,99759,100,100750,100,99502,100,100869,100,99461,100,101124,100,99432,100
2019-06-28 10:04:32.810617087,100056,296,100042,396,100165,100,99980,100,100253,100,99979,41,100400,100,99884,100,100462,100,99816,100,100501,100,99778,100,100594,100,99759,100,100750,100,99502,100,100869,100,99461,100,101124,100,99432,100
2019-06-28 10:04:40.000000000,100165,201,100042,201,100253,198,99980,198,100400,198,99979,139,100462,100,99884,100,100501,100,99816,100,100594,100,99778,100,100750,100,99759,100,100869,100,99502,100,101124,100,99461,100,,,99432,100
2019-06-28 10:04:50.000000000,100165,396,100042,396,100253,100,99980,100,100400,100,99979,41,100462,100,99884,100,100501,100,99816,100,100594,100,99778,100,100750,100,99759,100,100869,100,99502,100,101124,100,99461,100,,,99432,100
2019-06-28 10:04:52.180304631,100165,396,100042,396,100253,100,99980,100,100400,100,99979,41,100462,100,99884,100,100501,100,99816,100,100594,100,99778,100,100750,100,99759,100,100818,100,99502,100,100869,100,99461,100,101124,100,99432,100
2019-06-28 10:05:00.000000000,100165,396,100042,396,100253,100,99980,100,100400,100,99979,41,100462,100,99884,100,100501,100,99816,100,100594,100,99778,100,100750,100,99759,100,100818,100,99502,100,100869,100,99461,100,101124,100,99432,100
2019-06-28 10:05:02.281670890,100165,396,100055,100,100253,100,100042,396,100400,100,99980,100,100462,100,99979,41,100501,100,99884,100,100594,100,99816,100,100750,100,99778,100,100818,100,99759,100,100869,100,99502,100,101124,100,99461,100
2019-06-28 10:05:10.000000000,100165,174,100055,174,100253,174,100042,174,100400,174,99980,174,100462,174,99979,115,100501,100,99884,100,100594,100,99816,100,100750,100,99778,100,100818,100,99759,100,100869,100,99502,100,101124,100,99461,100
2019-06-28 10:05:20.000000000,100165,248,100055,248,100253,248,100042,248,100400,100,99980,100,100462,100,99979,41,100501,100,99884,100,100594,100,99816,100,100750,100,99778,100,100818,100,99759,100,100869,100,99502,100,101124,100,99461,100
2019-06-28 10:05:28.009108892,100165,148,100055,248,100253,248,100042,248,100400,100,99980,100,100462,100,99979,41,100501,100,99884,100,100594,100,99816,100,100750,100,99778,100,100818,100,99759,100,100869,100,99502,100,101124,100,99461,100
2019-06-28 10:05:30.000000000,100253,396,100055,396,100400,100,100042,100,100462,100,99980,100,100501,100,99979,41,100594,100,99884,100,100750,100,99816,100,100818,100,99778,100,100869,100,99759,100,101124,100,99502,100,,,99461,100
2019-06-28 10:05:32.268341241,100253,296,100055,396,100400,100,100042,100,100462,100,99980,100,100501,100,99979,41,100594,100,99884,100,100750,100,99816,100,100818,100,99778,100,100869,100,99759,100,101124,100,99502,100,,,99461,100
2019-06-28 10:05:40.000000000,100400,201,100055,201,100462,198,100042,198,100501,198,99980,198,100594,100,99979,41,100750,100,99884,100,100818,100,99816,100,100869,100,99778,100,101124,100,99759,100,,,99502,100,,,99461,100
2019-06-28 10:05:46.973534694,100400,201,100165,100,100462,198,100055,201,100501,198,100042,198,100594,100,99980,198,100750,100,99979,41,100818,100,99884,100,100869,100,99816,100,101124,100,99778,100,,,99759,100,,,99502,100
2019-06-28 10:05:50.000000000,100400,248,100165,248,100462,248,100055,248,100501,100,100042,100,100594,100,99980,100,100750,100,99979,41,100818,100,99884,100,100869,100,99816,100,101124,100,99778,100,,,99759,100,,,99502,100
2019-06-28 10:06:00.000000000,100400,174,100165,174,100462,174,100055,174,100501,174,100042,174,100594,174,99980,174,100750,100,99979,41,100818,100,99884,100,100869,100,99816,100,101124,100,99778,100,,,99759,100,,,99502,100
2019-06-28 10:06:10.000000000,100400,396,100165,396,100462,100,100055,100,100501,100,100042,100,100594,100,99980,100,100750,100,99979,41,100818,100,99884,100,100869,100,99816,100,101124,100,99778,100,,,99759,100,,,99502,100
2019-06-28 10:06:13.244226884,100400,396,100165,496,100462,100,100055,100,100501,100,100042,100,100594,100,99980,100,100750,100,99979,41,100818,100,99884,100,100869,100,99816,100,101124,100,99778,100,,,99759,100,,,99502,100
2019-06-28 10:06:20.000000000,100400,248,100165,348,100462,248,100055,248,100501,100,100042,100,100594,100,99980,100,100750,100,99979,41,100818,100,99884,100,100869,100,99816,100,101124,100,99778,100,,,99759,100,,,99502,100
2019-06-28 10:06:26.883962691,100400,248,100165,448,100462,248,100055,248,100501,100,100042,100,100594,100,99980,100,100750,100,99979,41,100818,100,99884,100,100869,100,99816,100,101124,100,99778,100,,,99759,100,,,99502,100
2019-06-28 10:06:30.000000000,100400,201,100165,401,100462,198,100055,198,100501,198,100042,198,100594,100,99980,100,100750,100,99979,41,100818,100,99884,100,100869,100,99816,100,101124,100,99778,100,,,99759,100,,,99502,100
2019-06-28 10:06:34.466680297,100400,101,100165,401,100462,198,100055,198,100501,198,100042,198,100594,100,99980,100,100750,100,99979,41,100818,100,99884,100,100869,100,99816,100,101124,100,99778,100,,,99759,100,,,99502,100
2019-06-28 10:06:40.000000000,100462,174,100165,374,100501,174,100055,174,100594,174,100042,174,100750,174,99980,174,100818,100,99979,41,100869,100,99884,100,101124,100,99816,100,,,99778,100,,,99759,100,,,99502,100
2019-06-28 10:06:50.000000000,100462,396,100165,596,100501,100,100055,100,100594,100,100042,100,100750,100,99980,100,100818,100,99979,41,100869,100,99884,100,101124,100,99816,100,,,99778,100,,,99759,100,,,99502,100
2019-06-28 10:07:00.000000000,100462,159,100165,359,100501,159,100055,159,100594,159,100042,159,100750,159,99980,159,100818,159,99979,100,100869,100,99884,100,101124,100,99816,100,,,99778,100,,,99759,100,,,99502,100
2019-06-28 10:07:10.000000000,100462,248,100165,448,100501,248,100055,248,100594,100,100042,100,100750,100,99980,100,100818,100,99979,41,100869,100,99884,100,101124,100,99816,100,,,99778,100,,,99759,100,,,99502,100
2019-06-28 10:07:12.214284398,100462,248,100165,448,100501,248,100055,248,100534,100,100042,100,100594,100,99980,100,100750,100,99979,41,100818,100,99884,100,100869,100,99816,100,101124,100,99778,100,,,99759,100,,,99502,100
2019-06-28 10:07:16.444441703,100462,148,100165,448,100501,248,100055,248,100534,100,100042,100,100594,100,99980,100,100750,100,99979,41,100818,100,99884,100,100869,100,99816,100,101124,100,99778,100,,,99759,100,,,99502,100
2019-06-28 10:07:20.000000000,100501,248,100165,448,100534,248,100055,248,100594,100,100042,100,100750,100,99980,100,100818,100,99979,41,100869,100,99884,100,101124,100,99816,100,,,99778,100,,,99759,100,,,99502,100
2019-06-28 10:07:30.000000000,100501,396,100165,596,100534,100,100055,100,100594,100,100042,100,100750,100,99980,100,100818,100,99979,41,100869,100,99884,100,101124,100,99816,100,,,99778,100,,,99759,100,,,99502,100
2019-06-28 10:07:31.850186283,100501,296,100165,596,100534,100,100055,100,100594,100,100042,100,100750,100,99980,100,100818,100,99979,41,100869,100,99884,100,101124,100,99778,100,,,99759,100,,,99502,100,,,99432,100
2019-06-28 10:07:32.729698216,100501,296,100165,596,100534,100,100055,100,100594,100,100042,100,100627,100,99980,100,100750,100,99979,41,100818,100,99884,100,100869,100,99778,100,101124,100,99759,100,,,99502,100,,,99432,100
2019-06-28 10:07:37.916884942,100501,296,100462,100,100534,100,100165,596,100594,100,100055,100,100627,100,100042,100,100750,100,99980,100,100818,100,99979,41,100869,100,99884,100,101124,100,99778,100,,,99759,100,,,99502,100
2019-06-28 10:07:38.425290818,100501,196,100462,100,100534,100,100165,596,100594,100,100055,100,100627,100,100042,100,100750,100,99980,100,100818,100,99979,41,100869,100,99884,100,101124,100,99778,100,,,99759,100,,,99502,100
2019-06-28 10:07:40.000000000,100534,174,100462,174,100594,174,100165,374,100627,174,100055,174,100750,174,100042,174,100818,100,99980,100,100869,100,99979,41,101124,100,99884,100,,,99778,100,,,99759,100,,,99502,100
2019-06-28 10:07:48.012063302,100472,100,100462,174,100534,174,100165,374,100594,174,100055,174,100627,174,100042,174,100750,174,99980,100,100818,100,99979,41,100869,100,99884,100,101124,100,99778,100,,,99759,100,,,99502,100
2019-06-28 10:07:50.000000000,100472,396,100462,396,100534,100,100165,300,100594,100,100055,100,100627,100,100042,100,100750,100,99980,100,100818,100,99979,41,100869,100,99884,100,101124,100,99778,100,,,99759,100,,,99502,100
2019-06-28 10:07:51.830861523,100472,296,100462,396,100534,100,100165,300,100594,100,100055,100,100627,100,100042,100,100750,100,99980,100,100818,100,99979,41,100869,100,99884,100,101124,100,99778,100,,,99759,100,,,99502,100
2019-06-28 10:08:00.000000000,100534,396,100462,396,100594,100,100165,300,100627,100,100055,100,100750,100,100042,100,100818,100,99980,100,100869,100,99979,41,101124,100,99884,100,,,99778,100,,,99759,100,,,99502,100
2019-06-28 10:08:01.219663262,100534,396,100462,396,100594,100,100391,100,100627,100,100165,300,100750,100,100055,100,100818,100,100042,100,100869,100,99980,100,101124,100,99979,41,,,99884,100,,,99778,100,,,99759,100
