,ask_price_1,ask_size_1,bid_price_1,bid_size_1,ask_price_2,ask_size_2,bid_price_2,bid_size_2,ask_price_3,ask_size_3,bid_price_3,bid_size_3,ask_price_4,ask_size_4,bid_price_4,bid_size_4,ask_price_5,ask_size_5,bid_price_5,bid_size_5,ask_price_6,ask_size_6,bid_price_6,bid_size_6,ask_price_7,ask_size_7,bid_price_7,bid_size_7,ask_price_8,ask_size_8,bid_price_8,bid_size_8,ask_price_9,ask_size_9,bid_price_9,bid_size_9,ask_price_10,ask_size_10,bid_price_10,bid_size_10
2019-06-28 09:30:00.000000002,,,100065,100,,,,,,,,,,,,,,,,,,,,,,,,,,,,,,,,,,,,
2019-06-28 09:30:00.000000008,,,100065,100,,,99828,100,,,,,,,,,,,,,,,,,,,,,,,,,,,,,,,,
2019-06-28 09:30:00.000000009,,,100065,100,,,99950,100,,,99828,100,,,,,,,,,,,,,,,,,,,,,,,,,,,,
2019-06-28 09:30:00.000000011,,,99950,100,,,99828,100,,,99773,100,,,,,,,,,,,,,,,,,,,,,,,,,,,,
2019-06-28 09:30:00.000000013,100125,100,99950,100,,,99881,100,,,99828,100,,,99773,100,,,,,,,,,,,,,,,,,,,,,,,,
2019-06-28 09:30:00.000000014,99953,100,99950,100,100125,100,99881,100,,,99828,100,,,99773,100,,,,,,,,,,,,,,,,,,,,,,,,
2019-06-28 09:30:00.000000017,99953,100,99950,100,100125,100,99940,100,100166,100,99904,100,,,99881,100,,,99828,100,,,99773,100,,,,,,,,,,,,,,,,
2019-06-28 09:30:00.000000018,100125,100,99950,100,100166,100,99940,100,,,99904,100,,,99881,100,,,99828,100,,,99773,100,,,,,,,,,,,,,,,,
2019-06-28 09:30:00.000000021,100125,100,99940,100,100166,100,99904,100,,,99881,100,,,99828,100,,,99773,100,,,,,,,,,,,,,,,,,,,,
2019-06-28 09:30:00.000000023,100125,100,99940,100,100165,100,99904,100,100166,100,99881,100,,,99828,100,,,99773,100,,,,,,,,,,,,,,,,,,,,
2019-06-28 09:30:00.000000024,100094,100,99940,100,100125,100,99904,100,100165,100,99881,100,100166,100,99828,100,,,99773,100,,,,,,,,,,,,,,,,,,,,
2019-06-28 09:30:00.000000026,100003,100,99955,100,100024,100,99940,100,100094,100,99904,100,100125,100,99881,100,100165,100,99828,100,100166,100,99773,100,,,,,,,,,,,,,,,,
2019-06-28 09:30:00.000000031,100003,100,99955,100,100024,100,99940,100,100094,100,99934,100,100125,100,99904,100,100165,100,99881,100,100166,100,99828,100,,,99773,100,,,,,,,,,,,,
2019-06-28 09:30:00.000000032,100024,100,99955,100,100094,100,99940,100,100125,100,99934,100,100165,100,99904,100,100166,100,99881,100,,,99828,100,,,99773,100,,,,,,,,,,,,
2019-06-28 09:30:00.000000033,100024,100,99955,100,100051,100,99940,100,100094,100,99934,100,100125,100,99904,100,100165,100,99881,100,100166,100,99828,100,,,99773,100,,,,,,,,,,,,
2019-06-28 09:30:00.000000034,100003,100,99955,100,100024,100,99940,100,100051,100,99934,100,100094,100,99904,100,100125,100,99881,100,100165,100,99828,100,100166,100,99773,100,,,,,,,,,,,,
2019-06-28 09:30:00.000000035,100003,100,99955,100,100024,100,99940,100,100051,100,99934,100,100094,100,99904,100,100111,100,99881,100,100125,100,99828,100,100165,100,99773,100,100166,100,,,,,,,,,,
2019-06-28 09:30:00.000000039,99981,100,99955,100,100003,100,99940,100,100024,100,99934,100,100051,100,99904,100,100094,100,99881,100,100111,100,99828,100,100125,100,99773,100,100165,100,,,100166,100,,,,,,
2019-06-28 09:30:00.000000040,99981,100,99955,100,100003,100,99940,100,100024,100,99934,100,100051,100,99904,100,100094,100,99881,100,100111,100,99828,100,100122,100,99773,100,100125,100,,,100165,100,,,100166,100,,
2019-06-28 09:30:00.000000042,100003,100,99955,100,100024,100,99940,100,100051,100,99934,100,100094,100,99904,100,100111,100,99881,100,100122,100,99828,100,100125,100,99773,100,100165,100,,,100166,100,,,100172,100,,
2019-06-28 09:30:00.000000045,100003,100,99981,100,100024,100,99955,100,100051,100,99940,100,100094,100,99934,100,100111,100,99904,100,100122,100,99881,100,100125,100,99847,100,100165,100,99828,100,100166,100,99773,100,100172,100,,
2019-06-28 09:30:00.000000046,100003,100,99981,100,100024,100,99955,100,100051,100,99940,200,100094,100,99934,100,100111,100,99904,100,100122,100,99881,100,100125,100,99847,100,100165,100,99828,100,100166,100,99773,100,100172,100,,
2019-06-28 09:30:00.000000048,100024,100,99982,100,100051,100,99981,100,100094,100,99955,100,100111,100,99940,200,100122,100,99934,100,100125,100,99904,100,100165,100,99881,100,100166,100,99847,100,100172,100,99828,100,,,99773,100
2019-06-28 09:30:00.000000049,100024,100,99982,100,100051,100,99981,100,100094,100,99955,100,100111,100,99940,200,100122,100,99934,100,100125,100,99905,100,100165,100,99904,100,100166,100,99881,100,100172,100,99847,100,,,99828,100
2019-06-28 09:30:00.000000051,100003,100,99982,100,100024,100,99981,100,100051,100,99955,100,100094,100,99940,200,100111,100,99934,100,100122,100,99905,100,100125,100,99904,100,100165,100,99881,100,100166,100,99847,100,100172,100,99828,100
2019-06-28 09:30:00.000000052,100003,100,99982,200,100024,100,99981,100,100051,100,99966,100,100094,100,99955,100,100111,100,99940,200,100122,100,99934,100,100125,100,99905,100,100165,100,99904,100,100166,100,99881,100,100172,100,99847,100
2019-06-28 09:30:00.000000053,100003,100,99982,200,100024,100,99981,100,100051,100,99966,100,100094,100,99955,100,100111,100,99940,200,100122,100,99934,100,100125,100,99918,100,100165,100,99905,100,100166,100,99904,100,100172,100,99881,100
2019-06-28 09:30:00.000000054,100003,100,99982,200,100024,100,99981,100,100048,100,99966,100,100051,100,99955,100,100094,100,99940,200,100111,100,99934,100,100122,100,99918,100,100125,100,99905,100,100165,100,99904,100,100166,100,99881,100
2019-06-28 09:30:00.000000055,100003,100,99982,200,100024,100,99981,100,100048,100,99966,100,100051,100,99960,100,100094,100,99955,100,100111,100,99940,200,100122,100,99934,100,100125,100,99918,100,100165,100,99905,100,100166,100,99904,100
2019-06-28 09:30:00.000000057,100003,100,99982,100,100024,100,99981,100,100048,100,99966,100,100051,100,99960,100,100094,100,99955,100,100111,100,99940,200,100122,100,99934,100,100125,100,99918,100,100165,100,99905,100,100166,100,99904,100
2019-06-28 09:30:00.000000058,100003,100,99982,100,100024,100,99981,100,100048,100,99966,100,100051,100,99960,100,100094,100,99955,100,100111,100,99940,200,100122,100,99934,100,100123,100,99918,100,100125,100,99905,100,100165,100,99904,100
2019-06-28 09:30:00.000000059,100000,100,99999,100,100003,100,99982,100,100009,100,99981,100,100024,100,99966,100,100048,100,99960,100,100051,100,99955,100,100094,100,99940,200,100111,100,99934,100,100122,100,99918,100,100123,100,99905,100
2019-06-28 09:30:00.000000062,100000,100,99999,100,100002,100,99983,100,100003,100,99982,100,100009,100,99981,100,100024,100,99966,100,100048,100,99960,100,100051,100,99955,100,100094,100,99940,200,100111,100,99934,100,100122,100,99918,100
2019-06-28 09:30:00.000000063,100000,100,99999,100,100002,300,99983,100,100003,100,99982,100,100009,100,99981,100,100024,100,99966,100,100048,100,99960,100,100051,100,99955,100,100094,100,99940,200,100111,100,99934,100,100122,100,99918,100
2019-06-28 09:30:00.000000065,100000,100,99999,100,100002,300,99983,100,100003,100,99982,100,100009,100,99981,100,100024,100,99966,100,100048,100,99960,100,100051,100,99955,100,100094,100,99940,200,100108,100,99934,100,100111,100,99918,100
2019-06-28 09:30:00.000000067,100000,100,99984,100,100002,300,99983,100,100003,100,99982,100,100009,100,99981,100,100024,100,99966,100,100048,100,99960,100,100051,100,99955,100,100094,100,99940,200,100108,100,99934,100,100111,100,99918,100
2019-06-28 09:30:00.000000069,100000,100,99984,100,100002,300,99983,100,100003,100,99982,100,100009,100,99981,100,100024,100,99966,100,100048,100,99960,100,100051,100,99955,100,100094,100,99940,200,100108,100,99934,100,100111,200,99918,100
2019-06-28 09:30:00.000000070,99993,100,99984,100,100000,100,99983,100,100002,300,99982,100,100003,100,99981,100,100009,100,99966,100,100024,100,99960,100,100048,100,99955,100,100051,100,99940,200,100094,100,99934,100,100108,100,99918,100
2019-06-28 09:30:00.000000071,99993,100,99984,100,100000,100,99983,100,100002,300,99982,100,100003,100,99981,100,100009,100,99966,100,100024,100,99960,100,100048,100,99955,100,100051,100,99940,200,100056,100,99934,100,100094,100,99918,100
2019-06-28 09:30:00.000000073,99993,100,99984,100,100000,100,99983,100,100002,300,99982,100,100003,100,99981,100,100009,100,99966,100,100024,100,99960,100,100048,100,99959,100,100051,100,99955,100,100056,100,99940,200,100094,100,99934,100
2019-06-28 09:30:00.000000079,99993,100,99983,100,100000,100,99982,100,100002,300,99981,100,100003,100,99966,100,100009,100,99960,100,100024,100,99959,100,100048,100,99955,100,100051,100,99940,200,100056,100,99934,100,100094,100,99918,100
2019-06-28 09:30:00.000000081,100000,100,99983,100,100002,300,99982,100,100003,100,99981,100,100009,100,99966,100,100024,100,99960,100,100048,100,99959,100,100051,100,99955,100,100056,100,99940,200,100094,100,99934,100,100108,100,99918,100
2019-06-28 09:30:00.000000083,100000,100,99983,100,100002,300,99982,100,100003,100,99981,100,100009,100,99966,100,100024,100,99960,100,100048,100,99959,100,100051,100,99955,100,100056,100,99940,200,100094,100,99934,100,100108,100,99918,100
2019-06-28 09:30:00.000000084,100000,100,99996,100,100002,300,99983,100,100003,100,99982,100,100009,100,99981,100,100024,100,99966,100,100048,100,99960,100,100051,100,99959,100,100056,100,99955,100,100094,100,99940,200,100108,100,99934,100
2019-06-28 09:30:00.000000085,100000,100,99996,100,100002,300,99983,100,100003,100,99982,100,100009,100,99981,100,100024,100,99966,100,100048,100,99960,100,100051,100,99959,100,100056,100,99955,100,100094,100,99940,200,100108,100,99934,100
2019-06-28 09:30:00.000000088,100000,100,99996,100,100002,300,99983,100,100003,100,99982,100,100009,100,99981,100,100024,100,99966,100,100048,100,99960,100,100051,100,99959,100,100056,100,99955,100,100059,100,99940,200,100094,100,99934,100
2019-06-28 09:30:00.000000091,100000,100,99996,100,100002,300,99983,100,100003,100,99982,100,100009,100,99981,100,100024,100,99966,100,100048,100,99960,100,100051,100,99959,100,100056,100,99955,100,100059,100,99942,100,100094,100,99940,200
2019-06-28 09:30:00.000000096,100000,100,99996,100,100002,300,99984,100,100003,100,99983,100,100009,100,99982,100,100024,100,99981,100,100048,100,99966,100,100051,100,99960,100,100056,100,99959,100,100059,100,99955,100,100094,100,99942,100
2019-06-28 09:30:10.000000000,100000,344,99996,344,100002,544,99984,344,100003,100,99983,100,100009,100,99982,100,100024,100,99981,100,100048,100,99966,100,100051,100,99960,100,100056,100,99959,100,100059,100,99955,100,100094,100,99942,100
2019-06-28 09:30:12.521594042,100000,244,99996,344,100002,544,99984,344,100003,100,99983,100,100009,100,99982,100,100024,100,99981,100,100048,100,99966,100,100051,100,99960,100,100056,100,99959,100,100059,100,99955,100,100094,100,99942,100
2019-06-28 09:30:20.000000000,100002,398,99996,198,100003,198,99984,198,100009,198,99983,198,100024,198,99982,198,100048,198,99981,198,100051,100,99966,100,100056,100,99960,100,100059,100,99959,100,100094,100,99955,100,100108,100,99942,100
2019-06-28 09:30:30.000000000,100002,466,99996,266,100003,261,99984,261,100009,261,99983,261,100024,100,99982,100,100048,100,99981,100,100051,100,99966,100,100056,100,99960,100,100059,100,99959,100,100094,100,99955,100,100108,100,99942,100
2019-06-28 09:30:33.015321301,100002,466,99996,166,100003,261,99984,261,100009,261,99983,261,100024,100,99982,100,100048,100,99981,100,100051,100,99966,100,100056,100,99960,100,100059,100,99959,100,100094,100,99955,100,100108,100,99942,100
2019-06-28 09:30:34.515780623,100002,466,99996,166,100003,261,99984,261,100009,261,99983,261,100024,100,99982,100,100048,100,99981,100,100051,100,99966,100,100056,100,99960,100,100059,100,99959,100,100094,100,99955,100,100111,200,99942,100
2019-06-28 09:30:40.000000000,100002,398,99984,198,100003,198,99983,198,100009,198,99982,198,100024,198,99981,198,100048,198,99966,198,100051,100,99960,100,100056,100,99959,100,100059,100,99955,100,100094,100,99942,100,100111,200,99940,200
2019-06-28 09:30:50.000000000,100002,788,99984,588,100003,100,99983,100,100009,100,99982,100,100024,100,99981,100,100048,100,99966,100,100051,100,99960,100,100056,100,99959,100,100059,100,99955,100,100094,100,99942,100,100111,200,99940,200
2019-06-28 09:30:54.858592484,100002,688,99984,588,100003,100,99983,100,100009,100,99982,100,100024,100,99981,100,100048,100,99966,100,100051,100,99960,100,100056,100,99959,100,100059,100,99955,100,100094,100,99942,100,100111,200,99940,200
2019-06-28 09:31:00.000000000,100002,688,99984,588,100003,100,99983,100,100009,100,99982,100,100024,100,99981,100,100048,100,99966,100,100051,100,99960,100,100056,100,99959,100,100059,100,99955,100,100094,100,99942,100,100111,200,99940,200
2019-06-28 09:31:03.296298295,100002,688,99984,588,100003,100,99983,100,100009,100,99982,100,100024,100,99981,100,100048,100,99966,100,100051,100,99960,100,100056,100,99959,100,100059,100,99955,100,100094,100,99942,100,100111,200,99940,200
2019-06-28 09:31:05.375397295,100002,688,99984,588,100003,100,99983,100,100009,100,99982,100,100024,100,99981,100,100048,100,99966,100,100051,100,99960,100,100056,100,99959,100,100059,100,99955,100,100094,100,99942,100,100111,200,99940,200
2019-06-28 09:31:10.000000000,100002,688,99984,588,100003,100,99983,100,100009,100,99982,100,100024,100,99981,100,100048,100,99966,100,100051,100,99960,100,100056,100,99959,100,100059,100,99955,100,100094,100,99942,100,100111,200,99940,200
2019-06-28 09:31:20.000000000,100002,366,99984,266,100003,261,99983,261,100009,261,99982,261,100024,100,99981,100,100048,100,99966,100,100051,100,99960,100,100056,100,99959,100,100059,100,99955,100,100094,100,99942,100,100111,200,99940,200
2019-06-28 09:31:22.508375118,100002,366,99984,266,100003,261,99983,261,100009,261,99982,261,100024,100,99981,100,100048,100,99966,100,100051,100,99960,100,100056,100,99959,100,100059,100,99955,100,100094,100,99942,100,100111,200,99940,200
2019-06-28 09:31:29.916899488,100002,366,99984,266,100003,261,99983,261,100009,261,99982,261,100024,100,99981,100,100029,100,99966,100,100048,100,99960,100,100051,100,99959,100,100056,100,99955,100,100059,100,99942,100,100094,100,99940,200
2019-06-28 09:31:30.000000000,100002,366,99984,266,100003,261,99983,261,100009,261,99982,261,100024,100,99981,100,100029,100,99966,100,100048,100,99960,100,100051,100,99959,100,100056,100,99955,100,100059,100,99942,100,100094,100,99940,200
2019-06-28 09:31:40.000000000,100002,298,99984,198,100003,198,99983,198,100009,198,99982,198,100024,198,99981,198,100029,198,99966,198,100048,100,99960,100,100051,100,99959,100,100056,100,99955,100,100059,100,99942,100,100094,100,99940,200
2019-06-28 09:31:45.469560340,100002,198,99984,198,100003,198,99983,198,100009,198,99982,198,100024,198,99981,198,100029,198,99966,198,100048,100,99960,100,100051,100,99959,100,100056,100,99955,100,100059,100,99942,100,100094,100,99940,200
2019-06-28 09:31:50.000000000,100002,266,99984,266,100003,261,99983,261,100009,261,99982,261,100024,100,99981,100,100029,100,99966,100,100048,100,99960,100,100051,100,99959,100,100056,100,99955,100,100059,100,99942,100,100094,100,99940,200
2019-06-28 09:32:00.000000000,100002,198,99984,198,100003,198,99983,198,100009,198,99982,198,100024,198,99981,198,100029,198,99966,198,100048,100,99960,100,100051,100,99959,100,100056,100,99955,100,100059,100,99942,100,100094,100,99940,200
2019-06-28 09:32:10.000000000,100002,344,99984,344,100003,344,99983,344,100009,100,99982,100,100024,100,99981,100,100029,100,99966,100,100048,100,99960,100,100051,100,99959,100,100056,100,99955,100,100059,100,99942,100,100094,100,99940,200
2019-06-28 09:32:20.000000000,100002,588,99984,588,100003,100,99983,100,100009,100,99982,100,100024,100,99981,100,100029,100,99966,100,100048,100,99960,100,100051,100,99959,100,100056,100,99955,100,100059,100,99942,100,100094,100,99940,200
2019-06-28 09:32:28.605819145,100002,588,99984,488,100003,100,99983,100,100009,100,99982,100,100024,100,99981,100,100029,100,99966,100,100048,100,99960,100,100051,100,99959,100,100056,100,99955,100,100059,100,99942,100,100094,100,99940,200
2019-06-28 09:32:30.000000000,100002,222,99983,222,100003,222,99982,222,100009,222,99981,222,100024,222,99966,222,100029,100,99960,100,100048,100,99959,100,100051,100,99955,100,100056,100,99942,100,100059,100,99940,200,100094,100,99934,100
2019-06-28 09:32:37.415776386,100001,100,99983,222,100002,222,99982,222,100003,222,99981,222,100009,222,99966,222,100024,222,99960,100,100029,100,99959,100,100048,100,99955,100,100051,100,99942,100,100056,100,99940,200,100059,100,99934,100
2019-06-28 09:32:40.000000000,100001,588,99983,588,100002,100,99982,100,100003,100,99981,100,100009,100,99966,100,100024,100,99960,100,100029,100,99959,100,100048,100,99955,100,100051,100,99942,100,100056,100,99940,200,100059,100,99934,100
2019-06-28 09:32:50.000000000,100001,198,99983,198,100002,198,99982,198,100003,198,99981,198,100009,198,99966,198,100024,198,99960,198,100029,100,99959,100,100048,100,99955,100,100051,100,99942,100,100056,100,99940,200,100059,100,99934,100
2019-06-28 09:32:54.346065008,100001,198,99983,98,100002,198,99982,198,100003,198,99981,198,100009,198,99966,198,100024,198,99960,198,100029,100,99959,100,100048,100,99955,100,100051,100,99942,100,100056,100,99940,200,100059,100,99934,100
2019-06-28 09:33:00.000000000,100001,344,99982,344,100002,344,99981,344,100003,100,99966,100,100009,100,99960,100,100024,100,99959,100,100029,100,99955,100,100048,100,99942,100,100051,100,99940,200,100056,100,99934,100,100059,100,99933,100
2019-06-28 09:33:10.000000000,100001,344,99982,344,100002,344,99981,344,100003,100,99966,100,100009,100,99960,100,100024,100,99959,100,100029,100,99955,100,100048,100,99942,100,100051,100,99940,200,100056,100,99934,100,100059,100,99933,100
2019-06-28 09:33:20.000000000,100001,198,99982,198,100002,198,99981,198,100003,198,99966,198,100009,198,99960,198,100024,198,99959,198,100029,100,99955,100,100048,100,99942,100,100051,100,99940,200,100056,100,99934,100,100059,100,99933,100
2019-06-28 09:33:24.691791054,99984,100,99982,198,100001,198,99981,198,100002,198,99966,198,100003,198,99960,198,100009,198,99959,198,100024,198,99955,100,100029,100,99942,100,100048,100,99940,200,100051,100,99934,100,100056,100,99933,100
2019-06-28 09:33:28.446450622,99984,100,99982,198,100001,198,99981,198,100002,198,99966,198,100003,198,99960,198,100009,198,99959,198,100024,198,99955,100,100029,100,99942,100,100048,100,99940,200,100051,100,99934,100,100056,100,99933,100
2019-06-28 09:33:30.000000000,99984,588,99982,588,100001,100,99981,100,100002,100,99966,100,100003,100,99960,100,100009,100,99959,100,100024,100,99955,100,100029,100,99942,100,100048,100,99940,200,100051,100,99934,100,100056,100,99933,100
2019-06-28 09:33:40.000000000,99984,266,99982,266,100001,261,99981,261,100002,261,99966,261,100003,100,99960,100,100009,100,99959,100,100024,100,99955,100,100029,100,99942,100,100048,100,99940,200,100051,100,99934,100,100056,100,99933,100
2019-06-28 09:33:47.008136859,99984,266,99982,166,100001,261,99981,261,100002,261,99966,261,100003,100,99959,100,100009,100,99955,100,100024,100,99942,100,100029,100,99940,200,100048,100,99934,100,100051,100,99933,100,100056,100,99918,100
2019-06-28 09:33:50.000000000,99984,344,99981,344,100001,344,99966,344,100002,100,99959,100,100003,100,99955,100,100009,100,99942,100,100024,100,99940,200,100029,100,99934,100,100048,100,99933,100,100051,100,99918,100,100056,100,99905,100
2019-06-28 09:33:51.856689143,99984,344,99981,344,100001,344,99966,344,100002,100,99959,100,100003,100,99955,100,100009,100,99942,100,100024,100,99940,200,100029,100,99934,100,100048,100,99933,100,100051,100,99918,100,100056,100,99905,100
2019-06-28 09:34:00.000000000,99984,266,99981,266,100001,261,99966,261,100002,261,99959,261,100003,100,99955,100,100009,100,99942,100,100024,100,99940,200,100029,100,99934,100,100048,100,99933,100,100051,100,99918,100,100056,100,99905,100
2019-06-28 09:34:10.000000000,99984,344,99981,344,100001,344,99966,344,100002,100,99959,100,100003,100,99955,100,100009,100,99942,100,100024,100,99940,200,100029,100,99934,100,100048,100,99933,100,100051,100,99918,100,100056,100,99905,100
2019-06-28 09:34:20.000000000,99984,198,99981,198,100001,198,99966,198,100002,198,99959,198,100003,198,99955,198,100009,198,99942,198,100024,100,99940,200,100029,100,99934,100,100048,100,99933,100,100051,100,99918,100,100056,100,99905,100
2019-06-28 09:34:21.818753388,99984,198,99981,198,100001,198,99966,198,100002,198,99959,198,100003,198,99955,198,100009,198,99942,198,100024,100,99940,200,100029,100,99934,100,100048,100,99933,100,100051,100,99918,100,100056,100,99905,100
2019-06-28 09:34:25.939939077,99984,198,99981,98,100001,198,99966,198,100002,198,99959,198,100003,198,99955,198,100009,198,99942,198,100024,100,99940,200,100029,100,99934,100,100048,100,99933,100,100051,100,99918,100,100056,100,99905,100
2019-06-28 09:34:30.000000000,99984,266,99966,266,100001,261,99959,261,100002,261,99955,261,100003,100,99942,100,100009,100,99940,200,100024,100,99934,100,100029,100,99933,100,100048,100,99918,100,100051,100,99905,100,100056,100,99904,100
2019-06-28 09:34:40.000000000,99984,198,99966,198,100001,198,99959,198,100002,198,99955,198,100003,198,99942,198,100009,198,99940,298,100024,100,99934,100,100029,100,99933,100,100048,100,99918,100,100051,100,99905,100,100056,100,99904,100
2019-06-28 09:34:47.016540998,99984,198,99966,198,100001,198,99959,198,100002,198,99955,198,100003,198,99942,198,100009,198,99940,298,100024,100,99934,100,100029,100,99933,100,100048,100,99918,100,100051,100,99905,100,100056,100,99904,100
2019-06-28 09:34:47.711575306,99984,198,99966,198,100001,198,99959,198,100002,198,99955,198,100003,198,99942,198,100009,198,99940,298,100024,100,99934,100,100029,100,99933,100,100048,100,99918,100,100051,100,99905,100,100056,100,99904,100
2019-06-28 09:34:50.000000000,99984,266,99966,266,100001,261,99959,261,100002,261,99955,261,100003,100,99942,100,100009,100,99940,200,100024,100,99934,100,100029,100,99933,100,100048,100,99918,100,100051,100,99905,100,100056,100,99904,100
2019-06-28 09:34:56.441102755,99982,100,99966,266,99984,266,99959,261,100001,261,99955,261,100002,261,99942,100,100003,100,99940,200,100009,100,99934,100,100024,100,99933,100,100029,100,99918,100,100048,100,99905,100,100051,100,99904,100
2019-06-28 09:35:00.000000000,99982,198,99966,198,99984,198,99959,198,100001,198,99955,198,100002,198,99942,198,100003,198,99940,298,100009,100,99934,100,100024,100,99933,100,100029,100,99918,100,100048,100,99905,100,100051,100,99904,100
2019-06-28 09:35:03.375554071,99982,198,99966,98,99984,198,99959,198,100001,198,99955,198,100002,198,99942,198,100003,198,99940,298,100009,100,99934,100,100024,100,99933,100,100029,100,99918,100,100048,100,99905,100,100051,100,99904,100
2019-06-28 09:35:10.000000000,99982,588,99959,588,99984,100,99955,100,100001,100,99942,100,100002,100,99940,200,100003,100,99934,100,100009,100,99933,100,100024,100,99918,100,100029,100,99905,100,100048,100,99904,100,100051,100,99881,100
2019-06-28 09:35:17.796428485,99981,100,99959,588,99982,588,99955,100,99984,100,99942,100,100001,100,99940,200,100002,100,99934,100,100003,100,99933,100,100009,100,99918,100,100024,100,99905,100,100029,100,99904,100,100048,100,99881,100
2019-06-28 09:35:20.000000000,99981,588,99959,588,99982,100,99955,100,99984,100,99942,100,100001,100,99940,200,100002,100,99934,100,100003,100,99933,100,100009,100,99918,100,100024,100,99905,100,100029,100,99904,100,100048,100,99881,100
2019-06-28 09:35:30.000000000,99981,198,99959,198,99982,198,99955,198,99984,198,99942,198,100001,198,99940,298,100002,198,99934,198,100003,100,99933,100,100009,100,99918,100,100024,100,99905,100,100029,100,99904,100,100048,100,99881,100
2019-06-28 09:35:34.095882291,99981,198,99959,198,99982,198,99955,198,99984,198,99942,198,100001,198,99940,298,100002,198,99934,198,100003,100,99933,100,100009,100,99918,100,100024,100,99904,100,100029,100,99881,100,100048,100,99847,100
2019-06-28 09:35:40.000000000,99981,198,99959,198,99982,198,99955,198,99984,198,99942,198,100001,198,99940,298,100002,198,99934,198,100003,100,99933,100,100009,100,99918,100,100024,100,99904,100,100029,100,99881,100,100048,100,99847,100
2019-06-28 09:35:42.836202324,99981,298,99959,198,99982,198,99955,198,99984,198,99942,198,100001,198,99940,298,100002,198,99934,198,100003,100,99933,100,100009,100,99918,100,100024,100,99904,100,100029,100,99881,100,100048,100,99847,100
2019-06-28 09:35:50.000000000,99981,444,99959,344,99982,344,99955,344,99984,100,99942,100,100001,100,99940,200,100002,100,99934,100,100003,100,99933,100,100009,100,99918,100,100024,100,99904,100,100029,100,99881,100,100048,100,99847,100
2019-06-28 09:35:55.847835589,99981,544,99959,344,99982,244,99955,344,99984,100,99942,100,100001,100,99940,200,100002,100,99934,100,100003,100,99933,100,100009,100,99918,100,100024,100,99904,100,100029,100,99881,100,100048,100,99847,100
2019-06-28 09:36:00.000000000,99981,398,99959,198,99984,198,99955,198,100001,198,99942,198,100002,198,99940,298,100003,198,99934,198,100009,100,99933,100,100024,100,99918,100,100029,100,99904,100,100048,100,99881,100,100051,100,99847,100
2019-06-28 09:36:10.000000000,99981,544,99959,344,99984,344,99955,344,100001,100,99942,100,100002,100,99940,200,100003,100,99934,100,100009,100,99933,100,100024,100,99918,100,100029,100,99904,100,100048,100,99881,100,100051,100,99847,100
2019-06-28 09:36:17.505492496,99981,444,99959,344,99984,344,99955,344,100001,100,99942,100,100002,100,99940,200,100003,100,99934,100,100009,100,99933,100,100024,100,99918,100,100029,100,99904,100,100048,100,99881,100,100051,100,99847,100
2019-06-28 09:36:19.100143637,99981,544,99959,344,99984,344,99955,344,100001,100,99942,100,100002,100,99940,200,100003,100,99934,100,100009,100,99933,100,100024,100,99918,100,100029,100,99904,100,100048,100,99881,100,100051,100,99847,100
2019-06-28 09:36:20.000000000,99981,398,99959,198,99984,198,99955,198,100001,198,99942,198,100002,198,99940,298,100003,198,99934,198,100009,100,99933,100,100024,100,99918,100,100029,100,99904,100,100048,100,99881,100,100051,100,99847,100
2019-06-28 09:36:30.000000000,99981,544,99959,344,99984,344,99955,344,100001,100,99942,100,100002,100,99940,200,100003,100,99934,100,100009,100,99933,100,100024,100,99918,100,100029,100,99904,100,100048,100,99881,100,100051,100,99847,100
2019-06-28 09:36:35.413174578,99981,544,99959,344,99984,344,99955,344,100001,100,99942,100,100002,100,99940,200,100003,100,99934,100,100009,100,99933,100,100024,100,99904,100,100029,100,99881,100,100048,100,99847,100,100051,100,99823,100
2019-06-28 09:36:40.000000000,99981,422,99959,222,99984,222,99955,222,100001,222,99942,222,100002,222,99940,322,100003,100,99934,100,100009,100,99933,100,100024,100,99904,100,100029,100,99881,100,100048,100,99847,100,100051,100,99823,100
2019-06-28 09:36:48.820740649,99981,422,99959,122,99984,222,99955,222,100001,222,99942,222,100002,222,99940,322,100003,100,99934,100,100009,100,99933,100,100024,100,99904,100,100029,100,99881,100,100048,100,99847,100,100051,100,99823,100
2019-06-28 09:36:50.000000000,99981,466,99955,266,99984,261,99942,261,100001,261,99940,361,100002,100,99934,100,100003,100,99933,100,100009,100,99904,100,100024,100,99881,100,100029,100,99847,100,100048,100,99823,100,100051,100,99153,100
2019-06-28 09:36:50.797200831,99981,466,99955,266,99984,261,99942,261,100001,261,99940,361,100002,100,99934,100,100003,100,99933,100,100009,100,99904,100,100024,100,99881,100,100029,100,99847,100,100048,100,99823,100,100051,100,99638,100
2019-06-28 09:37:00.000000000,99981,466,99955,266,99984,261,99942,261,100001,261,99940,361,100002,100,99934,100,100003,100,99933,100,100009,100,99904,100,100024,100,99881,100,100029,100,99847,100,100048,100,99823,100,100051,100,99638,100
2019-06-28 09:37:10.000000000,99981,466,99955,266,99984,261,99942,261,100001,261,99940,361,100002,100,99934,100,100003,100,99933,100,100009,100,99904,100,100024,100,99881,100,100029,100,99847,100,100048,100,99823,100,100051,100,99638,100
2019-06-28 09:37:20.000000000,99981,422,99955,222,99984,222,99942,222,100001,222,99940,322,100002,222,99934,222,100003,100,99933,100,100009,100,99904,100,100024,100,99881,100,100029,100,99847,100,100048,100,99823,100,100051,100,99638,100
2019-06-28 09:37:23.114443261,99981,422,99955,222,99984,222,99942,222,100001,222,99940,322,100002,222,99934,222,100003,100,99933,100,100009,100,99904,100,100024,100,99881,100,100029,100,99847,100,100048,100,99823,100,100051,100,99638,100
2019-06-28 09:37:30.000000000,99981,398,99955,198,99984,198,99942,198,100001,198,99940,298,100002,198,99934,198,100003,198,99933,198,100009,100,99904,100,100024,100,99881,100,100029,100,99847,100,100048,100,99823,100,100051,100,99638,100
2019-06-28 09:37:31.836863543,99966,100,99955,198,99981,398,99942,198,99984,198,99940,298,100001,198,99934,198,100002,198,99933,198,100003,198,99904,100,100009,100,99881,100,100024,100,99847,100,100029,100,99823,100,100048,100,99638,100
2019-06-28 09:37:34.215310739,99966,100,99955,198,99981,398,99942,198,99984,198,99940,298,100001,198,99934,198,100002,198,99933,198,100003,198,99904,100,100009,100,99847,100,100024,100,99823,100,100029,100,99638,100,100048,100,99329,100
2019-06-28 09:37:40.000000000,99966,588,99955,588,99981,300,99942,100,99984,100,99940,200,100001,100,99934,100,100002,100,99933,100,100003,100,99904,100,100009,100,99847,100,100024,100,99823,100,100029,100,99638,100,100048,100,99329,100
2019-06-28 09:37:42.265871859,99966,588,99955,488,99981,300,99942,100,99984,100,99940,200,100001,100,99934,100,100002,100,99933,100,100003,100,99904,100,100009,100,99847,100,100024,100,99638,100,100029,100,99329,100,100048,100,99211,100
2019-06-28 09:37:50.000000000,99966,222,99942,222,99981,422,99940,322,99984,222,99934,222,100001,222,99933,222,100002,100,99904,100,100003,100,99847,100,100009,100,99638,100,100024,100,99329,100,100029,100,99211,100,100048,100,99153,100
2019-06-28 09:38:00.000000000,99966,222,99942,222,99981,422,99940,322,99984,222,99934,222,100001,222,99933,222,100002,100,99904,100,100003,100,99847,100,100009,100,99638,100,100024,100,99329,100,100029,100,99211,100,100048,100,99153,100
2019-06-28 09:38:10.000000000,99966,588,99942,588,99981,300,99940,200,99984,100,99934,100,100001,100,99933,100,100002,100,99904,100,100003,100,99847,100,100009,100,99638,100,100024,100,99329,100,100029,100,99211,100,100048,100,99153,100
2019-06-28 09:38:20.000000000,99966,266,99942,266,99981,461,99940,361,99984,261,99934,261,100001,100,99933,100,100002,100,99904,100,100003,100,99847,100,100009,100,99638,100,100024,100,99329,100,100029,100,99211,100,100048,100,99153,100
2019-06-28 09:38:22.294974351,99966,266,99942,166,99981,461,99940,361,99984,261,99934,261,100001,100,99933,100,100002,100,99904,100,100003,100,99847,100,100009,100,99638,100,100024,100,99329,100,100048,100,99211,100,100051,100,99153,100
2019-06-28 09:38:30.000000000,99966,198,99940,298,99981,398,99934,198,99984,198,99933,198,100001,198,99904,198,100002,198,99847,198,100003,100,99638,100,100009,100,99329,100,100024,100,99211,100,100048,100,99153,100,100051,100,99071,100
2019-06-28 09:38:33.290359714,99966,198,99940,298,99981,398,99934,198,99984,198,99933,198,100001,198,99904,198,100002,198,99847,198,100003,100,99638,100,100009,100,99329,100,100024,100,99211,100,100048,100,99153,100,100051,100,99071,100
2019-06-28 09:38:40.000000000,99966,344,99940,444,99981,544,99934,344,99984,100,99933,100,100001,100,99904,100,100002,100,99847,100,100003,100,99638,100,100009,100,99329,100,100024,100,99211,100,100048,100,99153,100,100051,100,99071,100
2019-06-28 09:38:50.000000000,99966,266,99940,366,99981,461,99934,261,99984,261,99933,261,100001,100,99904,100,100002,100,99847,100,100003,100,99638,100,100009,100,99329,100,100024,100,99211,100,100048,100,99153,100,100051,100,99071,100
2019-06-28 09:38:51.754131539,99955,100,99940,366,99966,266,99934,261,99981,461,99933,261,99984,261,99904,100,100001,100,99847,100,100002,100,99638,100,100003,100,99329,100,100009,100,99211,100,100024,100,99153,100,100048,100,99071,100
2019-06-28 09:39:00.000000000,99955,266,99940,366,99966,261,99934,261,99981,461,99933,261,99984,100,99904,100,100001,100,99847,100,100002,100,99638,100,100003,100,99329,100,100009,100,99211,100,100024,100,99153,100,100048,100,99071,100
2019-06-28 09:39:10.000000000,99955,198,99940,298,99966,198,99934,198,99981,398,99933,198,99984,198,99904,198,100001,198,99847,198,100002,100,99638,100,100003,100,99329,100,100009,100,99211,100,100024,100,99153,100,100048,100,99071,100
2019-06-28 09:39:20.000000000,99955,344,99940,444,99966,344,99934,344,99981,300,99933,100,99984,100,99904,100,100001,100,99847,100,100002,100,99638,100,100003,100,99329,100,100009,100,99211,100,100024,100,99153,100,100048,100,99071,100
2019-06-28 09:39:21.194181611,99955,444,99940,444,99966,344,99934,344,99981,300,99933,100,99984,100,99904,100,100001,100,99847,100,100002,100,99638,100,100003,100,99329,100,100009,100,99211,100,100024,100,99153,100,100048,100,99071,100
2019-06-28 09:39:30.000000000,99955,688,99940,688,99966,100,99934,100,99981,300,99933,100,99984,100,99904,100,100001,100,99847,100,100002,100,99638,100,100003,100,99329,100,100009,100,99211,100,100024,100,99153,100,100048,100,99071,100
2019-06-28 09:39:40.000000000,99955,366,99940,366,99966,261,99934,261,99981,461,99933,261,99984,100,99904,100,100001,100,99847,100,100002,100,99638,100,100003,100,99329,100,100009,100,99211,100,100024,100,99153,100,100048,100,99071,100
2019-06-28 09:39:49.526454101,99955,366,99940,366,99966,261,99934,261,99981,461,99933,261,99984,100,99904,100,100001,100,99847,100,100002,100,99638,100,100003,100,99468,100,100009,100,99329,100,100024,100,99211,100,100048,100,99153,100
2019-06-28 09:39:50.000000000,99955,298,99940,298,99966,198,99934,198,99981,398,99933,198,99984,198,99904,198,100001,198,99847,198,100002,100,99638,100,100003,100,99468,100,100009,100,99329,100,100024,100,99211,100,100048,100,99153,100
2019-06-28 09:40:00.000000000,99955,322,99940,322,99966,222,99934,222,99981,422,99933,222,99984,222,99904,222,100001,100,99847,100,100002,100,99638,100,100003,100,99468,100,100009,100,99329,100,100024,100,99211,100,100048,100,99153,100
2019-06-28 09:40:10.000000000,99955,444,99940,444,99966,344,99934,344,99981,300,99933,100,99984,100,99904,100,100001,100,99847,100,100002,100,99638,100,100003,100,99468,100,100009,100,99329,100,100024,100,99211,100,100048,100,99153,100
2019-06-28 09:40:20.000000000,99955,444,99940,444,99966,344,99934,344,99981,300,99933,100,99984,100,99904,100,100001,100,99847,100,100002,100,99638,100,100003,100,99468,100,100009,100,99329,100,100024,100,99211,100,100048,100,99153,100
2019-06-28 09:40:26.079098062,99955,444,99940,444,99966,344,99934,344,99981,300,99933,100,99984,100,99904,100,100001,100,99847,100,100002,100,99638,100,100003,100,99595,100,100009,100,99468,100,100024,100,99329,100,100048,100,99211,100
2019-06-28 09:40:30.000000000,99955,444,99940,444,99966,344,99934,344,99981,300,99933,100,99984,100,99904,100,100001,100,99847,100,100002,100,99638,100,100003,100,99595,100,100009,100,99468,100,100024,100,99329,100,100048,100,99211,100
2019-06-28 09:40:35.038056423,99955,444,99940,444,99966,244,99934,344,99981,300,99933,100,99984,100,99904,100,100001,100,99847,100,100002,100,99638,100,100003,100,99595,100,100009,100,99468,100,100024,100,99329,100,100048,100,99211,100
2019-06-28 09:40:40.000000000,99955,298,99940,298,99981,398,99934,198,99984,198,99933,198,100001,198,99904,198,100002,198,99847,198,100003,100,99638,100,100009,100,99595,100,100024,100,99468,100,100048,100,99329,100,100051,100,99211,100
2019-06-28 09:40:50.000000000,99955,366,99940,366,99981,461,99934,261,99984,261,99933,261,100001,100,99904,100,100002,100,99847,100,100003,100,99638,100,100009,100,99595,100,100024,100,99468,100,100048,100,99329,100,100051,100,99211,100
2019-06-28 09:40:57.343352879,99955,366,99940,366,99981,461,99934,261,99984,261,99933,261,100001,100,99904,100,100002,100,99847,100,100003,100,99638,100,100009,100,99595,100,100024,100,99573,100,100048,100,99468,100,100051,100,99329,100
2019-06-28 09:41:00.000000000,99955,366,99940,366,99981,461,99934,261,99984,261,99933,261,100001,100,99904,100,100002,100,99847,100,100003,100,99638,100,100009,100,99595,100,100024,100,99573,100,100048,100,99468,100,100051,100,99329,100
2019-06-28 09:41:01.145133850,99955,366,99940,266,99981,461,99934,261,99984,261,99933,261,100001,100,99904,100,100002,100,99847,100,100003,100,99638,100,100009,100,99595,100,100024,100,99573,100,100048,100,99468,100,100051,100,99329,100
2019-06-28 09:41:10.000000000,99955,298,99940,198,99981,398,99934,198,99984,198,99933,198,100001,198,99904,198,100002,198,99847,198,100003,100,99638,100,100009,100,99595,100,100024,100,99573,100,100048,100,99468,100,100051,100,99329,100
2019-06-28 09:41:16.231759164,99942,100,99940,198,99955,298,99934,198,99981,298,99933,198,99984,198,99904,198,100001,198,99847,198,100002,198,99638,100,100003,100,99595,100,100009,100,99573,100,100024,100,99468,100,100048,100,99329,100
2019-06-28 09:41:20.000000000,99942,344,99940,344,99955,444,99934,344,99981,200,99933,100,99984,100,99904,100,100001,100,99847,100,100002,100,99638,100,100003,100,99595,100,100009,100,99573,100,100024,100,99468,100,100048,100,99329,100
2019-06-28 09:41:30.000000000,99942,588,99940,588,99955,200,99934,100,99981,200,99933,100,99984,100,99904,100,100001,100,99847,100,100002,100,99638,100,100003,100,99595,100,100009,100,99573,100,100024,100,99468,100,100048,100,99329,100
2019-06-28 09:41:36.472137496,99942,588,99940,488,99955,200,99934,100,99981,200,99933,100,99984,100,99904,100,100001,100,99847,100,100002,100,99638,100,100003,100,99595,100,100009,100,99573,100,100024,100,99468,100,100048,100,99329,100
2019-06-28 09:41:39.495984699,99942,588,99940,488,99955,200,99934,100,99981,200,99933,100,99984,100,99904,100,100001,100,99847,100,100002,100,99638,100,100003,100,99595,100,100009,100,99573,100,100024,100,99468,100,100048,100,99344,100
2019-06-28 09:41:40.000000000,99942,588,99934,588,99955,200,99933,100,99981,200,99904,100,99984,100,99847,100,100001,100,99638,100,100002,100,99595,100,100003,100,99573,100,100009,100,99468,100,100024,100,99344,100,100048,100,99329,100
2019-06-28 09:41:50.000000000,99942,266,99934,266,99955,361,99933,261,99981,361,99904,261,99984,100,99847,100,100001,100,99638,100,100002,100,99595,100,100003,100,99573,100,100009,100,99468,100,100024,100,99344,100,100048,100,99329,100
2019-06-28 09:41:50.821382966,99942,266,99934,166,99955,361,99933,261,99981,361,99904,261,99984,100,99847,100,100001,100,99638,100,100002,100,99595,100,100003,100,99573,100,100009,100,99468,100,100024,100,99329,100,100048,100,99211,100
2019-06-28 09:42:00.000000000,99942,344,99933,344,99955,444,99904,344,99981,200,99847,100,99984,100,99638,100,100001,100,99595,100,100002,100,99573,100,100003,100,99468,100,100009,100,99329,100,100024,100,99211,100,100048,100,99071,100
2019-06-28 09:42:10.000000000,99942,344,99933,344,99955,444,99904,344,99981,200,99847,100,99984,100,99638,100,100001,100,99595,100,100002,100,99573,100,100003,100,99468,100,100009,100,99329,100,100024,100,99211,100,100048,100,99071,100
2019-06-28 09:42:20.000000000,99942,266,99933,266,99955,361,99904,261,99981,361,99847,261,99984,100,99638,100,100001,100,99595,100,100002,100,99573,100,100003,100,99468,100,100009,100,99329,100,100024,100,99211,100,100048,100,99071,100
2019-06-28 09:42:24.090472326,99942,266,99933,166,99955,361,99904,261,99981,361,99847,261,99984,100,99638,100,100001,100,99595,100,100002,100,99573,100,100003,100,99468,100,100009,100,99329,100,100024,100,99211,100,100048,100,99071,100
2019-06-28 09:42:30.000000000,99942,588,99904,588,99955,200,99847,100,99981,200,99638,100,99984,100,99595,100,100001,100,99573,100,100002,100,99468,100,100003,100,99329,100,100009,100,99211,100,100024,100,99071,100,100048,100,99026,100
2019-06-28 09:42:32.717829641,99942,588,99904,588,99955,200,99847,100,99981,200,99638,100,99984,100,99595,100,100001,100,99573,100,100002,100,99453,100,100003,100,99329,100,100009,100,99211,100,100024,100,99071,100,100048,100,99026,100
2019-06-28 09:42:35.087140643,99942,588,99904,488,99955,200,99847,100,99981,200,99638,100,99984,100,99595,100,100001,100,99573,100,100002,100,99453,100,100003,100,99329,100,100009,100,99211,100,100024,100,99071,100,100048,100,99026,100
2019-06-28 09:42:40.000000000,99942,266,99847,266,99955,361,99638,261,99981,361,99595,261,99984,100,99573,100,100001,100,99453,100,100002,100,99329,100,100003,100,99211,100,100009,100,99071,100,100024,100,99026,100,100048,100,98639,100
2019-06-28 09:42:42.942591616,99933,100,99847,266,99942,266,99638,261,99955,361,99595,261,99981,361,99573,100,99984,100,99453,100,100001,100,99329,100,100002,100,99211,100,100003,100,99071,100,100009,100,99026,100,100024,100,98639,100
2019-06-28 09:42:50.000000000,99933,588,99847,588,99942,100,99638,100,99955,200,99595,100,99981,200,99573,100,99984,100,99453,100,100001,100,99329,100,100002,100,99211,100,100003,100,99071,100,100009,100,99026,100,100024,100,98639,100
2019-06-28 09:42:50.150108550,99933,588,99847,488,99942,100,99638,100,99955,200,99595,100,99981,200,99573,100,99984,100,99453,100,100001,100,99329,100,100002,100,99211,100,100003,100,99071,100,100009,100,99026,100,100024,100,98639,100
2019-06-28 09:42:55.420606799,99933,588,99847,388,99942,100,99638,100,99955,200,99595,100,99981,200,99573,100,99984,100,99453,100,100001,100,99329,100,100002,100,99211,100,100003,100,99071,100,100009,100,99026,100,100024,100,98639,100
2019-06-28 09:43:00.000000000,99933,222,99638,222,99942,222,99595,222,99955,322,99573,222,99981,322,99453,222,99984,100,99329,100,100001,100,99211,100,100002,100,99071,100,100003,100,99026,100,100009,100,98639,100,100024,100,98478,100
2019-06-28 09:43:10.000000000,99933,588,99638,588,99942,100,99595,100,99955,200,99573,100,99981,200,99453,100,99984,100,99329,100,100001,100,99211,100,100002,100,99071,100,100003,100,99026,100,100009,100,98639,100,100024,100,98478,100
2019-06-28 09:43:13.008879357,99847,100,99638,588,99933,588,99595,100,99942,100,99573,100,99955,200,99453,100,99981,200,99329,100,99984,100,99211,100,100001,100,99071,100,100002,100,99026,100,100003,100,98639,100,100009,100,98478,100
2019-06-28 09:43:19.464441384,99847,100,99751,100,99933,588,99638,588,99942,100,99595,100,99955,200,99573,100,99981,200,99453,100,99984,100,99329,100,100001,100,99211,100,100002,100,99071,100,100003,100,99026,100,100009,100,98639,100
2019-06-28 09:43:20.000000000,99847,588,99751,588,99933,100,99638,100,99942,100,99595,100,99955,200,99573,100,99981,200,99453,100,99984,100,99329,100,100001,100,99211,100,100002,100,99071,100,100003,100,99026,100,100009,100,98639,100
2019-06-28 09:43:25.998192033,99847,588,99751,588,99933,100,99638,100,99942,100,99595,100,99955,200,99573,100,99981,200,99453,100,100001,100,99329,100,100002,100,99211,100,100003,100,99071,100,100009,100,99026,100,100024,100,98639,100
2019-06-28 09:43:30.000000000,99847,222,99751,222,99933,222,99638,222,99942,222,99595,222,99955,322,99573,222,99981,200,99453,100,100001,100,99329,100,100002,100,99211,100,100003,100,99071,100,100009,100,99026,100,100024,100,98639,100
2019-06-28 09:43:40.000000000,99847,344,99751,344,99933,344,99638,344,99942,100,99595,100,99955,200,99573,100,99981,200,99453,100,100001,100,99329,100,100002,100,99211,100,100003,100,99071,100,100009,100,99026,100,100024,100,98639,100
2019-06-28 09:43:47.195918230,99847,344,99789,100,99933,344,99751,344,99942,100,99638,344,99955,200,99595,100,99981,200,99573,100,100001,100,99453,100,100002,100,99329,100,100003,100,99211,100,100009,100,99071,100,100024,100,99026,100
2019-06-28 09:43:50.000000000,99847,344,99789,344,99933,344,99751,344,99942,100,99638,100,99955,200,99595,100,99981,200,99573,100,100001,100,99453,100,100002,100,99329,100,100003,100,99211,100,100009,100,99071,100,100024,100,99026,100
2019-06-28 09:43:59.947863154,99847,344,99789,244,99933,344,99751,344,99942,100,99638,100,99955,200,99595,100,99981,200,99573,100,100001,100,99453,100,100002,100,99211,100,100003,100,99071,100,100009,100,99026,100,100024,100,98639,100
2019-06-28 09:44:00.000000000,99847,588,99751,588,99933,100,99638,100,99942,100,99595,100,99955,200,99573,100,99981,200,99453,100,100001,100,99211,100,100002,100,99071,100,100003,100,99026,100,100009,100,98639,100,100024,100,98478,100
2019-06-28 09:44:05.362215079,99847,488,99751,588,99933,100,99638,100,99942,100,99595,100,99955,200,99573,100,99981,200,99453,100,100001,100,99211,100,100002,100,99071,100,100003,100,99026,100,100009,100,98639,100,100024,100,98478,100
2019-06-28 09:44:05.926981689,99847,488,99751,488,99933,100,99638,100,99942,100,99595,100,99955,200,99573,100,99981,200,99453,100,100001,100,99211,100,100002,100,99071,100,100003,100,99026,100,100009,100,98639,100,100024,100,98478,100
2019-06-28 09:44:10.000000000,99933,266,99638,266,99942,261,99595,261,99955,361,99573,261,99981,200,99453,100,100001,100,99211,100,100002,100,99071,100,100003,100,99026,100,100009,100,98639,100,100024,100,98478,100,100048,100,,
2019-06-28 09:44:10.582346360,99933,266,99768,100,99942,261,99638,266,99955,361,99595,261,99981,200,99573,261,100001,100,99453,100,100002,100,99211,100,100003,100,99071,100,100009,100,99026,100,100024,100,98639,100,100048,100,98478,100
2019-06-28 09:44:15.885948731,99843,100,99768,100,99933,266,99638,266,99942,261,99595,261,99955,361,99573,261,99981,200,99453,100,100001,100,99211,100,100002,100,99071,100,100003,100,99026,100,100009,100,98639,100,100024,100,,
2019-06-28 09:44:19.574596714,99933,266,99768,100,99942,261,99638,266,99955,361,99595,261,99981,200,99573,261,100001,100,99453,100,100002,100,99211,100,100003,100,99071,100,100009,100,99026,100,100024,100,98639,100,100048,100,,
2019-06-28 09:44:20.000000000,99933,344,99768,344,99942,344,99638,344,99955,200,99595,100,99981,200,99573,100,100001,100,99453,100,100002,100,99211,100,100003,100,99071,100,100009,100,99026,100,100024,100,98639,100,100048,100,,
2019-06-28 09:44:22.031957276,99933,244,99768,344,99942,344,99638,344,99955,200,99595,100,99981,200,99573,100,100001,100,99453,100,100002,100,99211,100,100003,100,99071,100,100009,100,99026,100,100024,100,98639,100,100048,100,,
2019-06-28 09:44:30.000000000,99942,588,99768,588,99955,200,99638,100,99981,200,99595,100,100001,100,99573,100,100002,100,99453,100,100003,100,99211,100,100009,100,99071,100,100024,100,99026,100,100048,100,98639,100,100094,100,,
2019-06-28 09:44:30.222518174,99942,488,99768,588,99955,200,99638,100,99981,200,99573,100,100001,100,99453,100,100002,100,99211,100,100003,100,99071,100,100009,100,99026,100,100024,100,98639,100,100048,100,,,100094,100,,
2019-06-28 09:44:33.979859582,99942,488,99937,100,99955,200,99768,588,99981,200,99638,100,100001,100,99573,100,100002,100,99453,100,100003,100,99211,100,100009,100,99071,100,100024,100,99026,100,100048,100,98639,100,100094,100,,
2019-06-28 09:44:40.000000000,99955,366,99937,266,99981,361,99768,261,100001,261,99638,261,100002,100,99573,100,100003,100,99453,100,100009,100,99211,100,100024,100,99071,100,100048,100,99026,100,100094,100,98639,100,100123,100,,
2019-06-28 09:44:40.506047803,99955,366,99937,266,99981,361,99768,261,100001,261,99638,261,100002,100,99573,100,100003,100,99453,100,100009,100,99211,100,100024,100,99071,100,100048,100,99026,100,100088,100,,,100094,100,,
2019-06-28 09:44:50.000000000,99955,298,99937,198,99981,298,99768,198,100001,198,99638,198,100002,198,99573,198,100003,198,99453,198,100009,100,99211,100,100024,100,99071,100,100048,100,99026,100,100088,100,,,100094,100,,
2019-06-28 09:45:00.000000000,99955,322,99937,222,99981,322,99768,222,100001,222,99638,222,100002,222,99573,222,100003,100,99453,100,100009,100,99211,100,100024,100,99071,100,100048,100,99026,100,100088,100,,,100094,100,,
2019-06-28 09:45:03.584659251,99955,322,99937,222,99981,322,99768,222,100001,222,99692,100,100002,222,99638,222,100003,100,99573,222,100009,100,99453,100,100024,100,99211,100,100048,100,99071,100,100088,100,99026,100,100094,100,,
2019-06-28 09:45:10.000000000,99955,322,99937,222,99981,322,99768,222,100001,222,99692,222,100002,222,99638,222,100003,100,99573,100,100009,100,99453,100,100024,100,99211,100,100048,100,99071,100,100088,100,99026,100,100094,100,,
2019-06-28 09:45:18.691476122,99955,322,99937,122,99981,222,99768,222,100001,222,99692,222,100002,222,99638,222,100003,100,99573,100,100009,100,99453,100,100024,100,99211,100,100048,100,99071,100,100088,100,99026,100,100094,100,,
2019-06-28 09:45:20.000000000,99955,322,99768,222,99981,222,99692,222,100001,222,99638,222,100002,222,99573,222,100003,100,99453,100,100009,100,99211,100,100024,100,99071,100,100048,100,99026,100,100088,100,,,100094,100,,
2019-06-28 09:45:30.000000000,99955,366,99768,266,99981,261,99692,261,100001,261,99638,261,100002,100,99573,100,100003,100,99453,100,100009,100,99211,100,100024,100,99071,100,100048,100,99026,100,100088,100,,,100094,100,,
2019-06-28 09:45:30.314357367,99955,366,99768,266,99981,261,99722,100,100001,261,99692,261,100002,100,99638,261,100003,100,99573,100,100009,100,99453,100,100024,100,99211,100,100048,100,99071,100,100088,100,99026,100,100123,100,,
2019-06-28 09:45:40.000000000,99955,298,99768,198,99981,198,99722,198,100001,198,99692,198,100002,198,99638,198,100003,198,99573,198,100009,100,99453,100,100024,100,99211,100,100048,100,99071,100,100088,100,99026,100,100123,100,,
2019-06-28 09:45:41.626255748,99955,198,99768,98,99981,198,99722,198,100001,198,99692,198,100002,198,99638,198,100003,198,99573,198,100009,100,99453,100,100024,100,99211,100,100048,100,99071,100,100088,100,99026,100,100123,100,,
2019-06-28 09:45:50.000000000,99955,198,99722,198,99981,198,99692,198,100001,198,99638,198,100002,198,99573,198,100003,198,99453,198,100009,100,99211,100,100024,100,99071,100,100048,100,99026,100,100088,100,,,100123,100,,
2019-06-28 09:45:56.094311177,99955,198,99722,198,99981,198,99692,198,100001,198,99638,198,100002,198,99573,198,100003,198,99453,198,100009,100,99211,100,100024,100,99071,100,100048,100,99026,100,100088,100,,,100123,100,,
2019-06-28 09:46:00.000000000,99955,344,99722,344,99981,344,99692,344,100001,100,99638,100,100002,100,99573,100,100003,100,99453,100,100009,100,99211,100,100024,100,99071,100,100048,100,99026,100,100088,100,,,100123,100,,
2019-06-28 09:46:10.000000000,99955,198,99722,198,99981,198,99692,198,100001,198,99638,198,100002,198,99573,198,100003,198,99453,198,100009,100,99211,100,100024,100,99071,100,100048,100,99026,100,100088,100,,,100123,100,,
2019-06-28 09:46:20.000000000,99955,344,99722,344,99981,344,99692,344,100001,100,99638,100,100002,100,99573,100,100003,100,99453,100,100009,100,99211,100,100024,100,99071,100,100048,100,99026,100,100088,100,,,100123,100,,
2019-06-28 09:46:30.000000000,99955,344,99722,344,99981,344,99692,344,100001,100,99638,100,100002,100,99573,100,100003,100,99453,100,100009,100,99211,100,100024,100,99071,100,100048,100,99026,100,100088,100,,,100123,100,,
2019-06-28 09:46:39.388488286,99955,244,99722,344,99981,344,99692,344,100001,100,99638,100,100002,100,99573,100,100003,100,99453,100,100009,100,99211,100,100024,100,99071,100,100048,100,99026,100,100088,100,,,100123,100,,
2019-06-28 09:46:40.000000000,99981,222,99722,222,100001,222,99692,222,100002,222,99638,222,100003,222,99573,222,100009,100,99453,100,100024,100,99211,100,100048,100,99071,100,100088,100,99026,100,100123,100,,,100142,100,,
2019-06-28 09:46:41.714174713,99981,222,99722,222,100001,222,99692,222,100002,222,99638,222,100003,222,99573,222,100009,100,99453,100,100024,100,99211,100,100048,100,99071,100,100088,100,99026,100,100097,100,,,100123,100,,
2019-06-28 09:46:47.164599597,99981,222,99722,222,99997,100,99692,222,100001,222,99638,222,100002,222,99573,122,100003,222,99453,100,100009,100,99211,100,100024,100,99071,100,100048,100,99026,100,100088,100,,,100097,100,,
2019-06-28 09:46:47.222199523,99981,122,99722,222,99997,100,99692,222,100001,222,99638,222,100002,222,99573,122,100003,222,99453,100,100009,100,99211,100,100024,100,99071,100,100048,100,99026,100,100088,100,,,100097,100,,
2019-06-28 09:46:48.957193559,99981,122,99865,100,99997,100,99722,222,100001,222,99692,222,100002,222,99638,222,100003,222,99573,122,100009,100,99453,100,100024,100,99211,100,100048,100,99071,100,100088,100,99026,100,100097,100,,
2019-06-28 09:46:50.000000000,99997,222,99865,222,100001,222,99722,222,100002,222,99692,222,100003,222,99638,222,100009,100,99453,100,100024,100,99211,100,100048,100,99071,100,100088,100,99026,100,100097,100,,,100123,100,,
2019-06-28 09:47:00.000000000,99997,222,99865,222,100001,222,99722,222,100002,222,99692,222,100003,222,99638,222,100009,100,99453,100,100024,100,99211,100,100048,100,99071,100,100088,100,99026,100,100097,100,,,100123,100,,
2019-06-28 09:47:07.095004262,99997,222,99865,122,100001,222,99722,222,100002,222,99692,222,100003,222,99638,222,100009,100,99453,100,100024,100,99211,100,100048,100,99071,100,100088,100,99026,100,100097,100,,,100123,100,,
2019-06-28 09:47:09.690949730,99997,222,99866,100,100001,222,99865,122,100002,222,99722,222,100003,222,99692,222,100009,100,99638,222,100024,100,99453,100,100048,100,99211,100,100088,100,99071,100,100097,100,99026,100,100123,100,,
2019-06-28 09:47:10.000000000,99997,588,99866,588,100001,100,99722,100,100002,100,99692,100,100003,100,99638,100,100009,100,99453,100,100024,100,99211,100,100048,100,99071,100,100088,100,99026,100,100097,100,,,100123,100,,
2019-06-28 09:47:20.000000000,99997,266,99866,266,100001,261,99722,261,100002,261,99692,261,100003,100,99638,100,100009,100,99453,100,100024,100,99211,100,100048,100,99071,100,100088,100,99026,100,100097,100,,,100123,100,,
2019-06-28 09:47:29.882186144,99997,266,99866,266,100001,261,99722,261,100002,261,99692,261,100003,100,99638,100,100009,100,99453,100,100024,100,99211,100,100037,100,99071,100,100048,100,99026,100,100088,100,,,100097,100,,
2019-06-28 09:47:30.000000000,99997,222,99866,222,100001,222,99722,222,100002,222,99692,222,100003,222,99638,222,100009,100,99453,100,100024,100,99211,100,100037,100,99071,100,100048,100,99026,100,100088,100,,,100097,100,,
2019-06-28 09:47:35.798281669,99997,222,99866,222,100001,222,99722,222,100002,222,99692,222,100003,222,99644,100,100009,100,99638,222,100024,100,99453,100,100037,100,99211,100,100048,100,99071,100,100088,100,99026,100,100097,100,,
2019-06-28 09:47:40.000000000,99997,588,99866,588,100001,100,99722,100,100002,100,99692,100,100003,100,99644,100,100009,100,99638,100,100024,100,99453,100,100037,100,99211,100,100048,100,99071,100,100088,100,99026,100,100097,100,,
2019-06-28 09:47:50.000000000,99997,344,99866,344,100001,344,99722,344,100002,100,99692,100,100003,100,99644,100,100009,100,99638,100,100024,100,99453,100,100037,100,99211,100,100048,100,99071,100,100088,100,99026,100,100097,100,,
2019-06-28 09:48:00.000000000,99997,222,99866,222,100001,222,99722,222,100002,222,99692,222,100003,222,99644,222,100009,100,99638,100,100024,100,99453,100,100037,100,99211,100,100048,100,99071,100,100088,100,99026,100,100097,100,,
2019-06-28 09:48:10.000000000,99997,222,99866,222,100001,222,99722,222,100002,222,99692,222,100003,222,99644,222,100009,100,99638,100,100024,100,99453,100,100037,100,99211,100,100048,100,99071,100,100088,100,99026,100,100097,100,,
2019-06-28 09:48:20.000000000,99997,222,99866,222,100001,222,99722,222,100002,222,99692,222,100003,222,99644,222,100009,100,99638,100,100024,100,99453,100,100037,100,99211,100,100048,100,99071,100,100088,100,99026,100,100097,100,,
2019-06-28 09:48:20.369681253,99997,122,99866,222,100001,222,99722,222,100002,222,99692,222,100003,222,99644,222,100009,100,99638,100,100024,100,99453,100,100037,100,99071,100,100048,100,99026,100,100088,100,,,100097,100,,
2019-06-28 09:48:30.000000000,100001,344,99866,344,100002,344,99722,344,100003,100,99692,100,100009,100,99644,100,100024,100,99638,100,100037,100,99453,100,100048,100,99071,100,100088,100,99026,100,100097,100,,,100123,100,,
2019-06-28 09:48:30.977600922,100001,244,99866,344,100002,344,99722,344,100003,100,99692,100,100009,100,99644,100,100024,100,99638,100,100037,100,99453,100,100048,100,99071,100,100088,100,99026,100,100097,100,,,100123,100,,
2019-06-28 09:48:40.000000000,100002,588,99866,588,100003,100,99722,100,100009,100,99692,100,100024,100,99644,100,100037,100,99638,100,100048,100,99453,100,100088,100,99071,100,100097,100,99026,100,100123,100,,,100172,100,,
2019-06-28 09:48:50.000000000,100002,266,99866,266,100003,261,99722,261,100009,261,99692,261,100024,100,99644,100,100037,100,99638,100,100048,100,99453,100,100088,100,99071,100,100097,100,99026,100,100123,100,,,100172,100,,
2019-06-28 09:49:00.000000000,100002,198,99866,198,100003,198,99722,198,100009,198,99692,198,100024,198,99644,198,100037,198,99638,198,100048,100,99453,100,100088,100,99071,100,100097,100,99026,100,100123,100,,,100172,100,,
2019-06-28 09:49:10.000000000,100002,344,99866,344,100003,344,99722,344,100009,100,99692,100,100024,100,99644,100,100037,100,99638,100,100048,100,99453,100,100088,100,99071,100,100097,100,99026,100,100123,100,,,100172,100,,
2019-06-28 09:49:19.019669028,100002,244,99866,344,100003,344,99722,344,100009,100,99692,100,100024,100,99644,100,100037,100,99638,100,100048,100,99453,100,100088,100,99071,100,100097,100,99026,100,100123,100,,,100172,100,,
2019-06-28 09:49:20.000000000,100003,222,99866,222,100009,222,99722,222,100024,222,99692,222,100037,222,99644,222,100048,100,99638,100,100088,100,99453,100,100097,100,99071,100,100123,100,99026,100,100172,100,,,100257,100,,
2019-06-28 09:49:23.267204253,100003,122,99866,222,100009,222,99722,222,100024,222,99692,222,100037,222,99644,222,100048,100,99638,100,100088,100,99453,100,100097,100,99071,100,100123,100,99026,100,100172,100,,,100257,100,,
2019-06-28 09:49:30.000000000,100009,266,99866,266,100024,261,99722,261,100037,261,99692,261,100048,100,99644,100,100088,100,99638,100,100097,100,99453,100,100123,100,99071,100,100172,100,99026,100,100257,100,,,100375,100,,
2019-06-28 09:49:40.000000000,100009,222,99866,222,100024,222,99722,222,100037,222,99692,222,100048,222,99644,222,100088,100,99638,100,100097,100,99453,100,100123,100,99071,100,100172,100,99026,100,100257,100,,,100375,100,,
2019-06-28 09:49:50.000000000,100009,344,99866,344,100024,344,99722,344,100037,100,99692,100,100048,100,99644,100,100088,100,99638,100,100097,100,99453,100,100123,100,99071,100,100172,100,99026,100,100257,100,,,100375,100,,
2019-06-28 09:49:57.318631490,100009,344,99866,344,100024,344,99722,344,100037,100,99692,100,100048,100,99644,100,100088,100,99638,100,100097,100,99453,100,100123,100,99071,100,100172,100,99026,100,100257,100,,,100270,100,,
2019-06-28 09:50:00.000000000,100009,266,99866,266,100024,261,99722,261,100037,261,99692,261,100048,100,99644,100,100088,100,99638,100,100097,100,99453,100,100123,100,99071,100,100172,100,99026,100,100257,100,,,100270,100,,
2019-06-28 09:50:06.748157399,100009,166,99866,266,100024,261,99722,261,100037,261,99692,261,100048,100,99644,100,100088,100,99638,100,100097,100,99453,100,100123,100,99071,100,100172,100,99026,100,100257,100,,,100270,100,,
2019-06-28 09:50:10.000000000,100024,266,99866,266,100037,261,99722,261,100048,261,99692,261,100088,100,99644,100,100097,100,99638,100,100123,100,99453,100,100172,100,99071,100,100257,100,99026,100,100270,100,,,100375,100,,
2019-06-28 09:50:18.293839048,100024,266,99907,100,100037,261,99866,266,100048,261,99722,261,100088,100,99692,261,100097,100,99644,100,100123,100,99638,100,100172,100,99453,100,100257,100,99071,100,100270,100,99026,100,100375,100,,
2019-06-28 09:50:20.000000000,100024,198,99907,198,100037,198,99866,198,100048,198,99722,198,100088,198,99692,198,100097,198,99644,198,100123,100,99638,100,100172,100,99453,100,100257,100,99071,100,100270,100,99026,100,100375,100,,
2019-06-28 09:50:30.000000000,100024,222,99907,222,100037,222,99866,222,100048,222,99722,222,100088,222,99692,222,100097,100,99644,100,100123,100,99638,100,100172,100,99453,100,100257,100,99071,100,100270,100,99026,100,100375,100,,
2019-06-28 09:50:30.638516222,100024,222,99907,222,100037,222,99885,100,100048,222,99866,222,100088,222,99722,222,100097,100,99692,222,100123,100,99644,100,100172,100,99638,100,100257,100,99453,100,100270,100,99071,100,100375,100,99026,100
2019-06-28 09:50:40.000000000,100024,266,99907,266,100037,261,99885,261,100048,261,99866,261,100088,100,99722,100,100097,100,99692,100,100123,100,99644,100,100172,100,99638,100,100257,100,99453,100,100270,100,99071,100,100375,100,99026,100
2019-06-28 09:50:50.000000000,100024,588,99907,588,100037,100,99885,100,100048,100,99866,100,100088,100,99722,100,100097,100,99692,100,100123,100,99644,100,100172,100,99638,100,100257,100,99453,100,100270,100,99071,100,100375,100,99026,100
2019-06-28 09:50:54.091588149,100024,488,99907,588,100037,100,99885,100,100048,100,99866,100,100088,100,99722,100,100097,100,99692,100,100123,100,99644,100,100172,100,99638,100,100257,100,99453,100,100270,100,99071,100,100375,100,,
2019-06-28 09:51:00.000000000,100037,588,99907,588,100048,100,99885,100,100088,100,99866,100,100097,100,99722,100,100123,100,99692,100,100172,100,99644,100,100257,100,99638,100,100270,100,99453,100,100375,100,99071,100,,,,
2019-06-28 09:51:03.195898253,100037,588,99907,588,100048,100,99885,100,100088,100,99866,100,100097,100,99722,100,100123,100,99692,100,100172,100,99644,100,100257,100,99638,100,100270,100,99453,100,100375,100,99071,100,100384,100,,
2019-06-28 09:51:06.353370836,100037,588,99907,588,100048,100,99885,100,100088,100,99866,100,100097,100,99722,100,100123,100,99692,100,100172,100,99644,100,100257,100,99638,100,100270,100,99453,100,100375,100,99071,100,100384,100,,
2019-06-28 09:51:10.000000000,100037,266,99907,266,100048,261,99885,261,100088,261,99866,261,100097,100,99722,100,100123,100,99692,100,100172,100,99644,100,100257,100,99638,100,100270,100,99453,100,100375,100,99071,100,100384,100,,
2019-06-28 09:51:20.000000000,100037,588,99907,588,100048,100,99885,100,100088,100,99866,100,100097,100,99722,100,100123,100,99692,100,100172,100,99644,100,100257,100,99638,100,100270,100,99453,100,100375,100,99071,100,100384,100,,
2019-06-28 09:51:30.000000000,100037,266,99907,266,100048,261,99885,261,100088,261,99866,261,100097,100,99722,100,100123,100,99692,100,100172,100,99644,100,100257,100,99638,100,100270,100,99453,100,100375,100,99071,100,100384,100,,
2019-06-28 09:51:40.000000000,100037,588,99907,588,100048,100,99885,100,100088,100,99866,100,100097,100,99722,100,100123,100,99692,100,100172,100,99644,100,100257,100,99638,100,100270,100,99453,100,100375,100,99071,100,100384,100,,
2019-06-28 09:51:50.000000000,100037,266,99907,266,100048,261,99885,261,100088,261,99866,261,100097,100,99722,100,100123,100,99692,100,100172,100,99644,100,100257,100,99638,100,100270,100,99453,100,100375,100,99071,100,100384,100,,
2019-06-28 09:51:50.309897348,100037,266,99907,166,100048,261,99885,261,100088,261,99866,261,100097,100,99722,100,100123,100,99692,100,100172,100,99644,100,100257,100,99638,100,100270,100,99453,100,100375,100,99071,100,100384,100,,
2019-06-28 09:51:52.697156343,100037,266,99907,66,100048,261,99885,261,100088,261,99866,261,100097,100,99722,100,100123,100,99692,100,100257,100,99644,100,100270,100,99638,100,100375,100,99453,100,100384,100,99071,100,,,,
2019-06-28 09:52:00.000000000,100037,198,99885,198,100048,198,99866,198,100088,198,99722,198,100097,198,99692,198,100123,198,99644,198,100257,100,99638,100,100270,100,99453,100,100375,100,99071,100,100384,100,,,,,,
2019-06-28 09:52:10.000000000,100037,266,99885,266,100048,261,99866,261,100088,261,99722,261,100097,100,99692,100,100123,100,99644,100,100257,100,99638,100,100270,100,99453,100,100375,100,99071,100,100384,100,,,,,,
2019-06-28 09:52:15.832227737,100037,266,99885,166,100048,261,99866,261,100088,261,99722,261,100097,100,99692,100,100123,100,99644,100,100257,100,99638,100,100270,100,99453,100,100375,100,99071,100,100384,100,,,,,,
2019-06-28 09:52:20.000000000,100037,266,99866,266,100048,261,99722,261,100088,261,99692,261,100097,100,99644,100,100123,100,99638,100,100257,100,99453,100,100270,100,99071,100,100375,100,,,100384,100,,,,,,
2019-06-28 09:52:28.300848177,100037,266,99866,266,100048,261,99722,261,100088,261,99692,261,100097,100,99644,100,100123,100,99638,100,100257,100,99453,100,100270,100,99253,100,100375,100,99071,100,100384,100,,,,,,
2019-06-28 09:52:30.000000000,100037,198,99866,198,100048,198,99722,198,100088,198,99692,198,100097,198,99644,198,100123,198,99638,198,100257,100,99453,100,100270,100,99253,100,100375,100,99071,100,100384,100,,,,,,
2019-06-28 09:52:35.981385452,99907,100,99866,198,100037,198,99722,198,100048,198,99692,198,100088,198,99644,198,100097,198,99638,198,100123,198,99453,100,100257,100,99253,100,100270,100,99071,100,100375,100,,,100384,100,,
2019-06-28 09:52:40.000000000,99907,266,99866,266,100037,261,99722,261,100048,261,99692,261,100088,100,99644,100,100097,100,99638,100,100123,100,99453,100,100257,100,99253,100,100270,100,99071,100,100375,100,,,100384,100,,
2019-06-28 09:52:50.000000000,99907,222,99866,222,100037,222,99722,222,100048,222,99692,222,100088,222,99644,222,100097,100,99638,100,100123,100,99453,100,100257,100,99253,100,100270,100,99071,100,100375,100,,,100384,100,,
2019-06-28 09:53:00.000000000,99907,222,99866,222,100037,222,99722,222,100048,222,99692,222,100088,222,99644,222,100097,100,99638,100,100123,100,99453,100,100257,100,99253,100,100270,100,99071,100,100375,100,,,100384,100,,
2019-06-28 09:53:01.133979788,99907,322,99866,222,100037,222,99722,222,100048,222,99692,222,100088,222,99644,222,100097,100,99638,100,100123,100,99453,100,100257,100,99253,100,100270,100,99071,100,100375,100,,,100384,100,,
2019-06-28 09:53:08.025937183,99907,422,99866,222,100037,222,99722,222,100048,222,99692,222,100088,222,99644,222,100097,100,99638,100,100123,100,99453,100,100257,100,99253,100,100270,100,99071,100,100375,100,,,100384,100,,
2019-06-28 09:53:10.000000000,99907,398,99866,198,100037,198,99722,198,100048,198,99692,198,100088,198,99644,198,100097,198,99638,198,100123,100,99453,100,100257,100,99253,100,100270,100,99071,100,100375,100,,,100384,100,,
2019-06-28 09:53:16.684456074,99907,398,99866,98,100037,198,99722,198,100048,198,99692,198,100088,198,99644,198,100097,198,99638,198,100123,100,99453,100,100257,100,99253,100,100270,100,99071,100,100375,100,,,100384,100,,
2019-06-28 09:53:18.258277123,99866,2,99722,198,99907,398,99692,198,100037,198,99644,198,100048,198,99638,198,100088,98,99453,100,100097,198,99253,100,100123,100,99071,100,100257,100,,,100270,100,,,100375,100,,
2019-06-28 09:53:20.000000000,99866,168,99722,266,99907,461,99692,261,100037,261,99644,261,100048,100,99638,100,100097,100,99453,100,100123,100,99253,100,100257,100,99071,100,100270,100,,,100375,100,,,100384,100,,
2019-06-28 09:53:30.000000000,99866,490,99722,588,99907,300,99692,100,100037,100,99644,100,100048,100,99638,100,100097,100,99453,100,100123,100,99253,100,100257,100,99071,100,100270,100,,,100375,100,,,100384,100,,
2019-06-28 09:53:36.298688519,99866,490,99722,488,99907,300,99692,100,100037,100,99644,100,100097,100,99638,100,100123,100,99453,100,100257,100,99253,100,100270,100,99071,100,100375,100,,,100384,100,,,,,,
2019-06-28 09:53:40.000000000,99866,124,99692,222,99907,422,99644,222,100037,222,99638,222,100097,222,99453,222,100123,100,99253,100,100257,100,99071,100,100270,100,,,100375,100,,,100384,100,,,,,,
2019-06-28 09:53:50.000000000,99866,124,99692,222,99907,422,99644,222,100037,222,99638,222,100097,222,99453,222,100123,100,99253,100,100257,100,99071,100,100270,100,,,100375,100,,,100384,100,,,,,,
2019-06-28 09:54:00.000000000,99866,246,99692,344,99907,544,99644,344,100037,100,99638,100,100097,100,99453,100,100123,100,99253,100,100257,100,99071,100,100270,100,,,100375,100,,,100384,100,,,,,,
2019-06-28 09:54:10.000000000,99866,490,99692,588,99907,300,99644,100,100037,100,99638,100,100097,100,99453,100,100123,100,99253,100,100257,100,99071,100,100270,100,,,100375,100,,,100384,100,,,,,,
2019-06-28 09:54:20.000000000,99866,124,99692,222,99907,422,99644,222,100037,222,99638,222,100097,222,99453,222,100123,100,99253,100,100257,100,99071,100,100270,100,,,100375,100,,,100384,100,,,,,,
2019-06-28 09:54:30.000000000,99866,490,99692,588,99907,300,99644,100,100037,100,99638,100,100097,100,99453,100,100123,100,99253,100,100257,100,99071,100,100270,100,,,100375,100,,,100384,100,,,,,,
2019-06-28 09:54:35.273869305,99866,490,99692,488,99907,300,99644,100,100037,100,99638,100,100097,100,99453,100,100123,100,99253,100,100257,100,99071,100,100270,100,,,100375,100,,,100384,100,,,,,,
2019-06-28 09:54:40.000000000,99866,100,99644,198,99907,398,99638,198,100037,198,99453,198,100097,198,99253,198,100123,198,99071,198,100257,100,,,100270,100,,,100375,100,,,100384,100,,,,,,
2019-06-28 09:54:50.000000000,99866,100,99644,198,99907,398,99638,198,100037,198,99453,198,100097,198,99253,198,100123,198,99071,198,100257,100,,,100270,100,,,100375,100,,,100384,100,,,,,,
2019-06-28 09:55:00.000000000,99866,246,99644,344,99907,544,99638,344,100037,100,99453,100,100097,100,99253,100,100123,100,99071,100,100257,100,,,100270,100,,,100375,100,,,100384,100,,,,,,
2019-06-28 09:55:10.000000000,99866,100,99644,198,99907,398,99638,198,100037,198,99453,198,100097,198,99253,198,100123,198,99071,198,100257,100,,,100270,100,,,100375,100,,,100384,100,,,,,,
2019-06-28 09:55:20.000000000,99866,246,99644,344,99907,544,99638,344,100037,100,99453,100,100097,100,99253,100,100123,100,99071,100,100257,100,,,100270,100,,,100375,100,,,100384,100,,,,,,
2019-06-28 09:55:30.000000000,99866,168,99644,266,99907,461,99638,261,100037,261,99453,261,100097,100,99253,100,100123,100,99071,100,100257,100,,,100270,100,,,100375,100,,,100384,100,,,,,,
2019-06-28 09:55:40.000000000,99866,490,99644,588,99907,300,99638,100,100037,100,99453,100,100097,100,99253,100,100123,100,99071,100,100257,100,,,100270,100,,,100375,100,,,100384,100,,,,,,
2019-06-28 09:55:50.000000000,99866,100,99644,198,99907,398,99638,198,100037,198,99453,198,100097,198,99253,198,100123,198,99071,198,100257,100,,,100270,100,,,100375,100,,,100384,100,,,,,,
2019-06-28 09:56:00.000000000,99866,124,99644,222,99907,422,99638,222,100037,222,99453,222,100097,222,99253,222,100123,100,99071,100,100257,100,,,100270,100,,,100375,100,,,100384,100,,,,,,
2019-06-28 09:56:08.430287291,99866,124,99644,222,99872,100,99638,222,99907,422,99453,222,100037,222,99253,222,100097,222,99071,100,100123,100,,,100257,100,,,100270,100,,,100375,100,,,100384,100,,
2019-06-28 09:56:10.000000000,99866,100,99644,198,99872,198,99638,198,99907,398,99453,198,100037,198,99253,198,100097,198,99071,198,100123,100,,,100257,100,,,100270,100,,,100375,100,,,100384,100,,
2019-06-28 09:56:20.000000000,99866,246,99644,344,99872,344,99638,344,99907,300,99453,100,100037,100,99253,100,100097,100,99071,100,100123,100,,,100257,100,,,100270,100,,,100375,100,,,100384,100,,
2019-06-28 09:56:30.000000000,99866,490,99644,588,99872,100,99638,100,99907,300,99453,100,100037,100,99253,100,100097,100,99071,100,100123,100,,,100257,100,,,100270,100,,,100375,100,,,100384,100,,
2019-06-28 09:56:30.948024008,99866,490,99754,100,99872,100,99644,588,99907,300,99638,100,100037,100,99453,100,100097,100,99253,100,100123,100,99071,100,100257,100,,,100270,100,,,100375,100,,,100384,100,,
2019-06-28 09:56:38.976610134,99866,490,99644,588,99872,100,99638,100,99907,300,99453,100,100037,100,99253,100,100097,100,99071,100,100123,100,,,100257,100,,,100270,100,,,100375,100,,,100384,100,,
2019-06-28 09:56:40.000000000,99866,124,99644,222,99872,222,99638,222,99907,422,99453,222,100037,222,99253,222,100097,100,99071,100,100123,100,,,100257,100,,,100270,100,,,100375,100,,,100384,100,,
2019-06-28 09:56:44.431645405,99866,124,99644,122,99872,222,99638,222,99907,422,99453,222,100037,222,99253,222,100097,100,99071,100,100123,100,,,100257,100,,,100270,100,,,100375,100,,,100384,100,,
2019-06-28 09:56:50.000000000,99866,124,99638,222,99872,222,99453,222,99907,422,99253,222,100037,222,99071,222,100097,100,,,100123,100,,,100257,100,,,100270,100,,,100375,100,,,100384,100,,
2019-06-28 09:57:00.000000000,99866,168,99638,266,99872,261,99453,261,99907,461,99253,261,100037,100,99071,100,100097,100,,,100123,100,,,100257,100,,,100270,100,,,100375,100,,,100384,100,,
2019-06-28 09:57:04.098269193,99866,168,99700,100,99872,261,99638,266,99907,461,99453,261,100037,100,99253,261,100097,100,99071,100,100123,100,,,100257,100,,,100270,100,,,100375,100,,,100384,100,,
2019-06-28 09:57:10.000000000,99866,124,99700,222,99872,222,99638,222,99907,422,99453,222,100037,222,99253,222,100097,100,99071,100,100123,100,,,100257,100,,,100270,100,,,100375,100,,,100384,100,,
2019-06-28 09:57:11.551827526,99719,100,99700,222,99866,124,99638,222,99872,222,99453,222,99907,422,99253,222,100037,222,99071,100,100097,100,,,100123,100,,,100257,100,,,100270,100,,,100375,100,,
2019-06-28 09:57:20.000000000,99719,344,99700,344,99866,246,99638,344,99872,100,99453,100,99907,300,99253,100,100037,100,99071,100,100097,100,,,100123,100,,,100257,100,,,100270,100,,,100375,100,,
2019-06-28 09:57:30.000000000,99719,266,99700,266,99866,163,99638,261,99872,261,99453,261,99907,300,99253,100,100037,100,99071,100,100097,100,,,100123,100,,,100257,100,,,100270,100,,,100375,100,,
2019-06-28 09:57:30.378525614,99719,266,99700,266,99754,100,99638,261,99866,163,99453,261,99872,261,99253,100,99907,300,99071,100,100037,100,,,100097,100,,,100123,100,,,100257,100,,,100270,100,,
2019-06-28 09:57:34.417047119,99719,266,99700,166,99754,100,99638,261,99866,163,99453,261,99872,261,99253,100,99907,300,99071,100,100037,100,,,100097,100,,,100123,100,,,100257,100,,,100270,100,,
2019-06-28 09:57:40.000000000,99719,344,99638,344,99754,344,99453,344,99866,2,99253,100,99872,100,99071,100,99907,300,,,100037,100,,,100097,100,,,100123,100,,,100257,100,,,100270,100,,
2019-06-28 09:57:42.205989749,99684,100,99638,344,99719,344,99453,344,99754,344,99253,100,99866,2,99071,100,99872,100,,,99907,300,,,100037,100,,,100097,100,,,100123,100,,,100257,100,,
2019-06-28 09:57:50.000000000,99684,222,99638,222,99719,222,99453,222,99754,222,99253,222,99866,124,99071,222,99872,100,,,99907,300,,,100037,100,,,100097,100,,,100123,100,,,100257,100,,
2019-06-28 09:58:00.000000000,99684,198,99638,198,99719,198,99453,198,99754,198,99253,198,99866,100,99071,198,99872,198,99070,98,99907,300,,,100037,100,,,100097,100,,,100123,100,,,100257,100,,
2019-06-28 09:58:04.766606918,99684,198,99638,198,99700,100,99453,198,99719,198,99253,198,99754,198,99071,198,99866,100,99070,98,99872,198,,,99907,300,,,100037,100,,,100097,100,,,100123,100,,
2019-06-28 09:58:10.000000000,99684,266,99638,266,99700,261,99453,261,99719,261,99253,261,99754,100,99071,100,99866,2,,,99872,100,,,99907,300,,,100037,100,,,100097,100,,,100123,100,,
2019-06-28 09:58:17.928825728,99684,266,99638,266,99700,261,99453,261,99719,261,99253,261,99754,100,99096,100,99866,2,99071,100,99872,100,,,99907,300,,,100037,100,,,100097,100,,,100123,100,,
2019-06-28 09:58:20.000000000,99684,344,99638,344,99700,344,99453,344,99719,100,99253,100,99754,100,99096,100,99866,2,99071,100,99872,100,,,99907,300,,,100037,100,,,100097,100,,,100123,100,,
2019-06-28 09:58:30.000000000,99684,588,99638,588,99700,100,99453,100,99719,100,99253,100,99754,100,99096,100,99866,2,99071,100,99872,100,,,99907,300,,,100037,100,,,100097,100,,,100123,100,,
2019-06-28 09:58:40.000000000,99684,344,99638,344,99700,344,99453,344,99719,100,99253,100,99754,100,99096,100,99866,2,99071,100,99872,100,,,99907,300,,,100037,100,,,100097,100,,,100123,100,,
2019-06-28 09:58:45.219976063,99684,344,99638,344,99700,444,99453,344,99719,100,99253,100,99754,100,99096,100,99866,2,99071,100,99872,100,,,99907,300,,,100037,100,,,100097,100,,,100123,100,,
2019-06-28 09:58:50.000000000,99684,198,99638,198,99700,298,99453,198,99719,198,99253,198,99754,198,99096,198,99866,100,99071,198,99872,100,,,99907,300,,,100037,100,,,100097,100,,,100123,100,,
2019-06-28 09:59:00.000000000,99684,222,99638,222,99700,322,99453,222,99719,222,99253,222,99754,222,99096,222,99866,2,99071,100,99872,100,,,99907,300,,,100037,100,,,100097,100,,,100123,100,,
2019-06-28 09:59:10.000000000,99684,344,99638,344,99700,444,99453,344,99719,100,99253,100,99754,100,99096,100,99866,2,99071,100,99872,100,,,99907,300,,,100037,100,,,100097,100,,,100123,100,,
2019-06-28 09:59:20.000000000,99684,344,99638,344,99700,444,99453,344,99719,100,99253,100,99754,100,99096,100,99866,2,99071,100,99872,100,,,99907,300,,,100037,100,,,100097,100,,,100123,100,,
2019-06-28 09:59:30.000000000,99684,266,99638,266,99700,361,99453,261,99719,261,99253,261,99754,100,99096,100,99866,2,99071,100,99872,100,,,99907,300,,,100037,100,,,100097,100,,,100123,100,,
2019-06-28 09:59:30.774378682,99684,266,99638,266,99700,361,99453,261,99719,261,99253,261,99754,100,99096,100,99866,2,99071,100,99872,100,98720,100,99907,300,,,100037,100,,,100097,100,,,100123,100,,
2019-06-28 09:59:40.000000000,99684,198,99638,198,99700,298,99453,198,99719,198,99253,198,99754,198,99096,198,99866,100,99071,198,99872,100,98720,100,99907,300,,,100037,100,,,100097,100,,,100123,100,,
2019-06-28 09:59:50.000000000,99684,266,99638,266,99700,361,99453,261,99719,261,99253,261,99754,100,99096,100,99866,2,99071,100,99872,100,98720,100,99907,300,,,100037,100,,,100097,100,,,100123,100,,
2019-06-28 09:59:52.903009041,99684,266,99638,266,99700,361,99453,261,99719,261,99253,261,99754,100,99096,100,99866,2,99071,100,99872,100,98720,100,99907,200,,,100037,100,,,100097,100,,,100123,100,,
2019-06-28 09:59:57.386990770,99684,266,99638,266,99700,261,99453,261,99719,261,99253,261,99754,100,99096,100,99866,2,99071,100,99872,100,98720,100,99907,200,,,100037,100,,,100097,100,,,100123,100,,
2019-06-28 10:00:00.000000000,99684,266,99638,266,99700,261,99453,261,99719,261,99253,261,99754,100,99096,100,99866,2,99071,100,99872,100,98720,100,99907,200,,,100037,100,,,100097,100,,,100123,100,,
2019-06-28 10:00:10.000000000,99684,344,99638,344,99700,344,99453,344,99719,100,99253,100,99754,100,99096,100,99866,2,99071,100,99872,100,98720,100,99907,200,,,100037,100,,,100097,100,,,100123,100,,
2019-06-28 10:00:15.556593097,99684,344,99638,344,99700,344,99453,344,99719,100,99253,100,99754,100,99096,100,99866,2,99080,100,99872,100,99071,100,99907,200,98720,100,100037,100,,,100097,100,,,100123,100,,
2019-06-28 10:00:17.636566673,99684,344,99638,244,99700,344,99453,344,99719,100,99253,100,99754,100,99096,100,99866,2,99080,100,99872,100,99071,100,99907,200,98720,100,100037,100,,,100097,100,,,100123,100,,
2019-06-28 10:00:20.000000000,99684,266,99453,266,99700,261,99253,261,99719,261,99096,261,99754,100,99080,100,99866,2,99071,100,99872,100,98720,100,99907,200,,,100037,100,,,100097,100,,,100123,100,,
2019-06-28 10:00:28.237879305,99683,100,99453,266,99684,266,99253,261,99700,261,99096,261,99719,261,99080,100,99754,100,99071,100,99866,2,98720,100,99872,100,,,99907,200,,,100037,100,,,100097,100,,
2019-06-28 10:00:30.000000000,99683,222,99453,222,99684,222,99253,222,99700,222,99096,222,99719,222,99080,222,99754,100,99071,100,99866,2,98720,100,99872,100,,,99907,200,,,100037,100,,,100097,100,,
2019-06-28 10:00:34.587202236,99683,222,99453,122,99684,222,99253,222,99700,222,99096,222,99719,222,99080,222,99754,100,99071,100,99866,2,98720,100,99872,100,,,99907,200,,,100037,100,,,100097,100,,
2019-06-28 10:00:40.000000000,99683,266,99253,266,99684,261,99096,261,99700,261,99080,261,99719,100,99071,100,99754,100,98720,100,99866,2,,,99872,100,,,99907,200,,,100037,100,,,100097,100,,
2019-06-28 10:00:50.000000000,99683,588,99253,588,99684,100,99096,100,99700,100,99080,100,99719,100,99071,100,99754,100,98720,100,99866,2,,,99872,100,,,99907,200,,,100037,100,,,100097,100,,
2019-06-28 10:01:00.000000000,99683,222,99253,222,99684,222,99096,222,99700,222,99080,222,99719,222,99071,222,99754,100,98720,100,99866,2,,,99872,100,,,99907,200,,,100037,100,,,100097,100,,
2019-06-28 10:01:06.459629789,99683,222,99253,122,99684,222,99096,222,99700,222,99080,222,99719,222,99071,222,99754,100,98720,100,99866,2,,,99872,100,,,99907,200,,,100037,100,,,100097,100,,
2019-06-28 10:01:10.000000000,99683,266,99096,266,99684,261,99080,261,99700,261,99071,261,99719,100,98720,100,99754,100,,,99866,2,,,99872,100,,,99907,200,,,100037,100,,,100097,100,,
2019-06-28 10:01:20.000000000,99683,266,99096,266,99684,261,99080,261,99700,261,99071,261,99719,100,98720,100,99754,100,,,99866,2,,,99872,100,,,99907,200,,,100037,100,,,100097,100,,
2019-06-28 10:01:30.000000000,99683,344,99096,344,99684,344,99080,344,99700,100,99071,100,99719,100,98720,100,99754,100,,,99866,2,,,99872,100,,,99907,200,,,100037,100,,,100097,100,,
2019-06-28 10:01:40.000000000,99683,344,99096,344,99684,344,99080,344,99700,100,99071,100,99719,100,98720,100,99754,100,,,99866,2,,,99872,100,,,99907,200,,,100037,100,,,100097,100,,
2019-06-28 10:01:41.257795589,99683,344,99096,344,99684,344,99080,344,99700,100,99071,100,99719,100,98720,100,99754,100,98356,100,99866,2,,,99872,100,,,99907,200,,,100037,100,,,100097,100,,
2019-06-28 10:01:50.000000000,99683,588,99096,588,99684,100,99080,100,99700,100,99071,100,99719,100,98720,100,99754,100,98356,100,99866,2,,,99872,100,,,99907,200,,,100037,100,,,100097,100,,
2019-06-28 10:02:00.000000000,99683,222,99096,222,99684,222,99080,222,99700,222,99071,222,99719,222,98720,222,99754,100,98356,100,99866,2,,,99872,100,,,99907,200,,,100037,100,,,100097,100,,
2019-06-28 10:02:10.000000000,99683,266,99096,266,99684,261,99080,261,99700,261,99071,261,99719,100,98720,100,99754,100,98356,100,99866,2,,,99872,100,,,99907,200,,,100037,100,,,100097,100,,
2019-06-28 10:02:20.000000000,99683,266,99096,266,99684,261,99080,261,99700,261,99071,261,99719,100,98720,100,99754,100,98356,100,99866,2,,,99872,100,,,99907,200,,,100037,100,,,100097,100,,
2019-06-28 10:02:22.979408385,99683,266,99096,166,99684,261,99080,261,99700,261,99071,261,99719,100,98720,100,99754,100,98356,100,99866,2,,,99872,100,,,99907,200,,,100097,100,,,100123,100,,
2019-06-28 10:02:30.000000000,99683,222,99080,222,99684,222,99071,222,99700,222,98720,222,99719,222,98356,222,99754,100,,,99866,2,,,99872,100,,,99907,200,,,100097,100,,,100123,100,,
2019-06-28 10:02:40.000000000,99683,344,99080,344,99684,344,99071,344,99700,100,98720,100,99719,100,98356,100,99754,100,,,99866,2,,,99872,100,,,99907,200,,,100097,100,,,100123,100,,
2019-06-28 10:02:50.000000000,99683,588,99080,588,99684,100,99071,100,99700,100,98720,100,99719,100,98356,100,99754,100,,,99866,2,,,99872,100,,,99907,200,,,100097,100,,,100123,100,,
2019-06-28 10:03:00.000000000,99683,222,99080,222,99684,222,99071,222,99700,222,98720,222,99719,222,98356,222,99754,100,,,99866,2,,,99872,100,,,99907,200,,,100097,100,,,100123,100,,
2019-06-28 10:03:10.000000000,99683,198,99080,198,99684,198,99071,198,99700,198,98720,198,99719,198,98356,198,99754,198,98355,98,99866,2,,,99872,100,,,99907,200,,,100097,100,,,100123,100,,
2019-06-28 10:03:20.000000000,99683,266,99080,266,99684,261,99071,261,99700,261,98720,261,99719,100,98356,100,99754,100,,,99866,2,,,99872,100,,,99907,200,,,100097,100,,,100123,100,,
2019-06-28 10:03:30.000000000,99683,588,99080,588,99684,100,99071,100,99700,100,98720,100,99719,100,98356,100,99754,100,,,99866,2,,,99872,100,,,99907,200,,,100097,100,,,100123,100,,
2019-06-28 10:03:40.000000000,99683,198,99080,198,99684,198,99071,198,99700,198,98720,198,99719,198,98356,198,99754,198,98355,98,99866,2,,,99872,100,,,99907,200,,,100097,100,,,100123,100,,
2019-06-28 10:03:50.000000000,99683,222,99080,222,99684,222,99071,222,99700,222,98720,222,99719,222,98356,222,99754,100,,,99866,2,,,99872,100,,,99907,200,,,100097,100,,,100123,100,,
2019-06-28 10:04:00.000000000,99683,198,99080,198,99684,198,99071,198,99700,198,98720,198,99719,198,98356,198,99754,198,98355,98,99866,2,,,99872,100,,,99907,200,,,100097,100,,,100123,100,,
2019-06-28 10:04:10.000000000,99683,588,99080,588,99684,100,99071,100,99700,100,98720,100,99719,100,98356,100,99754,100,,,99866,2,,,99872,100,,,99907,200,,,100097,100,,,100123,100,,
2019-06-28 10:04:20.000000000,99683,266,99080,266,99684,261,99071,261,99700,261,98720,261,99719,100,98356,100,99754,100,,,99866,2,,,99872,100,,,99907,200,,,100097,100,,,100123,100,,
2019-06-28 10:04:30.000000000,99683,222,99080,222,99684,222,99071,222,99700,222,98720,222,99719,222,98356,222,99754,100,,,99866,2,,,99872,100,,,99907,200,,,100097,100,,,100123,100,,
2019-06-28 10:04:40.000000000,99683,198,99080,198,99684,198,99071,198,99700,198,98720,198,99719,198,98356,198,99754,198,98355,98,99866,2,,,99872,100,,,99907,200,,,100097,100,,,100123,100,,
2019-06-28 10:04:42.882562636,99683,198,99254,100,99684,198,99080,198,99700,198,99071,198,99719,198,98720,198,99754,198,98356,198,99866,2,98355,98,99872,100,,,99907,200,,,100097,100,,,100123,100,,
2019-06-28 10:04:50.000000000,99683,588,99254,588,99684,100,99080,100,99700,100,99071,100,99719,100,98720,100,99754,100,98356,100,99866,2,,,99872,100,,,99907,200,,,100097,100,,,100123,100,,
2019-06-28 10:04:52.620977588,99683,588,99254,588,99684,100,99080,100,99700,100,99071,100,99719,100,98356,100,99754,100,,,99797,100,,,99866,2,,,99872,100,,,99907,200,,,100097,100,,
2019-06-28 10:05:00.000000000,99683,266,99254,266,99684,261,99080,261,99700,261,99071,261,99719,100,98356,100,99754,100,,,99797,100,,,99866,2,,,99872,100,,,99907,200,,,100097,100,,
2019-06-28 10:05:07.059354436,99683,266,99254,366,99684,261,99080,261,99700,261,99071,261,99719,100,98356,100,99754,100,,,99797,100,,,99866,2,,,99872,100,,,99907,200,,,100097,100,,
2019-06-28 10:05:10.000000000,99683,588,99254,688,99684,100,99080,100,99700,100,99071,100,99719,100,98356,100,99754,100,,,99797,100,,,99866,2,,,99872,100,,,99907,200,,,100097,100,,
2019-06-28 10:05:20.000000000,99683,222,99254,322,99684,222,99080,222,99700,222,99071,222,99719,222,98356,222,99754,100,,,99797,100,,,99866,2,,,99872,100,,,99907,200,,,100097,100,,
2019-06-28 10:05:30.000000000,99683,266,99254,366,99684,261,99080,261,99700,261,99071,261,99719,100,98356,100,99754,100,,,99797,100,,,99866,2,,,99872,100,,,99907,200,,,100097,100,,
2019-06-28 10:05:36.057283502,99678,100,99254,366,99683,266,99080,261,99684,261,99071,261,99700,261,98356,100,99719,100,,,99754,100,,,99797,100,,,99866,2,,,99872,100,,,99907,200,,
2019-06-28 10:05:40.000000000,99678,266,99254,366,99683,261,99080,261,99684,261,99071,261,99700,100,98356,100,99719,100,,,99754,100,,,99797,100,,,99866,2,,,99872,100,,,99907,200,,
2019-06-28 10:05:40.669519507,99678,266,99280,100,99683,261,99254,366,99684,261,99080,261,99700,100,99071,261,99719,100,98356,100,99754,100,,,99797,100,,,99866,2,,,99872,100,,,99907,200,,
2019-06-28 10:05:50.000000000,99678,344,99280,344,99683,344,99254,444,99684,100,99080,100,99700,100,99071,100,99719,100,98356,100,99754,100,,,99797,100,,,99866,2,,,99872,100,,,99907,200,,
2019-06-28 10:05:59.488397619,99678,344,99280,344,99683,344,99254,544,99684,100,99080,100,99700,100,99071,100,99719,100,98356,100,99754,100,,,99797,100,,,99866,2,,,99872,100,,,99907,200,,
2019-06-28 10:06:00.000000000,99678,266,99280,266,99683,261,99254,461,99684,261,99080,261,99700,100,99071,100,99719,100,98356,100,99754,100,,,99797,100,,,99866,2,,,99872,100,,,99907,200,,
2019-06-28 10:06:08.313736477,99678,266,99280,266,99683,261,99254,561,99684,261,99080,261,99700,100,99071,100,99719,100,98356,100,99754,100,,,99797,100,,,99866,2,,,99872,100,,,99907,200,,
2019-06-28 10:06:10.000000000,99678,222,99280,222,99683,222,99254,522,99684,222,99080,222,99700,222,99071,222,99719,100,98356,100,99754,100,,,99797,100,,,99866,2,,,99872,100,,,99907,200,,
2019-06-28 10:06:20.000000000,99678,198,99280,198,99683,198,99254,498,99684,198,99080,198,99700,198,99071,198,99719,198,98356,198,99754,100,,,99797,100,,,99866,2,,,99872,100,,,99907,200,,
2019-06-28 10:06:21.140734825,99678,198,99280,198,99683,198,99254,498,99684,198,99097,100,99700,198,99080,198,99719,198,99071,198,99754,100,98356,198,99797,100,,,99866,2,,,99872,100,,,99907,200,,
2019-06-28 10:06:30.000000000,99678,344,99280,344,99683,344,99254,644,99684,100,99097,100,99700,100,99080,100,99719,100,99071,100,99754,100,98356,100,99797,100,,,99866,2,,,99872,100,,,99907,200,,
2019-06-28 10:06:40.000000000,99678,222,99280,222,99683,222,99254,522,99684,222,99097,222,99700,222,99080,222,99719,100,99071,100,99754,100,98356,100,99797,100,,,99866,2,,,99872,100,,,99907,200,,
2019-06-28 10:06:49.845892741,99678,222,99280,222,99683,222,99254,522,99684,222,99097,222,99700,222,99080,222,99719,100,99071,100,99754,100,98356,100,99797,100,,,99866,2,,,99872,100,,,99907,100,,
2019-06-28 10:06:50.000000000,99678,198,99280,198,99683,198,99254,498,99684,198,99097,198,99700,198,99080,198,99719,198,99071,198,99754,100,98356,100,99797,100,,,99866,2,,,99872,100,,,99907,100,,
2019-06-28 10:06:50.327536068,99678,198,99280,98,99683,198,99254,498,99684,198,99097,198,99700,198,99080,198,99719,198,99071,198,99754,100,99054,100,99797,100,98356,100,99866,2,,,99872,100,,,99907,100,,
2019-06-28 10:06:52.804254150,99678,198,99280,98,99683,198,99254,598,99684,198,99097,198,99700,198,99080,198,99719,198,99071,198,99754,100,99054,100,99797,100,98356,100,99866,2,,,99872,100,,,99907,100,,
2019-06-28 10:06:55.986476965,99678,198,99280,98,99683,198,99254,598,99684,198,99097,198,99700,198,99080,198,99719,198,99071,198,99754,100,99054,100,99797,100,98356,100,99866,2,,,99872,100,,,99907,100,,
2019-06-28 10:07:00.000000000,99678,344,99254,744,99683,344,99097,344,99684,100,99080,100,99700,100,99071,100,99719,100,99054,100,99754,100,98356,100,99797,100,,,99866,2,,,99872,100,,,99907,100,,
2019-06-28 10:07:10.000000000,99678,588,99254,988,99683,100,99097,100,99684,100,99080,100,99700,100,99071,100,99719,100,99054,100,99754,100,98356,100,99797,100,,,99866,2,,,99872,100,,,99907,100,,
2019-06-28 10:07:20.000000000,99678,588,99254,988,99683,100,99097,100,99684,100,99080,100,99700,100,99071,100,99719,100,99054,100,99754,100,98356,100,99797,100,,,99866,2,,,99872,100,,,99907,100,,
2019-06-28 10:07:20.861160012,99678,588,99254,988,99683,100,99097,100,99684,100,99080,100,99700,100,99071,100,99719,100,99054,100,99754,100,98356,100,99779,100,,,99797,100,,,99866,2,,,99872,100,,
2019-06-28 10:07:26.625144970,99654,100,99254,988,99678,588,99097,100,99683,100,99080,100,99684,100,99071,100,99700,100,99054,100,99719,100,98356,100,99754,100,,,99779,100,,,99797,100,,,99866,2,,
2019-06-28 10:07:30.000000000,99654,266,99254,666,99678,261,99097,261,99683,261,99080,261,99684,100,99071,100,99700,100,99054,100,99719,100,98356,100,99754,100,,,99779,100,,,99797,100,,,99866,2,,
2019-06-28 10:07:35.661209259,99654,266,99254,666,99678,261,99097,261,99683,261,99080,261,99684,100,99071,100,99700,100,99054,100,99719,100,98356,100,99779,100,,,99797,100,,,99866,2,,,99872,100,,
2019-06-28 10:07:40.000000000,99654,588,99254,988,99678,100,99097,100,99683,100,99080,100,99684,100,99071,100,99700,100,99054,100,99719,100,98356,100,99779,100,,,99797,100,,,99866,2,,,99872,100,,
2019-06-28 10:07:50.000000000,99654,198,99254,598,99678,198,99097,198,99683,198,99080,198,99684,198,99071,198,99700,198,99054,198,99719,100,98356,100,99779,100,,,99797,100,,,99866,2,,,99872,100,,
2019-06-28 10:07:51.510978656,99415,100,99254,598,99654,198,99097,198,99678,198,99080,198,99683,198,99071,198,99684,198,99054,198,99700,198,98356,100,99719,100,,,99779,100,,,99797,100,,,99866,2,,
2019-06-28 10:08:00.000000000,99415,344,99254,744,99654,344,99097,344,99678,100,99080,100,99683,100,99071,100,99684,100,99054,100,99700,100,98356,100,99719,100,,,99779,100,,,99797,100,,,99866,2,,
2019-06-28 10:08:10.000000000,99415,344,99254,744,99654,344,99097,344,99678,100,99080,100,99683,100,99071,100,99684,100,99054,100,99700,100,98356,100,99719,100,,,99779,100,,,99797,100,,,99866,2,,
2019-06-28 10:08:19.543268466,99415,344,99254,644,99654,344,99097,244,99678,100,99080,100,99683,100,99071,100,99684,100,99054,100,99700,100,98356,100,99719,100,,,99779,100,,,99797,100,,,99866,2,,
2019-06-28 10:08:20.000000000,99415,198,99254,498,99654,198,99080,198,99678,198,99071,198,99683,198,99054,198,99684,198,98356,198,99700,100,,,99719,100,,,99779,100,,,99797,100,,,99866,2,,
2019-06-28 10:08:30.000000000,99415,222,99254,522,99654,222,99080,222,99678,222,99071,222,99683,222,99054,222,99684,100,98356,100,99700,100,,,99719,100,,,99779,100,,,99797,100,,,99866,2,,
2019-06-28 10:08:40.000000000,99415,222,99254,522,99654,222,99080,222,99678,222,99071,222,99683,222,99054,222,99684,100,98356,100,99700,100,,,99719,100,,,99779,100,,,99797,100,,,99866,2,,
2019-06-28 10:08:50.000000000,99415,266,99254,566,99654,261,99080,261,99678,261,99071,261,99683,100,99054,100,99684,100,98356,100,99700,100,,,99719,100,,,99779,100,,,99797,100,,,99866,2,,
2019-06-28 10:08:50.334337404,99415,266,99254,566,99466,100,99080,261,99654,261,99071,261,99678,261,99054,100,99683,100,98356,100,99684,100,,,99700,100,,,99719,100,,,99779,100,,,99797,100,,
2019-06-28 10:09:00.000000000,99415,588,99254,888,99466,100,99080,100,99654,100,99071,100,99678,100,99054,100,99683,100,98356,100,99684,100,,,99700,100,,,99719,100,,,99779,100,,,99797,100,,
2019-06-28 10:09:02.898935547,99415,588,99337,100,99466,100,99254,888,99654,100,99080,100,99678,100,99071,100,99683,100,99054,100,99684,100,98356,100,99700,100,,,99719,100,,,99779,100,,,99797,100,,
2019-06-28 10:09:10.000000000,99415,266,99337,266,99466,261,99254,561,99654,261,99080,261,99678,100,99071,100,99683,100,99054,100,99684,100,98356,100,99700,100,,,99719,100,,,99779,100,,,99797,100,,
2019-06-28 10:09:15.953314896,99415,266,99400,100,99466,261,99337,266,99654,261,99254,561,99678,100,99080,261,99683,100,99071,100,99684,100,99054,100,99700,100,98356,100,99719,100,,,99779,100,,,99797,100,,
2019-06-28 10:09:20.000000000,99415,588,99400,588,99466,100,99337,100,99654,100,99254,400,99678,100,99080,100,99683,100,99071,100,99684,100,99054,100,99700,100,98356,100,99719,100,,,99779,100,,,99797,100,,
2019-06-28 10:09:20.672271126,99415,588,99400,588,99466,100,99337,100,99654,100,99288,100,99678,100,99254,400,99683,100,99080,100,99684,100,99071,100,99700,100,99054,100,99779,100,98356,100,99797,100,,,99866,2,,
2019-06-28 10:09:26.223339392,99415,488,99400,588,99466,100,99337,100,99654,100,99288,100,99678,100,99254,400,99683,100,99080,100,99684,100,99071,100,99700,100,99054,100,99779,100,98356,100,99797,100,,,99866,2,,
2019-06-28 10:09:30.000000000,99466,266,99400,266,99654,261,99337,261,99678,261,99288,261,99683,100,99254,400,99684,100,99080,100,99700,100,99071,100,99779,100,99054,100,99797,100,98356,100,99866,2,,,99872,100,,
2019-06-28 10:09:40.000000000,99466,222,99400,222,99654,222,99337,222,99678,222,99288,222,99683,222,99254,522,99684,100,99080,100,99700,100,99071,100,99779,100,99054,100,99797,100,98356,100,99866,2,,,99872,100,,
2019-06-28 10:09:50.000000000,99466,198,99400,198,99654,198,99337,198,99678,198,99288,198,99683,198,99254,498,99684,198,99080,198,99700,100,99071,100,99779,100,99054,100,99797,100,98356,100,99866,2,,,99872,100,,
2019-06-28 10:09:54.999431290,99466,98,99400,198,99654,198,99337,198,99678,198,99288,198,99683,198,99254,498,99684,198,99080,198,99700,100,99071,100,99779,100,99054,100,99797,100,98356,100,99866,2,,,99872,100,,
2019-06-28 10:10:00.000000000,99654,198,99400,198,99678,198,99337,198,99683,198,99288,198,99684,198,99254,498,99700,198,99080,198,99779,100,99071,100,99797,100,99054,100,99866,2,98356,100,99872,100,,,99907,100,,
2019-06-28 10:10:10.000000000,99654,266,99400,266,99678,261,99337,261,99683,261,99288,261,99684,100,99254,400,99700,100,99080,100,99779,100,99071,100,99797,100,99054,100,99866,2,98356,100,99872,100,,,99907,100,,
2019-06-28 10:10:11.703233358,99654,266,99415,100,99678,261,99400,266,99683,261,99337,261,99684,100,99288,261,99700,100,99254,400,99779,100,99080,100,99797,100,99071,100,99866,2,99054,100,99872,100,98356,100,99907,100,,
2019-06-28 10:10:20.000000000,99654,198,99415,198,99678,198,99400,198,99683,198,99337,198,99684,198,99288,198,99700,198,99254,498,99779,100,99080,100,99797,100,99071,100,99866,2,99054,100,99872,100,98356,100,99907,100,,
2019-06-28 10:10:21.151563926,99654,98,99415,198,99678,198,99400,198,99683,198,99337,198,99684,198,99288,198,99700,198,99254,498,99779,100,99080,100,99797,100,99071,100,99866,2,99054,100,99872,100,98356,100,99907,100,,
2019-06-28 10:10:30.000000000,99678,266,99415,266,99683,261,99400,261,99684,261,99337,261,99700,100,99288,100,99779,100,99254,400,99797,100,99080,100,99866,2,99071,100,99872,100,99054,100,99907,100,98356,100,100097,100,,
2019-06-28 10:10:33.965496558,99678,166,99415,266,99683,261,99400,261,99684,261,99337,261,99700,100,99288,100,99779,100,99254,400,99797,100,99080,100,99866,2,99071,100,99872,100,99054,100,99907,100,98356,100,100097,100,,
2019-06-28 10:10:36.916187598,99678,66,99415,266,99683,261,99400,261,99684,261,99337,261,99700,100,99288,100,99779,100,99254,400,99797,100,99080,100,99866,2,99071,100,99872,100,99054,100,99907,100,98356,100,100097,100,,
2019-06-28 10:10:40.000000000,99683,266,99415,266,99684,261,99400,261,99700,261,99337,261,99779,100,99288,100,99797,100,99254,400,99866,2,99080,100,99872,100,99071,100,99907,100,99054,100,100097,100,98356,100,100123,100,,
2019-06-28 10:10:47.887445323,99683,266,99415,266,99684,261,99400,261,99700,261,99337,261,99779,100,99288,100,99797,100,99254,400,99866,2,99080,100,99872,100,99071,100,99907,100,99054,100,99951,100,98356,100,100097,100,,
2019-06-28 10:10:48.514155266,99683,166,99415,266,99684,261,99400,261,99700,261,99337,161,99779,100,99288,100,99797,100,99254,400,99866,2,99080,100,99872,100,99071,100,99907,100,99054,100,99951,100,98356,100,100097,100,,
2019-06-28 10:10:50.000000000,99684,266,99415,266,99700,261,99400,261,99779,261,99288,261,99797,100,99254,400,99866,2,99080,100,99872,100,99071,100,99907,100,99054,100,99951,100,98356,100,100097,100,,,100123,100,,
2019-06-28 10:10:56.486724104,99684,266,99678,100,99700,261,99415,266,99779,261,99400,261,99797,100,99288,261,99866,2,99254,400,99872,100,99080,100,99907,100,99071,100,99951,100,99054,100,100097,100,98356,100,100123,100,,
2019-06-28 10:11:00.000000000,99684,198,99678,198,99700,198,99415,198,99779,198,99400,198,99797,198,99288,198,99866,100,99254,498,99872,100,99080,100,99907,100,99071,100,99951,100,99054,100,100097,100,98356,100,100123,100,,
2019-06-28 10:11:03.011069584,99684,198,99678,298,99700,198,99415,198,99779,198,99400,198,99797,198,99288,198,99866,100,99254,498,99872,100,99080,100,99907,100,99071,100,99951,100,99054,100,100097,100,98356,100,100123,100,,
2019-06-28 10:11:10.000000000,99684,198,99678,298,99700,198,99415,198,99779,198,99400,198,99797,198,99288,198,99866,100,99254,498,99872,100,99080,100,99907,100,99071,100,99951,100,99054,100,100097,100,98356,100,100123,100,,
2019-06-28 10:11:10.335776966,99684,98,99678,298,99700,198,99415,198,99779,198,99400,198,99797,198,99288,198,99866,100,99254,498,99872,100,99080,100,99907,100,99071,100,99951,100,99054,100,100097,100,98356,100,100257,100,,
2019-06-28 10:11:20.000000000,99700,344,99678,444,99779,344,99415,344,99797,100,99400,100,99866,2,99288,100,99872,100,99254,400,99907,100,99080,100,99951,100,99071,100,100097,100,99054,100,100257,100,98356,100,100375,100,,
2019-06-28 10:11:23.288919683,99700,344,99678,444,99779,344,99415,344,99797,100,99400,100,99866,2,99288,100,99872,100,99254,400,99907,100,99080,100,99937,100,99071,100,99951,100,99054,100,100097,100,,,100257,100,,
2019-06-28 10:11:26.844037247,99700,344,99678,444,99779,344,99415,344,99797,100,99400,100,99866,2,99288,100,99872,100,99254,400,99901,100,99080,100,99907,100,99071,100,99937,100,99054,100,99951,100,,,100097,100,,
2019-06-28 10:11:30.000000000,99700,222,99678,322,99779,222,99415,222,99797,222,99400,222,99866,124,99288,222,99872,100,99254,400,99901,100,99080,100,99907,100,99071,100,99937,100,99054,100,99951,100,,,100097,100,,
2019-06-28 10:11:33.418339555,99700,222,99683,100,99779,222,99678,322,99797,222,99415,222,99866,124,99400,222,99872,100,99288,222,99901,100,99254,400,99907,100,99080,100,99937,100,99071,100,99951,100,99054,100,100097,100,,
2019-06-28 10:11:40.000000000,99700,198,99683,198,99779,198,99678,298,99797,198,99415,198,99866,100,99400,198,99872,198,99288,198,99901,100,99254,400,99907,100,99080,100,99937,100,99071,100,99951,100,99054,100,100097,100,,
2019-06-28 10:11:46.668814616,99700,198,99683,298,99779,198,99678,298,99797,198,99415,198,99866,100,99400,198,99872,198,99288,198,99901,100,99254,300,99907,100,99080,100,99937,100,99071,100,99951,100,99054,100,100097,100,,
