,ask_price_1,ask_size_1,bid_price_1,bid_size_1,ask_price_2,ask_size_2,bid_price_2,bid_size_2,ask_price_3,ask_size_3,bid_price_3,bid_size_3,ask_price_4,ask_size_4,bid_price_4,bid_size_4,ask_price_5,ask_size_5,bid_price_5,bid_size_5,ask_price_6,ask_size_6,bid_price_6,bid_size_6,ask_price_7,ask_size_7,bid_price_7,bid_size_7,ask_price_8,ask_size_8,bid_price_8,bid_size_8,ask_price_9,ask_size_9,bid_price_9,bid_size_9,ask_price_10,ask_size_10,bid_price_10,bid_size_10
2019-06-28 09:30:00.000000000,100044,100,,,,,,,,,,,,,,,,,,,,,,,,,,,,,,,,,,,,,,
2019-06-28 09:30:00.000000003,100044,100,,,100153,100,,,,,,,,,,,,,,,,,,,,,,,,,,,,,,,,,,
2019-06-28 09:30:00.000000004,100044,100,99875,100,100153,100,,,,,,,,,,,,,,,,,,,,,,,,,,,,,,,,,,
2019-06-28 09:30:00.000000006,100044,100,99875,100,100112,100,,,100153,100,,,,,,,,,,,,,,,,,,,,,,,,,,,,,,
2019-06-28 09:30:00.000000007,100044,100,99884,100,100112,100,99875,100,100153,100,,,,,,,,,,,,,,,,,,,,,,,,,,,,,,
2019-06-28 09:30:00.000000008,100044,100,99884,100,100112,100,99875,100,100153,100,,,100178,100,,,,,,,,,,,,,,,,,,,,,,,,,,
2019-06-28 09:30:00.000000009,100044,100,100010,100,100101,100,99884,100,100112,100,99875,100,100153,100,99772,100,100178,100,,,,,,,,,,,,,,,,,,,,,,
2019-06-28 09:30:00.000000011,100044,100,100010,100,100081,100,99884,100,100101,100,99875,100,100112,100,99772,100,100153,100,,,100178,100,,,,,,,,,,,,,,,,,,
2019-06-28 09:30:00.000000012,100044,100,100010,100,100081,100,99986,100,100101,100,99884,100,100110,100,99875,100,100112,100,99772,100,100153,100,,,100178,100,,,,,,,,,,,,,,
2019-06-28 09:30:00.000000014,100044,100,100010,100,100081,100,99986,100,100101,100,99884,100,100110,100,99875,100,100112,100,99772,100,100153,100,,,100157,100,,,100178,100,,,,,,,,,,
2019-06-28 09:30:00.000000016,100044,100,100010,100,100081,100,99986,100,100101,100,99970,100,100110,100,99900,100,100112,100,99884,100,100153,100,99875,100,100157,100,99772,100,100178,100,,,,,,,,,,
2019-06-28 09:30:00.000000018,100044,100,100010,100,100081,100,99986,100,100101,100,99970,100,100110,100,99900,100,100112,100,99897,100,100134,100,99884,100,100153,100,99875,100,100157,100,99772,100,100178,100,,,,,,
2019-06-28 09:30:00.000000021,100035,100,100010,100,100044,100,99986,100,100081,100,99970,100,100101,100,99956,100,100110,100,99900,100,100112,100,99897,100,100134,100,99884,100,100153,100,99875,100,100157,100,99772,100,100178,100,,
2019-06-28 09:30:00.000000022,100035,100,100010,100,100044,100,99986,100,100081,100,99970,100,100101,100,99956,100,100110,100,99950,100,100112,100,99900,100,100134,100,99897,100,100153,100,99884,100,100157,100,99875,100,100178,100,99772,100
2019-06-28 09:30:00.000000026,100035,100,100010,100,100044,100,99986,100,100081,100,99970,100,100101,100,99956,100,100110,100,99950,100,100112,100,99929,100,100134,100,99900,100,100136,100,99897,100,100153,100,99884,100,100157,100,99875,100
2019-06-28 09:30:00.000000028,100035,100,100010,100,100044,100,99986,100,100058,100,99970,100,100081,100,99956,100,100101,100,99950,100,100110,100,99929,100,100112,100,99900,100,100134,100,99897,100,100136,100,99884,100,100153,100,99875,100
2019-06-28 09:30:00.000000031,100035,100,100034,100,100044,100,100010,100,100058,100,99986,100,100081,100,99970,100,100101,100,99956,100,100110,100,99950,100,100112,100,99929,100,100134,100,99900,100,100136,100,99897,100,100153,100,99884,100
2019-06-28 09:30:00.000000032,100035,100,100034,100,100044,100,100010,100,100058,100,99986,100,100081,100,99970,100,100101,200,99956,100,100110,100,99950,100,100112,100,99929,100,100134,100,99900,100,100136,100,99897,100,100153,100,99884,100
2019-06-28 09:30:00.000000033,100035,100,100034,100,100044,100,100010,100,100058,100,99986,100,100081,100,99970,100,100083,100,99956,100,100101,200,99950,100,100110,100,99929,100,100112,100,99900,100,100134,100,99897,100,100136,100,99884,100
2019-06-28 09:30:00.000000035,100035,100,100034,100,100044,100,100010,100,100046,100,99986,100,100058,100,99970,100,100081,100,99956,100,100083,100,99950,100,100101,200,99943,100,100110,100,99929,100,100112,100,99900,100,100134,100,99897,100
2019-06-28 09:30:00.000000038,100035,100,100010,100,100044,100,99986,100,100046,100,99970,100,100058,100,99956,100,100081,100,99950,100,100083,100,99943,100,100101,200,99929,100,100110,100,99900,100,100112,100,99897,100,100134,100,99886,100
2019-06-28 09:30:00.000000040,100035,100,100010,100,100044,100,99986,100,100046,100,99970,100,100058,100,99956,100,100081,100,99950,100,100083,100,99943,100,100101,200,99929,100,100106,100,99900,100,100110,100,99897,100,100112,100,99886,100
2019-06-28 09:30:00.000000046,100035,100,100010,100,100044,100,99986,100,100046,100,99970,100,100058,100,99956,100,100081,100,99950,100,100083,100,99943,100,100101,200,99934,100,100106,100,99929,100,100110,100,99900,100,100112,100,99897,100
2019-06-28 09:30:00.000000047,100035,100,100010,100,100044,100,99986,100,100046,100,99970,100,100058,100,99956,100,100081,100,99950,100,100083,100,99943,100,100101,200,99941,100,100106,100,99934,100,100110,100,99929,100,100112,100,99900,100
2019-06-28 09:30:00.000000050,100035,100,99986,100,100044,100,99970,100,100046,100,99956,100,100058,100,99950,100,100081,100,99943,100,100083,100,99941,100,100101,200,99934,100,100106,100,99929,100,100110,100,99900,100,100112,100,99897,100
2019-06-28 09:30:00.000000052,100035,100,99970,100,100044,100,99956,100,100046,100,99950,100,100058,100,99943,100,100081,100,99941,100,100083,100,99934,100,100101,200,99929,100,100106,100,99900,100,100110,100,99897,100,100112,100,99886,100
2019-06-28 09:30:00.000000054,100035,100,99970,100,100044,100,99956,100,100046,100,99950,100,100058,100,99945,100,100081,100,99943,100,100083,100,99941,100,100101,200,99934,100,100106,100,99929,100,100110,100,99900,100,100112,100,99897,100
2019-06-28 09:30:00.000000056,99989,100,99970,100,100035,100,99956,100,100044,100,99950,100,100046,100,99945,100,100058,100,99943,100,100081,100,99941,100,100083,100,99934,100,100101,200,99929,100,100106,100,99900,100,100110,100,99897,100
2019-06-28 09:30:00.000000059,99989,100,99970,200,100035,100,99960,100,100044,100,99956,100,100046,100,99950,100,100054,100,99945,100,100058,100,99943,100,100081,100,99941,100,100083,100,99934,100,100101,200,99929,100,100106,100,99900,100
2019-06-28 09:30:00.000000060,99989,100,99970,200,100035,100,99960,100,100044,100,99956,100,100046,100,99950,100,100054,100,99945,100,100058,100,99943,100,100081,100,99941,100,100083,100,99934,100,100101,200,99929,100,100106,100,99900,100
2019-06-28 09:30:00.000000062,99989,100,99970,200,100035,100,99960,100,100044,100,99957,100,100046,100,99956,100,100054,100,99950,100,100058,100,99945,100,100081,100,99943,100,100083,100,99941,100,100101,200,99934,100,100106,100,99929,100
2019-06-28 09:30:00.000000063,100035,100,99970,200,100044,100,99960,100,100046,100,99957,100,100054,100,99956,100,100058,100,99950,100,100081,100,99945,100,100083,100,99943,100,100101,200,99941,100,100106,100,99934,100,100110,100,99929,100
2019-06-28 09:30:00.000000066,100035,100,99971,100,100044,100,99970,200,100046,100,99960,100,100054,100,99957,100,100058,100,99956,100,100081,100,99950,100,100083,100,99945,100,100101,200,99943,100,100106,100,99941,100,100110,100,99934,100
2019-06-28 09:30:00.000000070,100035,100,100004,100,100044,100,99971,100,100046,100,99970,200,100054,100,99960,100,100058,100,99957,100,100081,100,99956,100,100083,100,99950,100,100101,200,99945,100,100106,100,99943,100,100110,100,99941,100
2019-06-28 09:30:00.000000072,100035,100,100004,100,100044,100,99971,100,100046,100,99970,200,100054,100,99960,100,100058,100,99957,100,100081,100,99956,100,100083,100,99950,100,100101,200,99945,100,100106,100,99943,100,100110,100,99941,100
2019-06-28 09:30:00.000000073,100035,100,100004,100,100044,100,99971,100,100046,100,99970,200,100054,100,99960,100,100058,100,99957,100,100081,100,99956,100,100083,100,99950,100,100099,100,99945,100,100101,200,99943,100,100106,100,99941,100
2019-06-28 09:30:00.000000074,100010,100,100004,100,100035,100,99971,100,100044,100,99970,200,100046,100,99960,100,100054,100,99957,100,100058,100,99956,100,100081,100,99950,100,100083,100,99945,100,100099,100,99943,100,100101,200,99941,100
2019-06-28 09:30:00.000000080,100010,100,100004,100,100035,100,99971,200,100044,100,99970,200,100046,100,99960,100,100054,100,99957,100,100058,100,99956,100,100081,100,99950,100,100083,100,99945,100,100099,100,99943,100,100101,200,99941,100
2019-06-28 09:30:00.000000083,100010,100,100004,100,100030,100,99971,200,100035,100,99970,200,100044,100,99960,100,100046,100,99957,100,100054,100,99956,100,100058,100,99950,100,100081,100,99945,100,100083,100,99943,100,100099,100,99941,100
2019-06-28 09:30:00.000000086,100010,100,100004,100,100030,100,99971,200,100035,100,99970,200,100044,100,99960,100,100046,100,99957,100,100054,100,99956,100,100058,100,99950,100,100064,100,99945,100,100081,100,99943,100,100083,100,99941,100
2019-06-28 09:30:00.000000087,100010,100,100004,100,100030,100,99971,200,100035,100,99970,200,100044,100,99960,100,100046,100,99957,100,100054,100,99956,100,100058,100,99950,100,100064,100,99945,100,100081,100,99943,100,100083,100,99941,100
2019-06-28 09:30:00.000000088,100010,100,100004,100,100016,100,99971,200,100030,100,99970,200,100035,100,99960,100,100044,100,99957,100,100046,100,99956,100,100054,100,99950,100,100058,100,99945,100,100064,100,99943,100,100081,100,99941,100
2019-06-28 09:30:00.000000089,100010,100,100004,100,100016,100,99971,200,100030,100,99970,200,100035,100,99960,100,100044,100,99957,100,100046,100,99956,100,100054,100,99950,100,100058,100,99949,100,100064,100,99945,100,100081,100,99943,100
2019-06-28 09:30:00.000000090,100010,100,100004,100,100016,100,99971,200,100030,100,99970,200,100035,100,99960,100,100044,100,99957,100,100046,100,99956,100,100054,100,99950,100,100058,100,99949,100,100064,100,99945,100,100081,100,99943,100
2019-06-28 09:30:00.000000092,100010,100,100004,100,100016,100,99971,200,100030,100,99970,200,100035,100,99960,100,100044,100,99957,100,100046,100,99956,100,100054,100,99950,100,100058,100,99949,100,100064,100,99945,100,100081,100,99943,100
2019-06-28 09:30:00.000000093,100010,100,100004,100,100016,100,99971,300,100030,100,99970,200,100035,100,99960,100,100044,100,99957,100,100046,100,99956,100,100054,100,99950,100,100058,100,99949,100,100064,100,99945,100,100081,100,99943,100
2019-06-28 09:30:00.000000097,100010,100,99971,300,100016,100,99970,200,100030,100,99960,100,100035,100,99957,100,100044,100,99956,100,100046,100,99950,100,100054,100,99949,100,100058,100,99945,100,100064,100,99943,100,100081,100,99941,100
2019-06-28 09:30:01.071612426,100010,100,99971,300,100016,100,99970,200,100030,100,99960,100,100035,100,99957,100,100044,100,99956,100,100046,100,99950,100,100054,100,99949,100,100058,100,99945,100,100064,100,99943,100,100081,100,99941,100
2019-06-28 09:30:01.098300667,100010,100,99971,300,100016,100,99970,200,100030,100,99960,100,100035,100,99957,100,100044,100,99956,100,100046,100,99950,100,100054,100,99949,100,100058,100,99945,100,100064,100,99943,100,100068,100,99941,100
2019-06-28 09:30:04.420631711,100010,100,99971,300,100016,100,99970,200,100030,100,99960,100,100035,100,99957,100,100044,100,99956,100,100046,100,99950,100,100054,100,99949,100,100058,100,99943,100,100064,100,99941,100,100068,100,99934,100
2019-06-28 09:30:10.000000000,100010,221,99971,421,100016,217,99970,317,100030,217,99960,217,100035,100,99957,100,100044,100,99956,100,100046,100,99950,100,100054,100,99949,100,100058,100,99943,100,100064,100,99941,100,100068,100,99934,100
2019-06-28 09:30:20.000000000,100010,171,99971,371,100016,171,99970,271,100030,171,99960,171,100035,171,99957,171,100044,171,99956,171,100046,100,99950,100,100054,100,99949,100,100058,100,99943,100,100064,100,99941,100,100068,100,99934,100
2019-06-28 09:30:21.030389731,100010,171,99971,371,100016,171,99970,271,100030,171,99960,171,100035,171,99957,171,100044,171,99956,171,100046,100,99950,100,100054,100,99949,100,100058,100,99943,100,100064,100,99941,100,100068,100,99934,100
2019-06-28 09:30:30.000000000,100010,189,99971,389,100016,189,99970,289,100030,189,99960,189,100035,189,99957,189,100044,100,99956,100,100046,100,99950,100,100054,100,99949,100,100058,100,99943,100,100064,100,99941,100,100068,100,99934,100
2019-06-28 09:30:30.065956731,100010,189,99971,389,100016,189,99970,289,100030,189,99960,189,100035,189,99957,189,100044,100,99956,100,100046,100,99950,100,100054,100,99949,100,100058,100,99943,100,100064,100,99941,100,100068,100,99934,100
2019-06-28 09:30:35.542000070,100010,89,99971,389,100016,189,99970,289,100030,189,99960,189,100035,189,99957,189,100044,100,99956,100,100046,100,99950,100,100054,100,99949,100,100058,100,99943,100,100064,100,99941,100,100068,100,99934,100
2019-06-28 09:30:40.000000000,100016,278,99971,478,100030,278,99970,378,100035,100,99960,100,100044,100,99957,100,100046,100,99956,100,100054,100,99950,100,100058,100,99949,100,100064,100,99943,100,100068,100,99941,100,100083,100,99934,100
2019-06-28 09:30:45.313617011,100016,278,99971,478,100030,278,99970,378,100035,100,99960,100,100044,100,99957,100,100046,100,99956,100,100054,100,99950,100,100058,100,99949,100,100064,100,99943,100,100068,100,99941,100,100083,100,99931,100
2019-06-28 09:30:50.000000000,100016,456,99971,656,100030,100,99970,200,100035,100,99960,100,100044,100,99957,100,100046,100,99956,100,100054,100,99950,100,100058,100,99949,100,100064,100,99943,100,100068,100,99941,100,100083,100,99931,100
2019-06-28 09:31:00.000000000,100016,171,99971,371,100030,171,99970,271,100035,171,99960,171,100044,171,99957,171,100046,171,99956,171,100054,100,99950,100,100058,100,99949,100,100064,100,99943,100,100068,100,99941,100,100083,100,99931,100
2019-06-28 09:31:10.000000000,100016,189,99971,389,100030,189,99970,289,100035,189,99960,189,100044,189,99957,189,100046,100,99956,100,100054,100,99950,100,100058,100,99949,100,100064,100,99943,100,100068,100,99941,100,100083,100,99931,100
2019-06-28 09:31:11.641272703,100016,89,99971,389,100030,189,99970,289,100035,189,99960,189,100044,189,99957,189,100046,100,99956,100,100054,100,99950,100,100058,100,99949,100,100064,100,99943,100,100068,100,99941,100,100083,100,99931,100
2019-06-28 09:31:14.687080931,100016,89,99971,389,100030,189,99970,289,100035,189,99960,189,100044,189,99957,189,100054,100,99956,100,100058,100,99950,100,100064,100,99949,100,100068,100,99943,100,100083,100,99941,100,100087,100,99931,100
2019-06-28 09:31:20.000000000,100030,278,99971,478,100035,278,99970,378,100044,100,99960,100,100054,100,99957,100,100058,100,99956,100,100064,100,99950,100,100068,100,99949,100,100083,100,99943,100,100087,100,99941,100,100095,100,99931,100
2019-06-28 09:31:30.000000000,100030,221,99971,421,100035,217,99970,317,100044,217,99960,217,100054,100,99957,100,100058,100,99956,100,100064,100,99950,100,100068,100,99949,100,100083,100,99943,100,100087,100,99941,100,100095,100,99931,100
2019-06-28 09:31:40.000000000,100030,456,99971,656,100035,100,99970,200,100044,100,99960,100,100054,100,99957,100,100058,100,99956,100,100064,100,99950,100,100068,100,99949,100,100083,100,99943,100,100087,100,99941,100,100095,100,99931,100
2019-06-28 09:31:50.000000000,100030,189,99971,389,100035,189,99970,289,100044,189,99960,189,100054,189,99957,189,100058,100,99956,100,100064,100,99950,100,100068,100,99949,100,100083,100,99943,100,100087,100,99941,100,100095,100,99931,100
2019-06-28 09:32:00.000000000,100030,171,99971,371,100035,171,99970,271,100044,171,99960,171,100054,171,99957,171,100058,171,99956,171,100064,100,99950,100,100068,100,99949,100,100083,100,99943,100,100087,100,99941,100,100095,100,99931,100
2019-06-28 09:32:10.000000000,100030,278,99971,478,100035,278,99970,378,100044,100,99960,100,100054,100,99957,100,100058,100,99956,100,100064,100,99950,100,100068,100,99949,100,100083,100,99943,100,100087,100,99941,100,100095,100,99931,100
2019-06-28 09:32:20.000000000,100030,456,99971,656,100035,100,99970,200,100044,100,99960,100,100054,100,99957,100,100058,100,99956,100,100064,100,99950,100,100068,100,99949,100,100083,100,99943,100,100087,100,99941,100,100095,100,99931,100
2019-06-28 09:32:30.000000000,100030,221,99971,421,100035,217,99970,317,100044,217,99960,217,100054,100,99957,100,100058,100,99956,100,100064,100,99950,100,100068,100,99949,100,100083,100,99943,100,100087,100,99941,100,100095,100,99931,100
2019-06-28 09:32:40.000000000,100030,171,99971,371,100035,171,99970,271,100044,171,99960,171,100054,171,99957,171,100058,171,99956,171,100064,100,99950,100,100068,100,99949,100,100083,100,99943,100,100087,100,99941,100,100095,100,99931,100
2019-06-28 09:32:50.000000000,100030,456,99971,656,100035,100,99970,200,100044,100,99960,100,100054,100,99957,100,100058,100,99956,100,100064,100,99950,100,100068,100,99949,100,100083,100,99943,100,100087,100,99941,100,100095,100,99931,100
2019-06-28 09:32:51.478490335,100009,100,99971,656,100030,456,99970,200,100035,100,99960,100,100044,100,99957,100,100054,100,99956,100,100058,100,99950,100,100064,100,99949,100,100068,100,99943,100,100083,100,99941,100,100087,100,99931,100
2019-06-28 09:33:00.000000000,100009,278,99971,478,100030,278,99970,378,100035,100,99960,100,100044,100,99957,100,100054,100,99956,100,100058,100,99950,100,100064,100,99949,100,100068,100,99943,100,100083,100,99941,100,100087,100,99931,100
2019-06-28 09:33:01.423129590,100009,278,99971,478,100030,278,99970,378,100035,100,99960,100,100044,100,99957,100,100054,100,99956,100,100058,100,99950,100,100064,100,99949,100,100068,100,99943,100,100083,100,99941,100,100087,100,99931,100
2019-06-28 09:33:01.597347491,100009,278,99971,378,100030,278,99970,378,100035,100,99960,100,100044,100,99957,100,100054,100,99956,100,100058,100,99950,100,100064,100,99949,100,100068,100,99943,100,100083,100,99941,100,100087,100,99931,100
2019-06-28 09:33:10.000000000,100009,221,99971,321,100030,217,99970,317,100035,217,99960,217,100044,100,99957,100,100054,100,99956,100,100058,100,99950,100,100064,100,99949,100,100068,100,99943,100,100083,100,99941,100,100087,100,99931,100
2019-06-28 09:33:10.746811004,100008,100,99971,321,100009,221,99970,317,100030,217,99960,217,100035,217,99957,100,100044,100,99956,100,100054,100,99950,100,100058,100,99949,100,100064,100,99943,100,100068,100,99941,100,100083,100,99931,100
2019-06-28 09:33:20.000000000,100008,189,99971,289,100009,189,99970,289,100030,189,99960,189,100035,189,99957,189,100044,100,99956,100,100054,100,99950,100,100058,100,99949,100,100064,100,99943,100,100068,100,99941,100,100083,100,99931,100
2019-06-28 09:33:30.000000000,100008,278,99971,378,100009,278,99970,378,100030,100,99960,100,100035,100,99957,100,100044,100,99956,100,100054,100,99950,100,100058,100,99949,100,100064,100,99943,100,100068,100,99941,100,100083,100,99931,100
2019-06-28 09:33:39.820230851,100008,278,99971,378,100009,278,99970,378,100030,100,99960,100,100035,100,99957,100,100044,100,99950,100,100054,100,99949,100,100058,100,99943,100,100064,100,99941,100,100068,100,99931,100,100083,100,99930,100
2019-06-28 09:33:40.000000000,100008,221,99971,321,100009,217,99970,317,100030,217,99960,217,100035,100,99957,100,100044,100,99950,100,100054,100,99949,100,100058,100,99943,100,100064,100,99941,100,100068,100,99931,100,100083,100,99930,100
2019-06-28 09:33:50.000000000,100008,171,99971,271,100009,171,99970,271,100030,171,99960,171,100035,171,99957,171,100044,171,99950,171,100054,100,99949,100,100058,100,99943,100,100064,100,99941,100,100068,100,99931,100,100083,100,99930,100
2019-06-28 09:33:52.880861393,100008,271,99971,271,100009,171,99970,271,100030,171,99960,171,100035,171,99957,171,100044,171,99950,171,100054,100,99949,100,100058,100,99943,100,100064,100,99941,100,100068,100,99931,100,100083,100,99930,100
2019-06-28 09:34:00.000000000,100008,556,99971,556,100009,100,99970,200,100030,100,99960,100,100035,100,99957,100,100044,100,99950,100,100054,100,99949,100,100058,100,99943,100,100064,100,99941,100,100068,100,99931,100,100083,100,99930,100
2019-06-28 09:34:02.345155353,100008,556,99971,556,100009,100,99970,200,100030,100,99960,100,100035,100,99957,100,100044,100,99950,100,100054,100,99949,100,100058,100,99943,100,100064,100,99941,100,100068,100,99931,100,100083,100,99930,100
2019-06-28 09:34:10.000000000,100008,271,99971,271,100009,171,99970,271,100030,171,99960,171,100035,171,99957,171,100044,171,99950,171,100054,100,99949,100,100058,100,99943,100,100064,100,99941,100,100068,100,99931,100,100083,100,99930,100
2019-06-28 09:34:20.000000000,100008,378,99971,378,100009,278,99970,378,100030,100,99960,100,100035,100,99957,100,100044,100,99950,100,100054,100,99949,100,100058,100,99943,100,100064,100,99941,100,100068,100,99931,100,100083,100,99930,100
2019-06-28 09:34:29.015599653,100008,378,99971,378,100009,278,99970,378,100030,100,99960,100,100035,100,99957,100,100044,100,99950,100,100054,100,99949,100,100058,100,99943,100,100064,100,99941,100,100068,100,99931,100,100083,100,99930,100
2019-06-28 09:34:30.000000000,100008,378,99971,378,100009,278,99970,378,100030,100,99960,100,100035,100,99957,100,100044,100,99950,100,100054,100,99949,100,100058,100,99943,100,100064,100,99941,100,100068,100,99931,100,100083,100,99930,100
2019-06-28 09:34:34.841702340,100008,378,99971,278,100009,278,99970,378,100030,100,99960,100,100035,100,99957,100,100044,100,99950,100,100054,100,99949,100,100058,100,99943,100,100064,100,99941,100,100083,100,99931,100,100087,100,99930,100
2019-06-28 09:34:40.000000000,100008,378,99971,278,100009,278,99970,378,100030,100,99960,100,100035,100,99957,100,100044,100,99950,100,100054,100,99949,100,100058,100,99943,100,100064,100,99941,100,100083,100,99931,100,100087,100,99930,100
2019-06-28 09:34:50.000000000,100008,378,99971,278,100009,278,99970,378,100030,100,99960,100,100035,100,99957,100,100044,100,99950,100,100054,100,99949,100,100058,100,99943,100,100064,100,99941,100,100083,100,99931,100,100087,100,99930,100
2019-06-28 09:34:56.599334419,100008,378,99971,278,100009,278,99970,378,100030,100,99960,100,100035,100,99957,100,100044,100,99950,100,100054,100,99949,100,100058,100,99943,100,100064,100,99941,100,100083,100,99931,100,100087,100,99930,100
2019-06-28 09:35:00.000000000,100008,289,99971,189,100009,189,99970,289,100030,189,99960,189,100035,189,99957,189,100044,100,99950,100,100054,100,99949,100,100058,100,99943,100,100064,100,99941,100,100083,100,99931,100,100087,100,99930,100
2019-06-28 09:35:00.336443518,100008,289,99971,89,100009,189,99970,289,100030,189,99960,189,100035,189,99957,189,100044,100,99950,100,100054,100,99949,100,100058,100,99943,100,100064,100,99941,100,100083,100,99931,100,100087,100,99930,100
2019-06-28 09:35:00.476881802,100008,289,99971,89,100009,189,99970,289,100030,189,99960,189,100035,189,99957,189,100044,100,99950,100,100054,100,99949,100,100058,100,99943,100,100064,100,99941,100,100083,100,99931,100,100087,100,99930,100
2019-06-28 09:35:05.804813749,100008,289,99971,89,100009,189,99970,289,100030,189,99960,189,100035,189,99957,189,100044,100,99950,100,100054,100,99949,100,100058,100,99943,100,100064,100,99941,100,100083,100,99931,100,100087,100,99930,100
2019-06-28 09:35:10.000000000,100008,378,99970,378,100009,278,99960,278,100030,100,99957,100,100035,100,99950,100,100044,100,99949,100,100054,100,99943,100,100058,100,99941,100,100064,100,99931,100,100083,100,99930,100,100087,100,99907,100
2019-06-28 09:35:17.122104137,100008,378,99994,100,100009,278,99970,378,100030,100,99960,278,100035,100,99957,100,100044,100,99950,100,100054,100,99949,100,100058,100,99943,100,100064,100,99941,100,100083,100,99931,100,100087,100,99930,100
2019-06-28 09:35:20.000000000,100008,556,99994,456,100009,100,99970,200,100030,100,99960,100,100035,100,99957,100,100044,100,99950,100,100054,100,99949,100,100058,100,99943,100,100064,100,99941,100,100083,100,99931,100,100087,100,99930,100
2019-06-28 09:35:28.375298898,100008,556,99994,456,100009,100,99970,200,100030,100,99960,100,100035,100,99957,100,100044,100,99950,100,100054,100,99949,100,100058,100,99943,100,100064,100,99941,100,100083,100,99931,100,100087,100,99930,100
2019-06-28 09:35:30.000000000,100008,321,99994,221,100009,217,99970,317,100030,217,99960,217,100035,100,99957,100,100044,100,99950,100,100054,100,99949,100,100058,100,99943,100,100064,100,99941,100,100083,100,99931,100,100087,100,99930,100
2019-06-28 09:35:40.000000000,100008,556,99994,456,100009,100,99970,200,100030,100,99960,100,100035,100,99957,100,100044,100,99950,100,100054,100,99949,100,100058,100,99943,100,100064,100,99941,100,100083,100,99931,100,100087,100,99930,100
2019-06-28 09:35:42.778448716,100008,556,99994,356,100009,100,99970,200,100030,100,99960,100,100035,100,99957,100,100044,100,99950,100,100054,100,99949,100,100058,100,99943,100,100064,100,99941,100,100083,100,99931,100,100087,100,99930,100
2019-06-28 09:35:47.912960444,100008,556,99994,256,100009,100,99970,200,100030,100,99960,100,100035,100,99957,100,100044,100,99950,100,100054,100,99949,100,100058,100,99943,100,100064,100,99941,100,100083,100,99931,100,100087,100,99930,100
2019-06-28 09:35:49.311096875,100008,556,99994,156,100009,100,99970,200,100030,100,99960,100,100035,100,99957,100,100044,100,99950,100,100054,100,99949,100,100058,100,99943,100,100083,100,99941,100,100087,100,99931,100,100095,100,99930,100
2019-06-28 09:35:50.000000000,100008,556,99970,556,100009,100,99960,100,100030,100,99957,100,100035,100,99950,100,100044,100,99949,100,100054,100,99943,100,100058,100,99941,100,100083,100,99931,100,100087,100,99930,100,100095,100,99907,100
2019-06-28 09:36:00.000000000,100008,321,99970,321,100009,217,99960,217,100030,217,99957,217,100035,100,99950,100,100044,100,99949,100,100054,100,99943,100,100058,100,99941,100,100083,100,99931,100,100087,100,99930,100,100095,100,99907,100
2019-06-28 09:36:10.000000000,100008,289,99970,289,100009,189,99960,189,100030,189,99957,189,100035,189,99950,189,100044,100,99949,100,100054,100,99943,100,100058,100,99941,100,100083,100,99931,100,100087,100,99930,100,100095,100,99907,100
2019-06-28 09:36:20.000000000,100008,378,99970,378,100009,278,99960,278,100030,100,99957,100,100035,100,99950,100,100044,100,99949,100,100054,100,99943,100,100058,100,99941,100,100083,100,99931,100,100087,100,99930,100,100095,100,99907,100
2019-06-28 09:36:30.000000000,100008,378,99970,378,100009,278,99960,278,100030,100,99957,100,100035,100,99950,100,100044,100,99949,100,100054,100,99943,100,100058,100,99941,100,100083,100,99931,100,100087,100,99930,100,100095,100,99907,100
2019-06-28 09:36:33.488824156,100008,378,99970,378,100009,278,99960,278,100030,100,99957,100,100035,100,99950,100,100044,100,99949,100,100054,100,99943,100,100058,100,99941,100,100083,100,99931,100,100087,100,99930,100,100095,100,99907,100
2019-06-28 09:36:35.517256064,100008,378,99970,278,100009,278,99960,278,100030,100,99957,100,100035,100,99950,100,100044,100,99943,100,100054,100,99941,100,100058,100,99931,100,100083,100,99930,100,100087,100,99907,100,100095,100,99900,100
2019-06-28 09:36:40.000000000,100008,321,99970,221,100009,217,99960,217,100030,217,99957,217,100035,100,99950,100,100044,100,99943,100,100054,100,99941,100,100058,100,99931,100,100083,100,99930,100,100087,100,99907,100,100095,100,99900,100
2019-06-28 09:36:45.475743553,100008,321,99970,121,100009,217,99960,117,100030,217,99957,217,100035,100,99950,100,100044,100,99943,100,100054,100,99941,100,100058,100,99931,100,100083,100,99930,100,100087,100,99907,100,100095,100,99900,100
2019-06-28 09:36:50.000000000,100008,271,99957,171,100009,171,99950,171,100030,171,99943,171,100035,171,99941,171,100044,171,99931,171,100054,100,99930,100,100058,100,99907,100,100083,100,99900,100,100087,100,99897,200,100095,100,99886,100
2019-06-28 09:37:00.000000000,100008,378,99957,278,100009,278,99950,278,100030,100,99943,100,100035,100,99941,100,100044,100,99931,100,100054,100,99930,100,100058,100,99907,100,100083,100,99900,100,100087,100,99897,200,100095,100,99886,100
2019-06-28 09:37:04.706555721,100008,378,99957,278,100009,278,99950,278,100030,100,99943,100,100035,100,99941,100,100044,100,99931,100,100054,100,99930,100,100058,100,99907,100,100083,100,99900,100,100087,100,99897,200,100095,100,99886,100
2019-06-28 09:37:04.945487985,100008,378,99957,278,100009,278,99950,278,100030,100,99943,100,100035,100,99941,100,100044,100,99931,100,100054,100,99930,100,100058,100,99907,100,100083,100,99900,100,100087,100,99897,200,100095,100,99886,100
2019-06-28 09:37:10.000000000,100008,289,99957,189,100009,189,99950,189,100030,189,99943,189,100035,189,99941,189,100044,100,99931,100,100054,100,99930,100,100058,100,99907,100,100083,100,99900,100,100087,100,99897,200,100095,100,99886,100
2019-06-28 09:37:20.000000000,100008,321,99957,221,100009,217,99950,217,100030,217,99943,217,100035,100,99941,100,100044,100,99931,100,100054,100,99930,100,100058,100,99907,100,100083,100,99900,100,100087,100,99897,200,100095,100,99886,100
2019-06-28 09:37:20.112417874,100008,321,99957,221,100009,217,99950,217,100030,217,99943,217,100035,100,99941,100,100044,100,99931,100,100054,100,99907,100,100058,100,99900,100,100083,100,99897,200,100087,100,99886,100,100095,100,99884,100
2019-06-28 09:37:27.702800191,100008,321,99957,221,100009,217,99950,217,100030,217,99943,217,100035,100,99941,100,100044,100,99931,100,100054,100,99907,100,100058,100,99900,100,100083,100,99897,200,100087,100,99886,100,100095,100,99884,100
2019-06-28 09:37:28.528302008,100008,321,99957,221,100009,217,99950,217,100030,217,99943,217,100035,100,99931,100,100044,100,99907,100,100054,100,99900,100,100058,100,99897,200,100083,100,99886,100,100087,100,99884,100,100095,100,99796,100
2019-06-28 09:37:30.000000000,100008,378,99957,278,100009,278,99950,278,100030,100,99943,100,100035,100,99931,100,100044,100,99907,100,100054,100,99900,100,100058,100,99897,200,100083,100,99886,100,100087,100,99884,100,100095,100,99796,100
2019-06-28 09:37:32.270204160,100008,378,99957,278,100009,278,99950,278,100030,100,99943,100,100035,100,99931,100,100044,100,99907,100,100054,100,99900,100,100058,100,99897,200,100083,100,99886,100,100087,100,99884,100,100095,100,99796,100
2019-06-28 09:37:40.000000000,100008,271,99957,171,100009,171,99950,171,100030,171,99943,171,100035,171,99931,171,100044,171,99907,171,100054,100,99900,100,100058,100,99897,200,100083,100,99886,100,100087,100,99884,100,100095,100,99796,100
2019-06-28 09:37:50.000000000,100008,289,99957,189,100009,189,99950,189,100030,189,99943,189,100035,189,99931,189,100044,100,99907,100,100054,100,99900,100,100058,100,99897,200,100083,100,99886,100,100087,100,99884,100,100095,100,99796,100
2019-06-28 09:38:00.000000000,100008,321,99957,221,100009,217,99950,217,100030,217,99943,217,100035,100,99931,100,100044,100,99907,100,100054,100,99900,100,100058,100,99897,200,100083,100,99886,100,100087,100,99884,100,100095,100,99796,100
2019-06-28 09:38:10.000000000,100008,289,99957,189,100009,189,99950,189,100030,189,99943,189,100035,189,99931,189,100044,100,99907,100,100054,100,99900,100,100058,100,99897,200,100083,100,99886,100,100087,100,99884,100,100095,100,99796,100
2019-06-28 09:38:20.000000000,100008,321,99957,221,100009,217,99950,217,100030,217,99943,217,100035,100,99931,100,100044,100,99907,100,100054,100,99900,100,100058,100,99897,200,100083,100,99886,100,100087,100,99884,100,100095,100,99796,100
2019-06-28 09:38:30.000000000,100008,271,99957,171,100009,171,99950,171,100030,171,99943,171,100035,171,99931,171,100044,171,99907,171,100054,100,99900,100,100058,100,99897,200,100083,100,99886,100,100087,100,99884,100,100095,100,99796,100
2019-06-28 09:38:38.938562786,100008,271,99957,71,100009,171,99950,171,100030,171,99943,171,100035,171,99931,171,100044,171,99907,171,100054,100,99900,100,100058,100,99897,200,100083,100,99886,100,100087,100,99884,100,100095,100,99796,100
2019-06-28 09:38:40.000000000,100008,378,99950,278,100009,278,99943,278,100030,100,99931,100,100035,100,99907,100,100044,100,99900,100,100054,100,99897,200,100058,100,99886,100,100083,100,99884,100,100087,100,99796,100,100095,100,99772,100
2019-06-28 09:38:41.171738567,100008,378,99950,178,100009,278,99943,278,100030,100,99931,100,100035,100,99907,100,100044,100,99900,100,100054,100,99897,200,100058,100,99886,100,100083,100,99884,100,100087,100,99796,100,100095,100,99772,100
2019-06-28 09:38:42.903687914,100008,378,99950,78,100009,278,99943,278,100030,100,99931,100,100035,100,99907,100,100044,100,99900,100,100054,100,99897,200,100058,100,99886,100,100083,100,99884,100,100087,100,99796,100,100095,100,99772,100
2019-06-28 09:38:50.000000000,100008,321,99943,221,100009,217,99931,217,100030,217,99907,217,100035,100,99900,100,100044,100,99897,200,100054,100,99886,100,100058,100,99884,100,100083,100,99796,100,100087,100,99772,100,100095,100,99573,100
2019-06-28 09:39:00.000000000,100008,378,99943,278,100009,278,99931,278,100030,100,99907,100,100035,100,99900,100,100044,100,99897,200,100054,100,99886,100,100058,100,99884,100,100083,100,99796,100,100087,100,99772,100,100095,100,99573,100
2019-06-28 09:39:10.000000000,100008,378,99943,278,100009,278,99931,278,100030,100,99907,100,100035,100,99900,100,100044,100,99897,200,100054,100,99886,100,100058,100,99884,100,100083,100,99796,100,100087,100,99772,100,100095,100,99573,100
2019-06-28 09:39:20.000000000,100008,556,99943,456,100009,100,99931,100,100030,100,99907,100,100035,100,99900,100,100044,100,99897,200,100054,100,99886,100,100058,100,99884,100,100083,100,99796,100,100087,100,99772,100,100095,100,99573,100
2019-06-28 09:39:27.372830503,100008,556,99943,456,100009,100,99931,100,100035,100,99907,100,100044,100,99900,100,100054,100,99897,200,100058,100,99886,100,100083,100,99884,100,100087,100,99796,100,100095,100,99772,100,100099,100,99573,100
2019-06-28 09:39:27.610020772,100008,556,99943,456,100035,100,99931,100,100044,100,99907,100,100054,100,99900,100,100058,100,99897,200,100083,100,99886,100,100087,100,99884,100,100095,100,99796,100,100099,100,99772,100,100101,100,99573,100
2019-06-28 09:39:30.000000000,100008,271,99943,171,100035,171,99931,171,100044,171,99907,171,100054,171,99900,171,100058,171,99897,271,100083,100,99886,100,100087,100,99884,100,100095,100,99796,100,100099,100,99772,100,100101,100,99573,100
2019-06-28 09:39:39.952790469,100008,271,99943,171,100035,171,99931,171,100044,171,99907,171,100054,171,99900,171,100058,171,99897,271,100083,100,99886,100,100087,100,99884,100,100095,100,99796,100,100099,100,99772,100,100101,100,99527,100
2019-06-28 09:39:40.000000000,100008,321,99943,221,100035,217,99931,217,100044,217,99907,217,100054,100,99900,100,100058,100,99897,200,100083,100,99886,100,100087,100,99884,100,100095,100,99796,100,100099,100,99772,100,100101,100,99527,100
2019-06-28 09:39:50.000000000,100008,271,99943,171,100035,171,99931,171,100044,171,99907,171,100054,171,99900,171,100058,171,99897,271,100083,100,99886,100,100087,100,99884,100,100095,100,99796,100,100099,100,99772,100,100101,100,99527,100
2019-06-28 09:40:00.000000000,100008,289,99943,189,100035,189,99931,189,100044,189,99907,189,100054,189,99900,189,100058,100,99897,200,100083,100,99886,100,100087,100,99884,100,100095,100,99796,100,100099,100,99772,100,100101,100,99527,100
2019-06-28 09:40:02.322639382,100008,289,99943,189,100035,189,99931,189,100044,189,99907,189,100054,189,99900,189,100058,100,99897,200,100083,100,99886,100,100087,100,99884,100,100095,100,99796,100,100099,100,99772,100,100101,100,99527,100
2019-06-28 09:40:06.599238526,100008,289,99943,89,100035,189,99931,189,100044,189,99907,189,100054,89,99900,189,100058,100,99897,200,100083,100,99886,100,100087,100,99884,100,100095,100,99796,100,100099,100,99772,100,100101,100,99527,100
2019-06-28 09:40:07.914125858,99950,100,99943,89,100008,289,99931,189,100035,189,99907,189,100044,189,99900,189,100054,89,99897,200,100058,100,99886,100,100083,100,99884,100,100087,100,99796,100,100095,100,99772,100,100099,100,99527,100
2019-06-28 09:40:10.000000000,99950,171,99931,171,100008,271,99907,171,100035,171,99900,171,100044,171,99897,271,100058,171,99886,171,100083,100,99884,100,100087,100,99796,100,100095,100,99772,100,100099,100,99527,100,100101,100,99480,100
2019-06-28 09:40:20.000000000,99950,189,99931,189,100008,289,99907,189,100035,189,99900,189,100044,189,99897,289,100058,100,99886,100,100083,100,99884,100,100087,100,99796,100,100095,100,99772,100,100099,100,99527,100,100101,100,99480,100
2019-06-28 09:40:30.000000000,99950,278,99931,278,100008,378,99907,278,100035,100,99900,100,100044,100,99897,200,100058,100,99886,100,100083,100,99884,100,100087,100,99796,100,100095,100,99772,100,100099,100,99527,100,100101,100,99480,100
2019-06-28 09:40:40.000000000,99950,221,99931,221,100008,317,99907,217,100035,217,99900,217,100044,100,99897,200,100058,100,99886,100,100083,100,99884,100,100087,100,99796,100,100095,100,99772,100,100099,100,99527,100,100101,100,99480,100
2019-06-28 09:40:50.000000000,99950,171,99931,171,100008,271,99907,171,100035,171,99900,171,100044,171,99897,271,100058,171,99886,171,100083,100,99884,100,100087,100,99796,100,100095,100,99772,100,100099,100,99527,100,100101,100,99480,100
2019-06-28 09:41:00.000000000,99950,189,99931,189,100008,289,99907,189,100035,189,99900,189,100044,189,99897,289,100058,100,99886,100,100083,100,99884,100,100087,100,99796,100,100095,100,99772,100,100099,100,99527,100,100101,100,99480,100
2019-06-28 09:41:04.777893890,99950,189,99931,189,100008,289,99907,189,100035,189,99900,189,100044,189,99897,289,100058,100,99886,100,100083,100,99884,100,100087,100,99796,100,100095,100,99772,100,100099,100,99765,100,100101,100,99527,100
2019-06-28 09:41:08.165071497,99950,189,99931,189,100008,289,99907,189,100035,189,99900,189,100044,189,99897,289,100058,100,99886,100,100083,100,99884,100,100087,100,99796,100,100095,100,99772,100,100099,100,99765,100,100101,100,99527,100
2019-06-28 09:41:10.000000000,99950,278,99931,278,100008,378,99907,278,100035,100,99900,100,100044,100,99897,200,100058,100,99886,100,100083,100,99884,100,100087,100,99796,100,100095,100,99772,100,100099,100,99765,100,100101,100,99527,100
2019-06-28 09:41:20.000000000,99950,189,99931,189,100008,289,99907,189,100035,189,99900,189,100044,189,99897,289,100058,100,99886,100,100083,100,99884,100,100087,100,99796,100,100095,100,99772,100,100099,100,99765,100,100101,100,99527,100
2019-06-28 09:41:24.355341289,99950,189,99931,89,100008,289,99907,189,100035,189,99900,189,100044,189,99897,189,100058,100,99886,100,100083,100,99884,100,100087,100,99796,100,100095,100,99772,100,100099,100,99765,100,100101,100,99527,100
2019-06-28 09:41:30.000000000,99950,456,99907,456,100008,200,99900,100,100035,100,99897,100,100044,100,99886,100,100058,100,99884,100,100083,100,99796,100,100087,100,99772,100,100095,100,99765,100,100099,100,99527,100,100101,100,99480,100
2019-06-28 09:41:40.000000000,99950,171,99907,171,100008,271,99900,171,100035,171,99897,171,100044,171,99886,171,100058,171,99884,171,100083,100,99796,100,100087,100,99772,100,100095,100,99765,100,100099,100,99527,100,100101,100,99480,100
2019-06-28 09:41:42.654342477,99950,171,99907,171,100008,271,99900,171,100035,171,99897,171,100044,171,99886,171,100058,171,99884,171,100083,100,99796,100,100087,100,99772,100,100095,100,99765,100,100099,100,99745,100,100101,100,99527,100
2019-06-28 09:41:45.299219131,99950,171,99907,71,100008,271,99900,171,100035,171,99897,171,100044,171,99886,171,100058,171,99884,171,100083,100,99796,100,100087,100,99772,100,100095,100,99765,100,100099,100,99745,100,100101,100,99527,100
2019-06-28 09:41:50.000000000,99950,278,99900,278,100008,378,99897,278,100035,100,99886,100,100044,100,99884,100,100058,100,99796,100,100083,100,99772,100,100087,100,99765,100,100095,100,99745,100,100099,100,99527,100,100101,100,99480,100
2019-06-28 09:42:00.000000000,99950,456,99900,456,100008,200,99897,100,100035,100,99886,100,100044,100,99884,100,100058,100,99796,100,100083,100,99772,100,100087,100,99765,100,100095,100,99745,100,100099,100,99527,100,100101,100,99480,100
2019-06-28 09:42:00.958535099,99950,456,99900,356,100008,200,99897,100,100035,100,99886,100,100044,100,99884,100,100058,100,99796,100,100083,100,99772,100,100087,100,99765,100,100095,100,99745,100,100099,100,99527,100,100101,100,99480,100
2019-06-28 09:42:10.000000000,99950,278,99897,278,100008,378,99886,278,100035,100,99884,100,100044,100,99796,100,100058,100,99772,100,100083,100,99765,100,100087,100,99745,100,100095,100,99527,100,100099,100,99480,100,100101,100,99457,100
2019-06-28 09:42:18.548885412,99950,278,99897,278,100008,378,99886,278,100035,100,99884,100,100044,100,99796,100,100058,100,99779,100,100083,100,99772,100,100087,100,99765,100,100095,100,99745,100,100099,100,99527,100,100101,100,99480,100
2019-06-28 09:42:20.000000000,99950,171,99897,171,100008,271,99886,171,100035,171,99884,171,100044,171,99796,171,100058,171,99779,171,100083,100,99772,100,100087,100,99765,100,100095,100,99745,100,100099,100,99527,100,100101,100,99480,100
2019-06-28 09:42:24.456835774,99907,100,99897,171,99950,171,99886,171,100008,271,99884,171,100035,171,99796,171,100044,71,99779,171,100058,171,99772,100,100083,100,99765,100,100087,100,99745,100,100095,100,99527,100,100099,100,99480,100
2019-06-28 09:42:30.000000000,99907,221,99897,221,99950,217,99886,217,100008,317,99884,217,100035,100,99796,100,100058,100,99779,100,100083,100,99772,100,100087,100,99765,100,100095,100,99745,100,100099,100,99527,100,100101,100,99480,100
2019-06-28 09:42:40.000000000,99907,278,99897,278,99950,278,99886,278,100008,200,99884,100,100035,100,99796,100,100058,100,99779,100,100083,100,99772,100,100087,100,99765,100,100095,100,99745,100,100099,100,99527,100,100101,100,99480,100
2019-06-28 09:42:50.000000000,99907,189,99897,189,99950,189,99886,189,100008,289,99884,189,100035,189,99796,189,100058,100,99779,100,100083,100,99772,100,100087,100,99765,100,100095,100,99745,100,100099,100,99527,100,100101,100,99480,100
2019-06-28 09:42:51.214186973,99907,189,99897,189,99950,189,99886,189,100008,289,99884,189,100035,189,99796,189,100058,100,99779,100,100083,100,99772,100,100087,100,99765,100,100095,100,99745,100,100099,100,99610,100,100101,100,99480,100
2019-06-28 09:43:00.000000000,99907,171,99897,171,99950,171,99886,171,100008,271,99884,171,100035,171,99796,171,100058,171,99779,171,100083,100,99772,100,100087,100,99765,100,100095,100,99745,100,100099,100,99610,100,100101,100,99480,100
2019-06-28 09:43:06.342308971,99907,171,99897,71,99950,171,99886,171,100008,271,99884,171,100035,171,99796,171,100058,171,99779,171,100083,100,99772,100,100087,100,99765,100,100095,100,99745,100,100099,100,99610,100,100101,100,99480,100
2019-06-28 09:43:10.000000000,99907,456,99886,456,99950,100,99884,100,100008,200,99796,100,100035,100,99779,100,100058,100,99772,100,100083,100,99765,100,100087,100,99745,100,100095,100,99610,100,100099,100,99480,100,100101,100,99457,100
2019-06-28 09:43:11.781755071,99900,100,99886,456,99907,356,99884,100,99950,100,99796,100,100008,200,99779,100,100035,100,99772,100,100058,100,99765,100,100083,100,99745,100,100087,100,99610,100,100095,100,99480,100,100099,100,99457,100
2019-06-28 09:43:14.322736174,99900,100,99886,456,99907,356,99884,100,99950,100,99796,100,100008,200,99781,100,100035,100,99779,100,100058,100,99772,100,100083,100,99745,100,100087,100,99610,100,100095,100,99480,100,100099,100,99457,100
2019-06-28 09:43:20.000000000,99900,278,99886,278,99950,278,99884,278,100008,200,99796,100,100035,100,99781,100,100058,100,99779,100,100083,100,99772,100,100087,100,99745,100,100095,100,99610,100,100099,100,99480,100,100101,100,99457,100
2019-06-28 09:43:22.399217115,99900,278,99886,278,99950,278,99884,278,99951,100,99796,100,100008,200,99781,100,100035,100,99779,100,100058,100,99772,100,100083,100,99745,100,100087,100,99610,100,100095,100,99480,100,100099,100,99457,100
2019-06-28 09:43:30.000000000,99900,456,99886,456,99950,100,99884,100,99951,100,99796,100,100008,200,99781,100,100035,100,99779,100,100058,100,99772,100,100083,100,99745,100,100087,100,99610,100,100095,100,99480,100,100099,100,99457,100
2019-06-28 09:43:40.000000000,99900,221,99886,221,99950,217,99884,217,99951,217,99796,217,100008,200,99781,100,100035,100,99779,100,100058,100,99772,100,100083,100,99745,100,100087,100,99610,100,100095,100,99480,100,100099,100,99457,100
2019-06-28 09:43:42.231522388,99900,221,99886,221,99950,217,99884,217,99951,217,99796,217,100008,100,99781,100,100035,100,99779,100,100058,100,99772,100,100083,100,99745,100,100087,100,99610,100,100095,100,99480,100,100099,100,99457,100
2019-06-28 09:43:43.915623004,99900,221,99886,121,99950,217,99884,217,99951,217,99796,217,100008,100,99781,100,100035,100,99779,100,100058,100,99772,100,100083,100,99745,100,100087,100,99610,100,100095,100,99480,100,100099,100,99457,100
2019-06-28 09:43:44.085058374,99900,221,99886,21,99950,217,99884,217,99951,217,99796,217,100008,100,99781,100,100035,100,99779,100,100058,100,99772,100,100083,100,99745,100,100087,100,99610,100,100095,100,99480,100,100099,100,99457,100
2019-06-28 09:43:50.000000000,99900,278,99884,278,99950,278,99796,278,99951,100,99781,100,100008,100,99779,100,100035,100,99772,100,100058,100,99745,100,100083,100,99610,100,100087,100,99480,100,100095,100,99457,100,100099,100,99434,100
2019-06-28 09:44:00.000000000,99900,221,99884,221,99950,217,99796,217,99951,217,99781,217,100008,100,99779,100,100035,100,99772,100,100058,100,99745,100,100083,100,99610,100,100087,100,99480,100,100095,100,99457,100,100099,100,99434,100
2019-06-28 09:44:10.000000000,99900,171,99884,171,99950,171,99796,171,99951,171,99781,171,100008,171,99779,171,100035,171,99772,171,100058,100,99745,100,100083,100,99610,100,100087,100,99480,100,100095,100,99457,100,100099,100,99434,100
2019-06-28 09:44:10.499533556,99900,171,99884,171,99950,171,99796,171,99951,171,99781,171,100008,171,99779,171,100035,171,99772,171,100058,100,99745,100,100083,100,99610,100,100087,100,99480,100,100095,100,99457,100,100099,100,99434,100
2019-06-28 09:44:20.000000000,99900,456,99884,456,99950,100,99796,100,99951,100,99781,100,100008,100,99779,100,100035,100,99772,100,100058,100,99745,100,100083,100,99610,100,100087,100,99480,100,100095,100,99457,100,100099,100,99434,100
2019-06-28 09:44:30.000000000,99900,189,99884,189,99950,189,99796,189,99951,189,99781,189,100008,189,99779,189,100035,100,99772,100,100058,100,99745,100,100083,100,99610,100,100087,100,99480,100,100095,100,99457,100,100099,100,99434,100
2019-06-28 09:44:36.389961393,99900,189,99884,189,99950,189,99846,100,99951,189,99796,189,100008,189,99781,189,100035,100,99779,189,100058,100,99745,100,100083,100,99610,100,100087,100,99480,100,100095,100,99457,100,100099,100,99434,100
2019-06-28 09:44:40.000000000,99900,456,99884,456,99950,100,99846,100,99951,100,99796,100,100008,100,99781,100,100035,100,99779,100,100058,100,99745,100,100083,100,99610,100,100087,100,99480,100,100095,100,99457,100,100099,100,99434,100
2019-06-28 09:44:50.000000000,99900,221,99884,221,99950,217,99846,217,99951,217,99796,217,100008,100,99781,100,100035,100,99779,100,100058,100,99745,100,100083,100,99610,100,100087,100,99480,100,100095,100,99457,100,100099,100,99434,100
2019-06-28 09:45:00.000000000,99900,189,99884,189,99950,189,99846,189,99951,189,99796,189,100008,189,99781,189,100035,100,99779,100,100058,100,99745,100,100083,100,99610,100,100087,100,99480,100,100095,100,99457,100,100099,100,99434,100
2019-06-28 09:45:10.000000000,99900,456,99884,456,99950,100,99846,100,99951,100,99796,100,100008,100,99781,100,100035,100,99779,100,100058,100,99745,100,100083,100,99610,100,100087,100,99480,100,100095,100,99457,100,100099,100,99434,100
2019-06-28 09:45:20.000000000,99900,456,99884,456,99950,100,99846,100,99951,100,99796,100,100008,100,99781,100,100035,100,99779,100,100058,100,99745,100,100083,100,99610,100,100087,100,99480,100,100095,100,99457,100,100099,100,99434,100
2019-06-28 09:45:30.000000000,99900,456,99884,456,99950,100,99846,100,99951,100,99796,100,100008,100,99781,100,100035,100,99779,100,100058,100,99745,100,100083,100,99610,100,100087,100,99480,100,100095,100,99457,100,100099,100,99434,100
2019-06-28 09:45:33.440933069,99900,456,99884,456,99950,100,99846,100,99951,100,99796,100,100008,100,99781,100,100035,100,99779,100,100058,100,99745,100,100083,100,99610,100,100087,100,99480,100,100095,100,99457,100,100099,100,99434,100
2019-06-28 09:45:40.000000000,99900,171,99884,171,99950,171,99846,171,99951,171,99796,171,100008,171,99781,171,100035,171,99779,171,100058,100,99745,100,100083,100,99610,100,100087,100,99480,100,100095,100,99457,100,100099,100,99434,100
2019-06-28 09:45:50.000000000,99900,278,99884,278,99950,278,99846,278,99951,100,99796,100,100008,100,99781,100,100035,100,99779,100,100058,100,99745,100,100083,100,99610,100,100087,100,99480,100,100095,100,99457,100,100099,100,99434,100
2019-06-28 09:46:00.000000000,99900,456,99884,456,99950,100,99846,100,99951,100,99796,100,100008,100,99781,100,100035,100,99779,100,100058,100,99745,100,100083,100,99610,100,100087,100,99480,100,100095,100,99457,100,100099,100,99434,100
2019-06-28 09:46:10.000000000,99900,171,99884,171,99950,171,99846,171,99951,171,99796,171,100008,171,99781,171,100035,171,99779,171,100058,100,99745,100,100083,100,99610,100,100087,100,99480,100,100095,100,99457,100,100099,100,99434,100
2019-06-28 09:46:16.003368414,99900,171,99884,171,99950,171,99846,171,99951,171,99796,171,100008,171,99781,171,100035,171,99779,171,100058,100,99745,100,100083,100,99610,100,100087,100,99480,100,100095,100,99457,100,100099,100,99434,100
2019-06-28 09:46:20.000000000,99900,456,99884,456,99950,100,99846,100,99951,100,99796,100,100008,100,99781,100,100035,100,99779,100,100058,100,99745,100,100083,100,99610,100,100087,100,99480,100,100095,100,99457,100,100099,100,99434,100
2019-06-28 09:46:30.000000000,99900,189,99884,189,99950,189,99846,189,99951,189,99796,189,100008,189,99781,189,100035,100,99779,100,100058,100,99745,100,100083,100,99610,100,100087,100,99480,100,100095,100,99457,100,100099,100,99434,100
2019-06-28 09:46:31.957352436,99900,89,99884,189,99950,189,99846,189,99951,189,99796,89,100008,189,99781,189,100035,100,99779,100,100058,100,99745,100,100083,100,99610,100,100087,100,99480,100,100095,100,99457,100,100099,100,99434,100
2019-06-28 09:46:40.000000000,99950,189,99884,189,99951,189,99846,189,100008,189,99781,189,100035,189,99779,189,100058,100,99745,100,100083,100,99610,100,100087,100,99480,100,100095,100,99457,100,100099,100,99434,100,100101,100,99397,100
2019-06-28 09:46:49.270862161,99950,189,99886,100,99951,189,99884,189,100008,189,99846,189,100035,189,99781,189,100058,100,99779,189,100083,100,99745,100,100087,100,99610,100,100095,100,99480,100,100099,100,99457,100,100101,100,99434,100
2019-06-28 09:46:50.000000000,99950,278,99886,278,99951,278,99884,278,100008,100,99846,100,100035,100,99781,100,100058,100,99779,100,100083,100,99745,100,100087,100,99610,100,100095,100,99480,100,100099,100,99457,100,100101,100,99434,100
2019-06-28 09:46:51.785902351,99950,278,99886,378,99951,278,99884,278,100008,100,99846,100,100035,100,99781,100,100058,100,99779,100,100083,100,99745,100,100087,100,99610,100,100095,100,99480,100,100099,100,99457,100,100101,100,99434,100
2019-06-28 09:47:00.000000000,99950,456,99886,556,99951,100,99884,100,100008,100,99846,100,100035,100,99781,100,100058,100,99779,100,100083,100,99745,100,100087,100,99610,100,100095,100,99480,100,100099,100,99457,100,100101,100,99434,100
2019-06-28 09:47:07.215758004,99950,456,99886,556,99951,100,99884,100,100008,100,99846,100,100035,100,99781,100,100058,100,99779,100,100083,100,99745,100,100087,100,99610,100,100095,100,99480,100,100099,100,99457,100,100101,100,99434,100
2019-06-28 09:47:10.000000000,99950,171,99886,271,99951,171,99884,171,100008,171,99846,171,100035,171,99781,171,100058,171,99779,171,100083,100,99745,100,100087,100,99610,100,100095,100,99480,100,100099,100,99457,100,100101,100,99434,100
2019-06-28 09:47:14.316421175,99950,171,99886,271,99951,171,99884,171,100008,171,99846,171,100035,171,99781,171,100058,171,99779,171,100083,100,99745,100,100087,100,99610,100,100095,100,99480,100,100099,100,99457,100,100101,100,99434,100
2019-06-28 09:47:20.000000000,99950,278,99886,378,99951,278,99884,278,100008,100,99846,100,100035,100,99781,100,100058,100,99779,100,100083,100,99745,100,100087,100,99610,100,100095,100,99480,100,100099,100,99457,100,100101,100,99434,100
2019-06-28 09:47:24.082482780,99950,278,99886,378,99951,278,99884,278,100008,100,99846,100,100035,100,99781,100,100058,100,99779,100,100083,100,99745,100,100087,100,99610,100,100095,100,99480,100,100099,100,99457,100,100101,100,99434,100
2019-06-28 09:47:24.422962389,99950,178,99886,378,99951,278,99884,278,100008,100,99846,100,100035,100,99781,100,100058,100,99779,100,100083,100,99610,100,100087,100,99480,100,100095,100,99457,100,100099,100,99434,100,100101,100,99397,100
2019-06-28 09:47:30.000000000,99951,278,99886,378,100008,278,99884,278,100035,100,99846,100,100058,100,99781,100,100083,100,99779,100,100087,100,99610,100,100095,100,99480,100,100099,100,99457,100,100101,100,99434,100,100114,100,99397,100
2019-06-28 09:47:40.000000000,99951,171,99886,271,100008,171,99884,171,100035,171,99846,171,100058,171,99781,171,100083,171,99779,171,100087,100,99610,100,100095,100,99480,100,100099,100,99457,100,100101,100,99434,100,100114,100,99397,100
2019-06-28 09:47:41.338997910,99951,171,99886,271,100008,171,99884,171,100035,171,99846,171,100058,171,99781,171,100083,171,99779,171,100087,100,99610,100,100095,100,99480,100,100099,100,99457,100,100114,100,99434,100,100130,100,99397,100
2019-06-28 09:47:50.000000000,99951,456,99886,556,100008,100,99884,100,100035,100,99846,100,100058,100,99781,100,100083,100,99779,100,100087,100,99610,100,100095,100,99480,100,100099,100,99457,100,100114,100,99434,100,100130,100,99397,100
2019-06-28 09:48:00.000000000,99951,456,99886,556,100008,100,99884,100,100035,100,99846,100,100058,100,99781,100,100083,100,99779,100,100087,100,99610,100,100095,100,99480,100,100099,100,99457,100,100114,100,99434,100,100130,100,99397,100
2019-06-28 09:48:10.000000000,99951,171,99886,271,100008,171,99884,171,100035,171,99846,171,100058,171,99781,171,100083,171,99779,171,100087,100,99610,100,100095,100,99480,100,100099,100,99457,100,100114,100,99434,100,100130,100,99397,100
2019-06-28 09:48:20.000000000,99951,278,99886,378,100008,278,99884,278,100035,100,99846,100,100058,100,99781,100,100083,100,99779,100,100087,100,99610,100,100095,100,99480,100,100099,100,99457,100,100114,100,99434,100,100130,100,99397,100
2019-06-28 09:48:21.030358765,99951,178,99886,378,100008,278,99884,278,100035,100,99846,100,100058,100,99781,100,100083,100,99610,100,100087,100,99480,100,100095,100,99457,100,100099,100,99434,100,100114,100,99397,100,100130,100,99337,100
2019-06-28 09:48:21.990752971,99951,78,99886,378,100008,278,99884,278,100035,100,99846,100,100058,100,99781,100,100083,100,99610,100,100087,100,99480,100,100095,100,99457,100,100099,100,99434,100,100114,100,99397,100,100130,100,99337,100
2019-06-28 09:48:30.000000000,100008,171,99886,271,100035,171,99884,171,100058,171,99846,171,100083,171,99781,171,100087,171,99610,171,100095,100,99480,100,100099,100,99457,100,100114,100,99434,100,100130,100,99397,100,100134,100,99337,100
2019-06-28 09:48:40.000000000,100008,278,99886,378,100035,278,99884,278,100058,100,99846,100,100083,100,99781,100,100087,100,99610,100,100095,100,99480,100,100099,100,99457,100,100114,100,99434,100,100130,100,99397,100,100134,100,99337,100
2019-06-28 09:48:40.974295090,100008,278,99951,100,100035,278,99886,378,100058,100,99884,278,100083,100,99846,100,100087,100,99781,100,100095,100,99610,100,100099,100,99480,100,100114,100,99457,100,100130,100,99434,100,100134,100,99397,100
2019-06-28 09:48:50.000000000,100008,171,99951,171,100035,171,99886,271,100058,171,99884,171,100083,171,99846,171,100087,171,99781,171,100095,100,99610,100,100099,100,99480,100,100114,100,99457,100,100130,100,99434,100,100134,100,99397,100
2019-06-28 09:48:55.071691234,100008,71,99951,171,100035,171,99886,271,100058,171,99884,171,100083,171,99846,171,100087,171,99781,171,100095,100,99610,100,100099,100,99480,100,100114,100,99457,100,100130,100,99434,100,100134,100,99397,100
2019-06-28 09:49:00.000000000,100035,171,99951,171,100058,171,99886,271,100083,171,99884,171,100087,171,99846,171,100095,171,99781,171,100099,100,99610,100,100114,100,99480,100,100130,100,99457,100,100134,100,99434,100,100145,100,99397,100
2019-06-28 09:49:00.329518767,100035,171,99952,100,100058,171,99951,171,100083,171,99886,171,100087,171,99884,171,100095,171,99846,171,100099,100,99781,171,100114,100,99610,100,100130,100,99480,100,100134,100,99457,100,100145,100,99434,100
2019-06-28 09:49:01.441741326,100035,171,99952,100,100058,171,99951,171,100083,171,99886,171,100087,171,99884,171,100095,171,99846,171,100099,100,99781,171,100114,100,99610,100,100130,100,99480,100,100134,100,99457,100,100145,100,99434,100
2019-06-28 09:49:03.257869697,100035,171,99952,100,100058,171,99951,171,100083,171,99886,171,100087,171,99884,171,100095,171,99846,171,100099,100,99781,171,100114,100,99610,100,100130,100,99480,100,100134,100,99457,100,100145,100,99434,100
2019-06-28 09:49:10.000000000,100035,221,99952,221,100058,217,99951,217,100083,217,99886,217,100087,100,99884,100,100095,100,99846,100,100099,100,99781,100,100114,100,99610,100,100130,100,99480,100,100134,100,99457,100,100145,100,99434,100
2019-06-28 09:49:12.281956021,100035,121,99952,221,100058,217,99951,217,100083,217,99886,217,100087,100,99884,100,100095,100,99846,100,100099,100,99781,100,100114,100,99610,100,100130,100,99480,100,100134,100,99457,100,100145,100,99434,100
2019-06-28 09:49:14.848502965,100035,21,99952,221,100058,217,99951,217,100083,217,99886,217,100087,100,99884,100,100095,100,99846,100,100114,100,99781,100,100130,100,99610,100,100134,100,99480,100,100145,100,99457,100,100157,200,99434,100
2019-06-28 09:49:20.000000000,100058,171,99952,171,100083,171,99951,171,100087,171,99886,171,100095,171,99884,171,100114,171,99846,171,100130,100,99781,100,100134,100,99610,100,100145,100,99480,100,100157,200,99457,100,100159,100,99434,100
2019-06-28 09:49:30.000000000,100058,456,99952,456,100083,100,99951,100,100087,100,99886,100,100095,100,99884,100,100114,100,99846,100,100130,100,99781,100,100134,100,99610,100,100145,100,99480,100,100157,200,99457,100,100159,100,99434,100
2019-06-28 09:49:40.000000000,100058,189,99952,189,100083,189,99951,189,100087,189,99886,189,100095,189,99884,189,100114,100,99846,100,100130,100,99781,100,100134,100,99610,100,100145,100,99480,100,100157,200,99457,100,100159,100,99434,100
2019-06-28 09:49:50.000000000,100058,456,99952,456,100083,100,99951,100,100087,100,99886,100,100095,100,99884,100,100114,100,99846,100,100130,100,99781,100,100134,100,99610,100,100145,100,99480,100,100157,200,99457,100,100159,100,99434,100
2019-06-28 09:50:00.000000000,100058,456,99952,456,100083,100,99951,100,100087,100,99886,100,100095,100,99884,100,100114,100,99846,100,100130,100,99781,100,100134,100,99610,100,100145,100,99480,100,100157,200,99457,100,100159,100,99434,100
2019-06-28 09:50:10.000000000,100058,171,99952,171,100083,171,99951,171,100087,171,99886,171,100095,171,99884,171,100114,171,99846,171,100130,100,99781,100,100134,100,99610,100,100145,100,99480,100,100157,200,99457,100,100159,100,99434,100
2019-06-28 09:50:11.064012915,100058,171,99952,171,100083,171,99951,171,100087,171,99886,171,100095,171,99884,171,100098,100,99846,171,100114,171,99781,100,100130,100,99610,100,100134,100,99480,100,100145,100,99457,100,100157,200,99434,100
2019-06-28 09:50:15.588965806,100058,171,99952,171,100083,171,99951,171,100087,171,99886,171,100095,171,99884,171,100098,100,99846,171,100114,171,99781,100,100130,100,99610,100,100134,100,99480,100,100142,100,99457,100,100145,100,99434,100
2019-06-28 09:50:20.000000000,100058,171,99952,171,100083,171,99951,171,100087,171,99886,171,100095,171,99884,171,100098,171,99846,171,100114,100,99781,100,100130,100,99610,100,100134,100,99480,100,100142,100,99457,100,100145,100,99434,100
2019-06-28 09:50:30.000000000,100058,221,99952,221,100083,217,99951,217,100087,217,99886,217,100095,100,99884,100,100098,100,99846,100,100114,100,99781,100,100130,100,99610,100,100134,100,99480,100,100142,100,99457,100,100145,100,99434,100
2019-06-28 09:50:34.052339865,100058,221,99952,221,100083,217,99951,217,100087,217,99886,217,100095,100,99884,100,100098,100,99846,100,100114,100,99781,100,100130,100,99610,100,100134,100,99480,100,100142,100,99457,100,100145,100,99434,100
2019-06-28 09:50:40.000000000,100058,278,99952,278,100083,278,99951,278,100087,100,99886,100,100095,100,99884,100,100098,100,99846,100,100114,100,99781,100,100130,100,99610,100,100134,100,99480,100,100142,100,99457,100,100145,100,99434,100
2019-06-28 09:50:50.000000000,100058,456,99952,456,100083,100,99951,100,100087,100,99886,100,100095,100,99884,100,100098,100,99846,100,100114,100,99781,100,100130,100,99610,100,100134,100,99480,100,100142,100,99457,100,100145,100,99434,100
2019-06-28 09:51:00.000000000,100058,221,99952,221,100083,217,99951,217,100087,217,99886,217,100095,100,99884,100,100098,100,99846,100,100114,100,99781,100,100130,100,99610,100,100134,100,99480,100,100142,100,99457,100,100145,100,99434,100
2019-06-28 09:51:09.562453325,100058,121,99952,221,100083,217,99951,217,100087,217,99886,217,100095,100,99884,100,100098,100,99846,100,100114,100,99781,100,100130,100,99610,100,100134,100,99480,100,100142,100,99457,100,100145,100,99434,100
2019-06-28 09:51:10.000000000,100083,171,99952,171,100087,171,99951,171,100095,171,99886,171,100098,171,99884,171,100114,171,99846,171,100130,100,99781,100,100134,100,99610,100,100142,100,99480,100,100145,100,99457,100,100157,200,99434,100
2019-06-28 09:51:13.715595000,100083,171,100035,100,100087,171,99952,171,100095,171,99951,171,100098,171,99886,171,100114,171,99884,171,100130,100,99846,171,100134,100,99781,100,100142,100,99610,100,100145,100,99480,100,100157,100,99457,100
2019-06-28 09:51:20.000000000,100083,456,100035,456,100087,100,99952,100,100095,100,99951,100,100098,100,99886,100,100114,100,99884,100,100130,100,99846,100,100134,100,99781,100,100142,100,99610,100,100145,100,99480,100,100157,100,99457,100
2019-06-28 09:51:28.286230859,100057,100,100035,456,100083,456,99952,100,100087,100,99951,100,100095,100,99886,100,100098,100,99884,100,100114,100,99846,100,100130,100,99781,100,100134,100,99610,100,100142,100,99480,100,100145,100,99457,100
2019-06-28 09:51:30.000000000,100057,456,100035,456,100083,100,99952,100,100087,100,99951,100,100095,100,99886,100,100098,100,99884,100,100114,100,99846,100,100130,100,99781,100,100134,100,99610,100,100142,100,99480,100,100145,100,99457,100
2019-06-28 09:51:40.000000000,100057,278,100035,278,100083,278,99952,278,100087,100,99951,100,100095,100,99886,100,100098,100,99884,100,100114,100,99846,100,100130,100,99781,100,100134,100,99610,100,100142,100,99480,100,100145,100,99457,100
2019-06-28 09:51:45.318206430,100057,278,100035,278,100083,278,100031,100,100087,100,99952,278,100095,100,99951,100,100098,100,99886,100,100130,100,99884,100,100134,100,99846,100,100142,100,99781,100,100145,100,99610,100,100157,100,99480,100
2019-06-28 09:51:50.000000000,100057,189,100035,189,100083,189,100031,189,100087,189,99952,189,100095,189,99951,189,100098,100,99886,100,100130,100,99884,100,100134,100,99846,100,100142,100,99781,100,100145,100,99610,100,100157,100,99480,100
2019-06-28 09:52:00.000000000,100057,456,100035,456,100083,100,100031,100,100087,100,99952,100,100095,100,99951,100,100098,100,99886,100,100130,100,99884,100,100134,100,99846,100,100142,100,99781,100,100145,100,99610,100,100157,100,99480,100
2019-06-28 09:52:10.000000000,100057,221,100035,221,100083,217,100031,217,100087,217,99952,217,100095,100,99951,100,100098,100,99886,100,100130,100,99884,100,100134,100,99846,100,100142,100,99781,100,100145,100,99610,100,100157,100,99480,100
2019-06-28 09:52:13.223156694,100057,221,100035,221,100083,217,100031,217,100087,217,99952,217,100095,100,99951,100,100098,100,99886,100,100130,100,99884,100,100134,100,99846,100,100142,100,99781,100,100145,100,99610,100,100157,100,99490,100
2019-06-28 09:52:17.180531703,100057,321,100035,221,100083,217,100031,217,100087,217,99952,217,100095,100,99951,100,100098,100,99886,100,100130,100,99884,100,100134,100,99846,100,100142,100,99781,100,100145,100,99610,100,100157,100,99490,100
2019-06-28 09:52:20.000000000,100057,556,100035,456,100083,100,100031,100,100087,100,99952,100,100095,100,99951,100,100098,100,99886,100,100130,100,99884,100,100134,100,99846,100,100142,100,99781,100,100145,100,99610,100,100157,100,99490,100
2019-06-28 09:52:30.000000000,100057,556,100035,456,100083,100,100031,100,100087,100,99952,100,100095,100,99951,100,100098,100,99886,100,100130,100,99884,100,100134,100,99846,100,100142,100,99781,100,100145,100,99610,100,100157,100,99490,100
2019-06-28 09:52:40.000000000,100057,556,100035,456,100083,100,100031,100,100087,100,99952,100,100095,100,99951,100,100098,100,99886,100,100130,100,99884,100,100134,100,99846,100,100142,100,99781,100,100145,100,99610,100,100157,100,99490,100
2019-06-28 09:52:50.000000000,100057,271,100035,171,100083,171,100031,171,100087,171,99952,171,100095,171,99951,171,100098,171,99886,171,100130,100,99884,100,100134,100,99846,100,100142,100,99781,100,100145,100,99610,100,100157,100,99490,100
2019-06-28 09:53:00.000000000,100057,271,100035,171,100083,171,100031,171,100087,171,99952,171,100095,171,99951,171,100098,171,99886,171,100130,100,99884,100,100134,100,99846,100,100142,100,99781,100,100145,100,99610,100,100157,100,99490,100
2019-06-28 09:53:01.105629139,100057,271,100035,171,100083,171,100031,71,100087,171,99952,171,100095,171,99951,171,100098,171,99886,171,100130,100,99884,100,100134,100,99846,100,100142,100,99788,100,100145,100,99781,100,100157,100,99610,100
2019-06-28 09:53:10.000000000,100057,289,100035,189,100083,189,99952,189,100087,189,99951,189,100095,189,99886,189,100098,100,99884,100,100130,100,99846,100,100134,100,99788,100,100142,100,99781,100,100145,100,99610,100,100157,100,99490,100
2019-06-28 09:53:19.078593260,100057,289,100035,89,100083,189,99952,189,100087,189,99951,189,100095,189,99886,189,100098,100,99884,100,100130,100,99846,100,100134,100,99788,100,100142,100,99781,100,100145,100,99610,100,100157,100,99490,100
2019-06-28 09:53:20.000000000,100057,289,99952,189,100083,189,99951,189,100087,189,99886,189,100095,189,99884,189,100098,100,99846,100,100130,100,99788,100,100134,100,99781,100,100142,100,99610,100,100145,100,99490,100,100157,100,99480,100
2019-06-28 09:53:24.672922746,100057,289,99958,100,100083,189,99952,189,100087,189,99951,189,100095,189,99886,189,100098,100,99884,189,100130,100,99846,100,100134,100,99788,100,100142,100,99781,100,100145,100,99610,100,100157,100,99490,100
2019-06-28 09:53:30.000000000,100057,321,99958,221,100083,217,99952,217,100087,217,99951,217,100095,100,99886,100,100098,100,99884,100,100130,100,99846,100,100134,100,99788,100,100142,100,99781,100,100145,100,99610,100,100157,100,99490,100
2019-06-28 09:53:39.279518366,100057,321,99958,221,100083,217,99952,217,100087,217,99951,217,100095,100,99886,100,100098,100,99884,100,100130,100,99846,100,100134,100,99788,100,100142,100,99781,100,100145,100,99610,100,100157,100,99561,100
2019-06-28 09:53:40.000000000,100057,289,99958,189,100083,189,99952,189,100087,189,99951,189,100095,189,99886,189,100098,100,99884,100,100130,100,99846,100,100134,100,99788,100,100142,100,99781,100,100145,100,99610,100,100157,100,99561,100
2019-06-28 09:53:48.900342810,100057,289,99958,89,100083,189,99952,189,100087,189,99951,189,100095,189,99886,189,100098,100,99884,100,100130,100,99846,100,100134,100,99788,100,100142,100,99781,100,100145,100,99610,100,100157,100,99561,100
2019-06-28 09:53:50.000000000,100057,378,99952,278,100083,278,99951,278,100087,100,99886,100,100095,100,99884,100,100098,100,99846,100,100130,100,99788,100,100134,100,99781,100,100142,100,99610,100,100145,100,99561,100,100157,100,99490,100
2019-06-28 09:53:58.634913093,100057,378,99952,278,100083,278,99951,278,100087,100,99886,100,100095,100,99884,100,100098,100,99846,100,100130,100,99788,100,100134,100,99781,100,100142,100,99610,100,100145,100,99561,100,100157,100,99490,100
2019-06-28 09:54:00.000000000,100057,321,99952,221,100083,217,99951,217,100087,217,99886,217,100095,100,99884,100,100098,100,99846,100,100130,100,99788,100,100134,100,99781,100,100142,100,99610,100,100145,100,99561,100,100157,100,99490,100
2019-06-28 09:54:10.000000000,100057,378,99952,278,100083,278,99951,278,100087,100,99886,100,100095,100,99884,100,100098,100,99846,100,100130,100,99788,100,100134,100,99781,100,100142,100,99610,100,100145,100,99561,100,100157,100,99490,100
2019-06-28 09:54:20.000000000,100057,556,99952,456,100083,100,99951,100,100087,100,99886,100,100095,100,99884,100,100098,100,99846,100,100130,100,99788,100,100134,100,99781,100,100142,100,99610,100,100145,100,99561,100,100157,100,99490,100
2019-06-28 09:54:30.000000000,100057,271,99952,171,100083,171,99951,171,100087,171,99886,171,100095,171,99884,171,100098,171,99846,171,100130,100,99788,100,100134,100,99781,100,100142,100,99610,100,100145,100,99561,100,100157,100,99490,100
2019-06-28 09:54:40.000000000,100057,556,99952,456,100083,100,99951,100,100087,100,99886,100,100095,100,99884,100,100098,100,99846,100,100130,100,99788,100,100134,100,99781,100,100142,100,99610,100,100145,100,99561,100,100157,100,99490,100
2019-06-28 09:54:50.000000000,100057,271,99952,171,100083,171,99951,171,100087,171,99886,171,100095,171,99884,171,100098,171,99846,171,100130,100,99788,100,100134,100,99781,100,100142,100,99610,100,100145,100,99561,100,100157,100,99490,100
2019-06-28 09:55:00.000000000,100057,321,99952,221,100083,217,99951,217,100087,217,99886,217,100095,100,99884,100,100098,100,99846,100,100130,100,99788,100,100134,100,99781,100,100142,100,99610,100,100145,100,99561,100,100157,100,99490,100
2019-06-28 09:55:10.000000000,100057,378,99952,278,100083,278,99951,278,100087,100,99886,100,100095,100,99884,100,100098,100,99846,100,100130,100,99788,100,100134,100,99781,100,100142,100,99610,100,100145,100,99561,100,100157,100,99490,100
2019-06-28 09:55:20.000000000,100057,378,99952,278,100083,278,99951,278,100087,100,99886,100,100095,100,99884,100,100098,100,99846,100,100130,100,99788,100,100134,100,99781,100,100142,100,99610,100,100145,100,99561,100,100157,100,99490,100
2019-06-28 09:55:20.138249656,100057,378,99952,278,100083,278,99951,278,100095,100,99886,100,100098,100,99884,100,100130,100,99846,100,100134,100,99788,100,100142,100,99781,100,100145,100,99610,100,100157,100,99561,100,100159,100,99490,100
2019-06-28 09:55:23.159215270,100040,100,99952,278,100057,378,99951,278,100083,278,99886,100,100095,100,99884,100,100098,100,99846,100,100130,100,99788,100,100134,100,99781,100,100142,100,99610,100,100145,100,99561,100,100157,100,99490,100
2019-06-28 09:55:30.000000000,100040,278,99952,278,100057,378,99951,278,100083,100,99886,100,100095,100,99884,100,100098,100,99846,100,100130,100,99788,100,100134,100,99781,100,100142,100,99610,100,100145,100,99561,100,100157,100,99490,100
2019-06-28 09:55:35.942141864,100040,278,99952,178,100057,378,99951,278,100083,100,99886,100,100095,100,99884,100,100098,100,99846,100,100134,100,99788,100,100142,100,99781,100,100145,100,99610,100,100157,100,99561,100,100159,100,99490,100
2019-06-28 09:55:40.000000000,100040,456,99951,456,100057,200,99886,100,100083,100,99884,100,100095,100,99846,100,100098,100,99788,100,100134,100,99781,100,100142,100,99610,100,100145,100,99561,100,100157,100,99490,100,100159,100,99480,100
2019-06-28 09:55:50.000000000,100040,189,99951,189,100057,289,99886,189,100083,189,99884,189,100095,189,99846,189,100098,100,99788,100,100134,100,99781,100,100142,100,99610,100,100145,100,99561,100,100157,100,99490,100,100159,100,99480,100
2019-06-28 09:56:00.000000000,100040,278,99951,278,100057,378,99886,278,100083,100,99884,100,100095,100,99846,100,100098,100,99788,100,100134,100,99781,100,100142,100,99610,100,100145,100,99561,100,100157,100,99490,100,100159,100,99480,100
2019-06-28 09:56:00.594188379,100040,278,99951,278,100057,378,99886,278,100083,100,99884,100,100095,100,99846,100,100098,100,99788,100,100134,100,99781,100,100142,100,99610,100,100145,100,99561,100,100157,100,99490,100,100159,100,99480,100
2019-06-28 09:56:10.000000000,100040,189,99951,189,100057,289,99886,189,100083,189,99884,189,100095,189,99846,189,100098,100,99788,100,100134,100,99781,100,100142,100,99610,100,100145,100,99561,100,100157,100,99490,100,100159,100,99480,100
2019-06-28 09:56:20.000000000,100040,171,99951,171,100057,271,99886,171,100083,171,99884,171,100095,171,99846,171,100098,171,99788,171,100134,100,99781,100,100142,100,99610,100,100145,100,99561,100,100157,100,99490,100,100159,100,99480,100
2019-06-28 09:56:24.879598606,100040,171,99951,171,100057,271,99886,171,100083,171,99884,171,100095,171,99846,171,100098,171,99788,171,100134,100,99781,100,100142,100,99610,100,100145,100,99561,100,100157,100,99490,100,100159,100,99480,100
2019-06-28 09:56:30.000000000,100040,189,99951,189,100057,289,99886,189,100083,189,99884,189,100095,189,99846,189,100098,100,99788,100,100134,100,99781,100,100142,100,99610,100,100145,100,99561,100,100157,100,99490,100,100159,100,99480,100
2019-06-28 09:56:31.369364447,100035,100,99951,189,100040,189,99886,189,100057,289,99884,189,100083,189,99846,189,100095,189,99788,100,100098,100,99781,100,100134,100,99610,100,100142,100,99561,100,100145,100,99490,100,100157,100,99480,100
2019-06-28 09:56:40.000000000,100035,171,99951,171,100040,171,99886,171,100057,271,99884,171,100083,171,99846,171,100095,171,99788,171,100098,100,99781,100,100134,100,99610,100,100142,100,99561,100,100145,100,99490,100,100157,100,99480,100
2019-06-28 09:56:46.812533322,100035,171,99951,171,100040,171,99886,171,100057,271,99884,171,100083,171,99846,171,100095,71,99788,171,100098,100,99781,100,100134,100,99610,100,100142,100,99561,100,100145,100,99490,100,100157,100,99480,100
2019-06-28 09:56:48.092663716,100035,171,99951,71,100040,171,99886,171,100057,271,99884,171,100083,171,99846,171,100095,71,99788,171,100098,100,99781,100,100134,100,99610,100,100142,100,99561,100,100145,100,99490,100,100157,100,99480,100
2019-06-28 09:56:50.000000000,100035,278,99886,278,100040,278,99884,278,100057,200,99846,100,100083,100,99788,100,100098,100,99781,100,100134,100,99610,100,100142,100,99561,100,100145,100,99490,100,100157,100,99480,100,100159,100,99457,100
2019-06-28 09:57:00.000000000,100035,456,99886,456,100040,100,99884,100,100057,200,99846,100,100083,100,99788,100,100098,100,99781,100,100134,100,99610,100,100142,100,99561,100,100145,100,99490,100,100157,100,99480,100,100159,100,99457,100
2019-06-28 09:57:07.399486233,99952,100,99886,456,100035,456,99884,100,100040,100,99846,100,100057,200,99788,100,100083,100,99781,100,100098,100,99610,100,100134,100,99561,100,100142,100,99490,100,100145,100,99480,100,100157,100,99457,100
2019-06-28 09:57:10.000000000,99952,171,99886,171,100035,171,99884,171,100040,171,99846,171,100057,271,99788,171,100083,171,99781,171,100098,100,99610,100,100134,100,99561,100,100142,100,99490,100,100145,100,99480,100,100157,100,99457,100
2019-06-28 09:57:20.000000000,99952,456,99886,456,100035,100,99884,100,100040,100,99846,100,100057,200,99788,100,100083,100,99781,100,100098,100,99610,100,100134,100,99561,100,100142,100,99490,100,100145,100,99480,100,100157,100,99457,100
2019-06-28 09:57:25.051368198,99952,556,99886,456,100035,100,99884,100,100040,100,99846,100,100057,200,99788,100,100083,100,99781,100,100098,100,99610,100,100134,100,99561,100,100142,100,99490,100,100145,100,99480,100,100157,100,99457,100
2019-06-28 09:57:30.000000000,99952,378,99886,278,100035,278,99884,278,100040,100,99846,100,100057,200,99788,100,100083,100,99781,100,100098,100,99610,100,100134,100,99561,100,100142,100,99490,100,100145,100,99480,100,100157,100,99457,100
2019-06-28 09:57:40.000000000,99952,271,99886,171,100035,171,99884,171,100040,171,99846,171,100057,271,99788,171,100083,171,99781,171,100098,100,99610,100,100134,100,99561,100,100142,100,99490,100,100145,100,99480,100,100157,100,99457,100
2019-06-28 09:57:50.000000000,99952,378,99886,278,100035,278,99884,278,100040,100,99846,100,100057,200,99788,100,100083,100,99781,100,100098,100,99610,100,100134,100,99561,100,100142,100,99490,100,100145,100,99480,100,100157,100,99457,100
2019-06-28 09:58:00.000000000,99952,556,99886,456,100035,100,99884,100,100040,100,99846,100,100057,200,99788,100,100083,100,99781,100,100098,100,99610,100,100134,100,99561,100,100142,100,99490,100,100145,100,99480,100,100157,100,99457,100
2019-06-28 09:58:03.875359380,99952,556,99886,456,100035,100,99884,100,100040,100,99846,100,100057,200,99788,100,100083,100,99781,100,100098,100,99610,100,100134,100,99561,100,100142,100,99490,100,100145,100,99480,100,100157,100,99434,100
2019-06-28 09:58:08.264546312,99952,556,99886,356,100035,100,99884,100,100040,100,99788,100,100057,200,99781,100,100083,100,99610,100,100098,100,99561,100,100134,100,99490,100,100142,100,99480,100,100145,100,99434,100,100157,100,99421,100
2019-06-28 09:58:09.044709392,99952,556,99886,256,100035,100,99884,100,100040,100,99788,100,100057,200,99781,100,100083,100,99610,100,100098,100,99561,100,100134,100,99490,100,100142,100,99480,100,100145,100,99434,100,100157,100,99421,100
2019-06-28 09:58:10.000000000,99952,321,99884,221,100035,217,99788,217,100040,217,99781,217,100057,200,99610,100,100083,100,99561,100,100098,100,99490,100,100134,100,99480,100,100142,100,99434,100,100145,100,99421,100,100157,100,99397,100
2019-06-28 09:58:13.111293432,99886,100,99884,221,99952,321,99788,217,100035,217,99781,217,100040,217,99610,100,100057,200,99561,100,100083,100,99490,100,100098,100,99480,100,100134,100,99434,100,100142,100,99421,100,100145,100,99397,100
2019-06-28 09:58:17.038551389,99886,100,99884,121,99952,321,99788,217,100035,217,99781,217,100040,217,99610,100,100057,200,99561,100,100083,100,99490,100,100098,100,99480,100,100134,100,99434,100,100142,100,99421,100,100145,100,99397,100
2019-06-28 09:58:20.000000000,99886,189,99788,189,99952,289,99781,189,100035,189,99610,189,100040,189,99561,189,100057,200,99490,100,100083,100,99480,100,100098,100,99434,100,100134,100,99421,100,100142,100,99397,100,100145,100,99389,100
2019-06-28 09:58:20.123032236,99886,189,99788,89,99952,289,99781,189,100035,189,99610,189,100040,189,99561,189,100057,200,99490,100,100083,100,99480,100,100098,100,99434,100,100134,100,99421,100,100142,100,99397,100,100145,100,99389,100
2019-06-28 09:58:30.000000000,99886,189,99781,189,99952,289,99610,189,100035,189,99561,189,100040,189,99490,189,100057,200,99480,100,100083,100,99434,100,100098,100,99421,100,100134,100,99397,100,100142,100,99389,100,100145,100,99337,100
2019-06-28 09:58:40.000000000,99886,171,99781,171,99952,271,99610,171,100035,171,99561,171,100040,171,99490,171,100057,271,99480,171,100083,100,99434,100,100098,100,99421,100,100134,100,99397,100,100142,100,99389,100,100145,100,99337,100
2019-06-28 09:58:50.000000000,99886,278,99781,278,99952,378,99610,278,100035,100,99561,100,100040,100,99490,100,100057,200,99480,100,100083,100,99434,100,100098,100,99421,100,100134,100,99397,100,100142,100,99389,100,100145,100,99337,100
2019-06-28 09:58:57.018307004,99886,278,99781,178,99952,378,99610,278,100035,100,99561,100,100040,100,99490,100,100057,200,99480,100,100083,100,99434,100,100098,100,99421,100,100134,100,99397,100,100142,100,99389,100,100145,100,99337,100
2019-06-28 09:59:00.000000000,99886,278,99610,278,99952,378,99561,278,100035,100,99490,100,100040,100,99480,100,100057,200,99434,100,100083,100,99421,100,100098,100,99397,100,100134,100,99389,100,100142,100,99337,100,100145,100,99157,100
2019-06-28 09:59:04.229004813,99886,278,99610,178,99952,378,99561,278,100035,100,99490,100,100040,100,99480,100,100057,200,99434,100,100083,100,99421,100,100098,100,99397,100,100134,100,99389,100,100142,100,99337,100,100145,100,99157,100
2019-06-28 09:59:10.000000000,99886,221,99561,221,99952,317,99490,217,100035,217,99480,217,100040,100,99434,100,100057,200,99421,100,100083,100,99397,100,100098,100,99389,100,100134,100,99337,100,100142,100,99157,100,100145,100,99145,100
2019-06-28 09:59:20.000000000,99886,221,99561,221,99952,317,99490,217,100035,217,99480,217,100040,100,99434,100,100057,200,99421,100,100083,100,99397,100,100098,100,99389,100,100134,100,99337,100,100142,100,99157,100,100145,100,99145,100
2019-06-28 09:59:20.724411594,99886,221,99561,221,99952,317,99490,217,100035,217,99480,117,100040,100,99434,100,100057,200,99421,100,100083,100,99397,100,100098,100,99389,100,100134,100,99337,100,100142,100,99157,100,100145,100,99145,100
2019-06-28 09:59:30.000000000,99886,278,99561,278,99952,378,99490,278,100035,100,99434,100,100040,100,99421,100,100057,200,99397,100,100083,100,99389,100,100098,100,99337,100,100134,100,99157,100,100142,100,99145,100,100145,100,98161,100
2019-06-28 09:59:40.000000000,99886,221,99561,221,99952,317,99490,217,100035,217,99434,217,100040,100,99421,100,100057,200,99397,100,100083,100,99389,100,100098,100,99337,100,100134,100,99157,100,100142,100,99145,100,100145,100,98161,100
2019-06-28 09:59:48.938290363,99886,221,99561,121,99952,317,99490,217,100035,217,99434,217,100040,100,99421,100,100057,200,99397,100,100083,100,99337,100,100098,100,99157,100,100134,100,99145,100,100142,100,98161,100,100145,100,97511,100
2019-06-28 09:59:50.000000000,99886,171,99490,171,99952,271,99434,171,100035,171,99421,171,100040,171,99397,171,100057,271,99337,171,100083,100,99157,100,100098,100,99145,100,100134,100,98161,100,100142,100,97511,100,100145,100,,
2019-06-28 09:59:59.374555470,99886,171,99490,71,99952,271,99434,171,100035,171,99421,171,100040,171,99397,171,100057,271,99337,171,100083,100,99157,100,100098,100,99145,100,100134,100,98161,100,100142,100,97511,100,100145,100,,
2019-06-28 10:00:00.000000000,99886,456,99434,456,99952,200,99421,100,100035,100,99397,100,100040,100,99337,100,100057,200,99157,100,100083,100,99145,100,100098,100,98161,100,100134,100,97511,100,100142,100,,,100145,100,,
2019-06-28 10:00:02.256931876,99886,456,99434,356,99952,200,99421,100,100035,100,99397,100,100040,100,99337,100,100057,200,99157,100,100083,100,99145,100,100098,100,98161,100,100134,100,97511,100,100142,100,,,100145,100,,
2019-06-28 10:00:03.753851565,99886,456,99434,256,99952,200,99421,100,100035,100,99397,100,100040,100,99337,100,100057,200,99157,100,100083,100,99145,100,100098,100,98161,100,100134,100,97511,100,100142,100,,,100145,100,,
2019-06-28 10:00:10.000000000,99886,456,99421,456,99952,200,99397,100,100035,100,99337,100,100040,100,99157,100,100057,200,99145,100,100083,100,98161,100,100098,100,97511,100,100134,100,,,100142,100,,,100145,100,,
2019-06-28 10:00:20.000000000,99886,456,99421,456,99952,200,99397,100,100035,100,99337,100,100040,100,99157,100,100057,200,99145,100,100083,100,98161,100,100098,100,97511,100,100134,100,,,100142,100,,,100145,100,,
2019-06-28 10:00:30.000000000,99886,456,99421,456,99952,200,99397,100,100035,100,99337,100,100040,100,99157,100,100057,200,99145,100,100083,100,98161,100,100098,100,97511,100,100134,100,,,100142,100,,,100145,100,,
2019-06-28 10:00:40.000000000,99886,221,99421,221,99952,317,99397,217,100035,217,99337,217,100040,100,99157,100,100057,200,99145,100,100083,100,98161,100,100098,100,97511,100,100134,100,,,100142,100,,,100145,100,,
2019-06-28 10:00:41.245579352,99886,221,99421,21,99952,317,99397,217,100035,217,99337,217,100040,100,99157,100,100057,200,99145,100,100083,100,98161,100,100098,100,97511,100,100134,100,,,100142,100,,,100145,100,,
2019-06-28 10:00:50.000000000,99886,278,99397,278,99952,378,99337,278,100035,100,99157,100,100040,100,99145,100,100057,200,98161,100,100083,100,97511,100,100098,100,,,100134,100,,,100142,100,,,100145,100,,
2019-06-28 10:01:00.000000000,99886,171,99397,171,99952,271,99337,171,100035,171,99157,171,100040,171,99145,171,100057,271,98161,171,100083,100,97511,100,100098,100,,,100134,100,,,100142,100,,,100145,100,,
2019-06-28 10:01:10.000000000,99886,221,99397,221,99952,317,99337,217,100035,217,99157,217,100040,100,99145,100,100057,200,98161,100,100083,100,97511,100,100098,100,,,100134,100,,,100142,100,,,100145,100,,
2019-06-28 10:01:17.024978659,99886,221,99397,121,99952,317,99337,217,100035,217,99157,217,100040,100,99145,100,100057,200,98161,100,100083,100,97511,100,100098,100,,,100134,100,,,100142,100,,,100145,100,,
2019-06-28 10:01:20.000000000,99886,278,99337,278,99952,378,99157,278,100035,100,99145,100,100040,100,98161,100,100057,200,97511,100,100083,100,,,100098,100,,,100134,100,,,100142,100,,,100145,100,,
2019-06-28 10:01:30.000000000,99886,278,99337,278,99952,378,99157,278,100035,100,99145,100,100040,100,98161,100,100057,200,97511,100,100083,100,,,100098,100,,,100134,100,,,100142,100,,,100145,100,,
2019-06-28 10:01:31.443802798,99886,278,99337,278,99952,378,99157,278,100035,100,99145,100,100040,100,98161,100,100057,200,97876,100,100083,100,97511,100,100098,100,,,100134,100,,,100142,100,,,100145,100,,
2019-06-28 10:01:40.000000000,99886,221,99337,221,99952,317,99157,217,100035,217,99145,217,100040,100,98161,100,100057,200,97876,100,100083,100,97511,100,100098,100,,,100134,100,,,100142,100,,,100145,100,,
2019-06-28 10:01:50.000000000,99886,278,99337,278,99952,378,99157,278,100035,100,99145,100,100040,100,98161,100,100057,200,97876,100,100083,100,97511,100,100098,100,,,100134,100,,,100142,100,,,100145,100,,
2019-06-28 10:02:00.000000000,99886,278,99337,278,99952,378,99157,278,100035,100,99145,100,100040,100,98161,100,100057,200,97876,100,100083,100,97511,100,100098,100,,,100134,100,,,100142,100,,,100145,100,,
2019-06-28 10:02:06.579074266,99421,100,99337,278,99886,278,99157,278,99952,378,99145,100,100035,100,98161,100,100040,100,97876,100,100057,200,97511,100,100083,100,,,100098,100,,,100134,100,,,100142,100,,
2019-06-28 10:02:10.000000000,99421,456,99337,456,99886,100,99157,100,99952,200,99145,100,100035,100,98161,100,100040,100,97876,100,100057,200,97511,100,100083,100,,,100098,100,,,100134,100,,,100142,100,,
2019-06-28 10:02:15.815174697,99421,456,99337,456,99886,100,99157,100,99952,200,99145,100,100035,100,98161,100,100040,100,97967,100,100057,200,97876,100,100083,100,97511,100,100098,100,,,100134,100,,,100142,100,,
2019-06-28 10:02:20.000000000,99421,171,99337,171,99886,171,99157,171,99952,271,99145,171,100035,171,98161,171,100040,171,97967,171,100057,200,97876,100,100083,100,97511,100,100098,100,,,100134,100,,,100142,100,,
2019-06-28 10:02:30.000000000,99421,456,99337,456,99886,100,99157,100,99952,200,99145,100,100035,100,98161,100,100040,100,97967,100,100057,200,97876,100,100083,100,97511,100,100098,100,,,100134,100,,,100142,100,,
2019-06-28 10:02:40.000000000,99421,456,99337,456,99886,100,99157,100,99952,200,99145,100,100035,100,98161,100,100040,100,97967,100,100057,200,97876,100,100083,100,97511,100,100098,100,,,100134,100,,,100142,100,,
2019-06-28 10:02:45.816171785,99421,556,99337,456,99886,100,99157,100,99952,200,99145,100,100035,100,98161,100,100040,100,97967,100,100057,200,97876,100,100083,100,97511,100,100098,100,,,100134,100,,,100142,100,,
2019-06-28 10:02:48.921147163,99421,656,99337,456,99886,100,99157,100,99952,200,99145,100,100035,100,98161,100,100040,100,97967,100,100057,200,97876,100,100083,100,97511,100,100098,100,,,100134,100,,,100142,100,,
2019-06-28 10:02:50.000000000,99421,656,99337,456,99886,100,99157,100,99952,200,99145,100,100035,100,98161,100,100040,100,97967,100,100057,200,97876,100,100083,100,97511,100,100098,100,,,100134,100,,,100142,100,,
2019-06-28 10:03:00.000000000,99421,421,99337,221,99886,217,99157,217,99952,317,99145,217,100035,100,98161,100,100040,100,97967,100,100057,200,97876,100,100083,100,97511,100,100098,100,,,100134,100,,,100142,100,,
2019-06-28 10:03:02.446370031,99421,421,99337,121,99886,217,99157,217,99952,317,99145,217,100035,100,98161,100,100040,100,97967,100,100057,200,97876,100,100083,100,97511,100,100098,100,,,100134,100,,,100142,100,,
2019-06-28 10:03:10.000000000,99421,389,99157,189,99886,189,99145,189,99952,289,98161,189,100035,189,97967,189,100040,100,97876,100,100057,200,97511,100,100083,100,,,100098,100,,,100134,100,,,100142,100,,
2019-06-28 10:03:20.000000000,99421,389,99157,189,99886,189,99145,189,99952,289,98161,189,100035,189,97967,189,100040,100,97876,100,100057,200,97511,100,100083,100,,,100098,100,,,100134,100,,,100142,100,,
2019-06-28 10:03:23.505690362,99397,100,99157,189,99421,389,99145,189,99886,189,98161,189,99952,289,97967,189,100035,189,97876,100,100040,100,97511,100,100057,200,,,100083,100,,,100098,100,,,100134,100,,
2019-06-28 10:03:30.000000000,99397,171,99157,171,99421,371,99145,171,99886,171,98161,171,99952,271,97967,171,100035,171,97876,171,100040,100,97511,100,100057,200,,,100083,100,,,100098,100,,,100134,100,,
2019-06-28 10:03:40.000000000,99397,456,99157,456,99421,300,99145,100,99886,100,98161,100,99952,200,97967,100,100035,100,97876,100,100040,100,97511,100,100057,200,,,100083,100,,,100098,100,,,100134,100,,
2019-06-28 10:03:47.907409860,99397,456,99157,356,99421,300,99145,100,99886,100,98161,100,99952,200,97967,100,100035,100,97511,100,100040,100,,,100057,200,,,100083,100,,,100098,100,,,100134,100,,
2019-06-28 10:03:50.000000000,99397,171,99145,171,99421,371,98161,171,99886,171,97967,171,99952,271,97511,171,100035,171,97510,71,100040,100,,,100057,200,,,100083,100,,,100098,100,,,100134,100,,
2019-06-28 10:04:00.000000000,99397,189,99145,189,99421,389,98161,189,99886,189,97967,189,99952,289,97511,189,100035,100,,,100040,100,,,100057,200,,,100083,100,,,100098,100,,,100134,100,,
2019-06-28 10:04:10.000000000,99397,189,99145,189,99421,389,98161,189,99886,189,97967,189,99952,289,97511,189,100035,100,,,100040,100,,,100057,200,,,100083,100,,,100098,100,,,100134,100,,
2019-06-28 10:04:12.476992336,99397,189,99145,89,99421,389,98161,189,99886,189,97967,189,99952,289,97511,189,100035,100,,,100040,100,,,100057,200,,,100083,100,,,100098,100,,,100134,100,,
2019-06-28 10:04:20.000000000,99397,456,98161,456,99421,300,97967,100,99886,100,97511,100,99952,200,,,100035,100,,,100040,100,,,100057,200,,,100083,100,,,100098,100,,,100134,100,,
2019-06-28 10:04:23.559213470,99397,456,98536,100,99421,300,98161,456,99886,100,97967,100,99952,200,97511,100,100035,100,,,100040,100,,,100057,200,,,100083,100,,,100098,100,,,100134,100,,
2019-06-28 10:04:30.000000000,99397,221,98536,221,99421,417,98161,217,99886,217,97967,217,99952,200,97511,100,100035,100,,,100040,100,,,100057,200,,,100083,100,,,100098,100,,,100134,100,,
2019-06-28 10:04:40.000000000,99397,189,98536,189,99421,389,98161,189,99886,189,97967,189,99952,289,97511,189,100035,100,,,100040,100,,,100057,200,,,100083,100,,,100098,100,,,100134,100,,
2019-06-28 10:04:45.430862063,98587,100,98536,189,99397,189,98161,189,99421,389,97967,189,99886,189,97511,189,99952,289,,,100035,100,,,100040,100,,,100057,200,,,100083,100,,,100098,100,,
2019-06-28 10:04:50.000000000,98587,456,98536,456,99397,100,98161,100,99421,300,97967,100,99886,100,97511,100,99952,200,,,100035,100,,,100040,100,,,100057,200,,,100083,100,,,100098,100,,
2019-06-28 10:05:00.000000000,98587,278,98536,278,99397,278,98161,278,99421,300,97967,100,99886,100,97511,100,99952,200,,,100035,100,,,100040,100,,,100057,200,,,100083,100,,,100098,100,,
2019-06-28 10:05:02.999551696,98587,278,98536,278,99157,100,98161,278,99397,278,97967,100,99421,300,97511,100,99886,100,,,99952,200,,,100035,100,,,100040,100,,,100057,200,,,100083,100,,
2019-06-28 10:05:10.000000000,98587,278,98536,278,99157,278,98161,278,99397,100,97967,100,99421,300,97511,100,99886,100,,,99952,200,,,100035,100,,,100040,100,,,100057,200,,,100083,100,,
2019-06-28 10:05:16.308292028,98587,278,98536,278,99157,378,98161,278,99397,100,97967,100,99421,300,97511,100,99886,100,,,99952,200,,,100035,100,,,100040,100,,,100057,200,,,100083,100,,
2019-06-28 10:05:20.000000000,98587,189,98536,189,99157,289,98161,189,99397,189,97967,189,99421,389,97511,189,99886,100,,,99952,200,,,100035,100,,,100040,100,,,100057,200,,,100083,100,,
2019-06-28 10:05:21.438365691,98587,189,98536,189,98936,100,98161,189,99157,289,97967,189,99397,189,97511,189,99421,389,,,99886,100,,,99952,200,,,100035,100,,,100040,100,,,100057,200,,
2019-06-28 10:05:30.000000000,98587,221,98536,221,98936,217,98161,217,99157,317,97967,217,99397,100,97511,100,99421,300,,,99886,100,,,99952,200,,,100035,100,,,100040,100,,,100057,200,,
2019-06-28 10:05:40.000000000,98587,456,98536,456,98936,100,98161,100,99157,200,97967,100,99397,100,97511,100,99421,300,,,99886,100,,,99952,200,,,100035,100,,,100040,100,,,100057,200,,
2019-06-28 10:05:50.000000000,98587,221,98536,221,98936,217,98161,217,99157,317,97967,217,99397,100,97511,100,99421,300,,,99886,100,,,99952,200,,,100035,100,,,100040,100,,,100057,200,,
2019-06-28 10:05:55.095894524,98587,221,98536,221,98670,100,98161,217,98936,217,97967,217,99157,317,97511,100,99397,100,,,99421,300,,,99886,100,,,99952,200,,,100035,100,,,100040,100,,
2019-06-28 10:06:00.000000000,98587,456,98536,456,98670,100,98161,100,98936,100,97967,100,99157,200,97511,100,99397,100,,,99421,300,,,99886,100,,,99952,200,,,100035,100,,,100040,100,,
2019-06-28 10:06:09.103953645,98587,456,98536,456,98670,100,98161,100,98936,100,97967,100,99157,200,97511,100,99397,100,,,99421,200,,,99886,100,,,99952,200,,,100035,100,,,100040,100,,
2019-06-28 10:06:10.000000000,98587,278,98536,278,98670,278,98161,278,98936,100,97967,100,99157,200,97511,100,99397,100,,,99421,200,,,99886,100,,,99952,200,,,100035,100,,,100040,100,,
2019-06-28 10:06:20.000000000,98587,278,98536,278,98670,278,98161,278,98936,100,97967,100,99157,200,97511,100,99397,100,,,99421,200,,,99886,100,,,99952,200,,,100035,100,,,100040,100,,
2019-06-28 10:06:23.098519099,98587,178,98536,278,98670,278,98161,278,98936,100,97967,100,99157,200,97511,100,99397,100,,,99421,200,,,99886,100,,,99952,200,,,100035,100,,,100040,100,,
2019-06-28 10:06:30.000000000,98670,189,98536,189,98936,189,98161,189,99157,289,97967,189,99397,189,97511,189,99421,200,,,99886,100,,,99952,200,,,100035,100,,,100040,100,,,100057,200,,
2019-06-28 10:06:40.000000000,98670,278,98536,278,98936,278,98161,278,99157,200,97967,100,99397,100,97511,100,99421,200,,,99886,100,,,99952,200,,,100035,100,,,100040,100,,,100057,200,,
2019-06-28 10:06:50.000000000,98670,456,98536,456,98936,100,98161,100,99157,200,97967,100,99397,100,97511,100,99421,200,,,99886,100,,,99952,200,,,100035,100,,,100040,100,,,100057,200,,
2019-06-28 10:07:00.000000000,98670,456,98536,456,98936,100,98161,100,99157,200,97967,100,99397,100,97511,100,99421,200,,,99886,100,,,99952,200,,,100035,100,,,100040,100,,,100057,200,,
2019-06-28 10:07:10.000000000,98670,189,98536,189,98936,189,98161,189,99157,289,97967,189,99397,189,97511,189,99421,200,,,99886,100,,,99952,200,,,100035,100,,,100040,100,,,100057,200,,
2019-06-28 10:07:20.000000000,98670,456,98536,456,98936,100,98161,100,99157,200,97967,100,99397,100,97511,100,99421,200,,,99886,100,,,99952,200,,,100035,100,,,100040,100,,,100057,200,,
2019-06-28 10:07:30.000000000,98670,221,98536,221,98936,217,98161,217,99157,317,97967,217,99397,100,97511,100,99421,200,,,99886,100,,,99952,200,,,100035,100,,,100040,100,,,100057,200,,
2019-06-28 10:07:40.000000000,98670,189,98536,189,98936,189,98161,189,99157,289,97967,189,99397,189,97511,189,99421,200,,,99886,100,,,99952,200,,,100035,100,,,100040,100,,,100057,200,,
2019-06-28 10:07:50.000000000,98670,189,98536,189,98936,189,98161,189,99157,289,97967,189,99397,189,97511,189,99421,200,,,99886,100,,,99952,200,,,100035,100,,,100040,100,,,100057,200,,
2019-06-28 10:08:00.000000000,98670,189,98536,189,98936,189,98161,189,99157,289,97967,189,99397,189,97511,189,99421,200,,,99886,100,,,99952,200,,,100035,100,,,100040,100,,,100057,200,,
2019-06-28 10:08:01.922070295,98670,189,98536,189,98936,189,98316,100,99157,289,98161,189,99397,189,97967,189,99421,200,97511,189,99886,100,,,99952,200,,,100035,100,,,100040,100,,,100057,200,,
2019-06-28 10:08:04.310978589,98670,189,98536,189,98936,189,98316,100,99157,289,98313,100,99397,189,98161,189,99421,200,97967,189,99886,100,97511,189,99952,200,,,100035,100,,,100040,100,,,100057,200,,
2019-06-28 10:08:10.000000000,98670,456,98536,456,98936,100,98316,100,99157,200,98313,100,99397,100,98161,100,99421,200,97967,100,99886,100,97511,100,99952,200,,,100035,100,,,100040,100,,,100057,200,,
2019-06-28 10:08:14.643336981,98670,456,98536,456,98936,100,98433,100,99157,200,98316,100,99397,100,98313,100,99421,200,98161,100,99886,100,97967,100,99952,200,97511,100,100035,100,,,100040,100,,,100057,200,,
2019-06-28 10:08:20.000000000,98670,278,98536,278,98936,278,98433,278,99157,200,98316,100,99397,100,98313,100,99421,200,98161,100,99886,100,97967,100,99952,200,97511,100,100035,100,,,100040,100,,,100057,200,,
2019-06-28 10:08:30.000000000,98670,189,98536,189,98936,189,98433,189,99157,289,98316,189,99397,189,98313,189,99421,200,98161,100,99886,100,97967,100,99952,200,97511,100,100035,100,,,100040,100,,,100057,200,,
2019-06-28 10:08:35.323847027,98670,89,98536,189,98936,189,98433,189,99157,289,98316,189,99397,189,98313,189,99421,200,98161,100,99886,100,97967,100,99952,200,97511,100,100035,100,,,100040,100,,,100057,200,,
2019-06-28 10:08:40.000000000,98936,456,98536,456,99157,200,98433,100,99397,100,98316,100,99421,200,98313,100,99886,100,98161,100,99952,200,97967,100,100035,100,97511,100,100040,100,,,100057,200,,,100083,100,,
2019-06-28 10:08:50.000000000,98936,221,98536,221,99157,317,98433,217,99397,217,98316,217,99421,200,98313,100,99886,100,98161,100,99952,200,97967,100,100035,100,97511,100,100040,100,,,100057,200,,,100083,100,,
2019-06-28 10:09:00.000000000,98936,189,98536,189,99157,289,98433,189,99397,189,98316,189,99421,289,98313,189,99886,100,98161,100,99952,200,97967,100,100035,100,97511,100,100040,100,,,100057,200,,,100083,100,,
2019-06-28 10:09:10.000000000,98936,456,98536,456,99157,200,98433,100,99397,100,98316,100,99421,200,98313,100,99886,100,98161,100,99952,200,97967,100,100035,100,97511,100,100040,100,,,100057,200,,,100083,100,,
2019-06-28 10:09:18.108405612,98904,100,98536,456,98936,456,98433,100,99157,200,98316,100,99397,100,98313,100,99421,200,98161,100,99886,100,97967,100,99952,200,97511,100,100035,100,,,100040,100,,,100057,200,,
2019-06-28 10:09:20.000000000,98904,189,98536,189,98936,189,98433,189,99157,289,98316,189,99397,189,98313,189,99421,200,98161,100,99886,100,97967,100,99952,200,97511,100,100035,100,,,100040,100,,,100057,200,,
2019-06-28 10:09:30.000000000,98904,278,98536,278,98936,278,98433,278,99157,200,98316,100,99397,100,98313,100,99421,200,98161,100,99886,100,97967,100,99952,200,97511,100,100035,100,,,100040,100,,,100057,200,,
2019-06-28 10:09:39.834258781,98904,278,98573,100,98936,278,98536,278,99157,200,98433,278,99397,100,98316,100,99421,200,98313,100,99886,100,98161,100,99952,200,97967,100,100035,100,97511,100,100040,100,,,100057,200,,
2019-06-28 10:09:40.000000000,98904,189,98573,189,98936,189,98536,189,99157,289,98433,189,99397,189,98316,189,99421,200,98313,100,99886,100,98161,100,99952,200,97967,100,100035,100,97511,100,100040,100,,,100057,200,,
2019-06-28 10:09:45.715452337,98904,189,98573,189,98936,189,98536,189,98982,100,98433,189,99157,289,98316,189,99397,189,98313,100,99421,200,98161,100,99886,100,97967,100,99952,200,97511,100,100035,100,,,100040,100,,
2019-06-28 10:09:50.000000000,98904,221,98573,221,98936,217,98536,217,98982,217,98433,217,99157,200,98316,100,99397,100,98313,100,99421,200,98161,100,99886,100,97967,100,99952,200,97511,100,100035,100,,,100040,100,,
2019-06-28 10:09:57.005553334,98904,121,98573,221,98936,217,98536,217,98982,217,98433,217,99157,200,98316,100,99397,100,98313,100,99421,200,98161,100,99886,100,97967,100,99952,200,97511,100,100035,100,,,100040,100,,
2019-06-28 10:09:59.524987519,98904,21,98573,121,98936,217,98536,217,98982,217,98433,217,99157,200,98316,100,99397,100,98313,100,99421,200,98161,100,99886,100,97967,100,99952,200,97511,100,100035,100,,,100040,100,,
2019-06-28 10:10:00.000000000,98936,456,98536,456,98982,100,98433,100,99157,200,98316,100,99397,100,98313,100,99421,200,98161,100,99886,100,97967,100,99952,200,97511,100,100035,100,,,100040,100,,,100057,200,,
