,ask_price_1,ask_size_1,bid_price_1,bid_size_1,ask_price_2,ask_size_2,bid_price_2,bid_size_2,ask_price_3,ask_size_3,bid_price_3,bid_size_3,ask_price_4,ask_size_4,bid_price_4,bid_size_4,ask_price_5,ask_size_5,bid_price_5,bid_size_5,ask_price_6,ask_size_6,bid_price_6,bid_size_6,ask_price_7,ask_size_7,bid_price_7,bid_size_7,ask_price_8,ask_size_8,bid_price_8,bid_size_8,ask_price_9,ask_size_9,bid_price_9,bid_size_9,ask_price_10,ask_size_10,bid_price_10,bid_size_10
2019-06-28 09:30:00.000000000,,,99959,100,,,,,,,,,,,,,,,,,,,,,,,,,,,,,,,,,,,,
2019-06-28 09:30:00.000000003,100042,100,99959,100,,,,,,,,,,,,,,,,,,,,,,,,,,,,,,,,,,,,
2019-06-28 09:30:00.000000005,100042,100,100038,100,100082,100,99959,100,,,99838,100,,,,,,,,,,,,,,,,,,,,,,,,,,,,
2019-06-28 09:30:00.000000006,100042,100,100038,100,100046,100,99959,100,100082,100,99846,100,,,99838,100,,,,,,,,,,,,,,,,,,,,,,,,
2019-06-28 09:30:00.000000008,100042,100,99959,100,100046,100,99846,100,100082,100,99838,100,,,,,,,,,,,,,,,,,,,,,,,,,,,,
2019-06-28 09:30:00.000000009,100046,100,99959,100,100082,100,99846,100,,,99838,100,,,,,,,,,,,,,,,,,,,,,,,,,,,,
2019-06-28 09:30:00.000000012,100004,100,99959,100,100046,100,99920,100,100082,100,99846,100,,,99838,100,,,,,,,,,,,,,,,,,,,,,,,,
2019-06-28 09:30:00.000000013,100046,100,99959,100,100082,100,99920,100,,,99846,100,,,99838,100,,,,,,,,,,,,,,,,,,,,,,,,
2019-06-28 09:30:00.000000015,100046,100,100004,100,100082,100,99959,100,,,99920,100,,,99846,100,,,99838,100,,,,,,,,,,,,,,,,,,,,
2019-06-28 09:30:00.000000016,100046,100,100004,100,100082,100,99959,100,100183,100,99920,100,,,99846,100,,,99838,100,,,,,,,,,,,,,,,,,,,,
2019-06-28 09:30:00.000000017,100042,100,100004,100,100046,100,99959,100,100082,100,99920,100,100183,100,99846,100,,,99838,100,,,,,,,,,,,,,,,,,,,,
2019-06-28 09:30:00.000000018,100039,100,100004,100,100042,100,99959,100,100046,100,99920,100,100082,100,99846,100,100183,100,99838,100,,,,,,,,,,,,,,,,,,,,
2019-06-28 09:30:00.000000019,100039,100,100004,100,100042,100,99983,100,100043,100,99959,100,100046,100,99920,100,100082,100,99846,100,100183,100,99838,100,,,,,,,,,,,,,,,,
2019-06-28 09:30:00.000000021,100039,100,100004,100,100042,100,99995,100,100043,100,99983,100,100046,100,99959,100,100082,100,99927,100,100183,100,99920,100,,,99846,100,,,99838,100,,,,,,,,
2019-06-28 09:30:00.000000024,100039,100,100004,100,100042,100,99995,100,100043,100,99983,100,100046,100,99959,100,100082,100,99938,100,100183,100,99927,100,,,99920,100,,,99846,100,,,99838,100,,,,
2019-06-28 09:30:00.000000026,100039,100,100004,100,100042,100,99995,100,100043,100,99983,100,100046,100,99959,100,100082,100,99938,100,100183,100,99927,100,,,99920,100,,,99908,100,,,99846,100,,,99838,100
2019-06-28 09:30:00.000000028,100039,100,100018,100,100042,100,100004,100,100043,100,99995,100,100046,100,99983,100,100082,100,99959,100,100183,100,99938,100,,,99932,100,,,99927,100,,,99920,100,,,99908,100
2019-06-28 09:30:00.000000034,100039,100,100018,100,100042,100,100004,100,100043,100,99995,100,100046,100,99983,100,100082,100,99973,100,100183,100,99959,100,,,99938,100,,,99932,100,,,99927,100,,,99920,100
2019-06-28 09:30:00.000000042,100018,100,100004,100,100039,100,99995,100,100042,100,99983,100,100043,100,99973,100,100046,100,99959,100,100078,100,99938,100,100082,100,99932,100,100183,100,99927,100,,,99920,100,,,99908,100
2019-06-28 09:30:00.000000043,100018,100,100004,100,100039,100,99995,100,100042,100,99983,100,100043,100,99973,100,100046,100,99964,100,100078,100,99959,100,100082,100,99938,100,100183,100,99932,100,,,99927,100,,,99920,100
2019-06-28 09:30:00.000000045,100018,100,100004,100,100039,100,99995,100,100042,100,99983,100,100043,100,99973,100,100046,100,99964,100,100078,100,99959,100,100082,100,99938,100,100183,100,99932,100,,,99927,100,,,99920,100
2019-06-28 09:30:00.000000050,100018,100,100004,100,100039,100,99995,100,100042,100,99983,100,100043,100,99973,100,100046,100,99964,100,100078,100,99959,100,100082,100,99938,100,100122,100,99932,100,100183,100,99927,100,,,99920,100
2019-06-28 09:30:00.000000053,100018,100,100004,100,100039,100,99995,100,100042,100,99983,100,100043,100,99973,100,100046,100,99964,100,100078,100,99959,100,100082,100,99941,100,100122,100,99938,100,100183,100,99932,100,,,99927,100
2019-06-28 09:30:00.000000054,100018,200,100004,100,100039,100,99995,100,100042,100,99983,100,100043,100,99973,100,100046,100,99964,100,100078,100,99959,100,100082,100,99941,100,100122,100,99938,100,100183,100,99932,100,,,99927,100
2019-06-28 09:30:00.000000055,100018,300,100004,100,100039,100,99995,100,100042,100,99983,100,100043,100,99973,100,100046,100,99964,100,100078,100,99959,100,100082,100,99941,100,100122,100,99938,100,100183,100,99932,100,,,99927,100
2019-06-28 09:30:00.000000063,100018,300,100004,100,100039,100,99995,100,100042,100,99983,100,100043,100,99973,100,100046,100,99964,100,100078,100,99959,100,100082,100,99941,100,100122,100,99938,100,100172,100,99932,100,100183,100,99927,100
2019-06-28 09:30:00.000000064,100018,300,100004,100,100039,100,99995,100,100042,100,99983,100,100043,100,99973,100,100046,100,99964,100,100078,100,99959,100,100082,100,99941,100,100122,100,99938,100,100172,100,99932,100,100183,100,99927,100
2019-06-28 09:30:00.000000065,100018,300,100010,100,100039,100,100004,100,100042,100,99995,100,100043,100,99983,100,100046,100,99973,100,100078,100,99964,100,100082,100,99959,100,100122,100,99941,100,100172,100,99938,100,100183,100,99932,100
2019-06-28 09:30:00.000000067,100018,400,100010,100,100039,100,100004,100,100042,100,99995,100,100043,100,99986,100,100046,100,99983,100,100076,100,99973,100,100078,100,99964,100,100082,100,99959,100,100122,100,99941,100,100172,100,99938,100
2019-06-28 09:30:00.000000069,100018,400,100012,100,100039,100,100010,100,100042,100,100004,100,100043,100,99995,100,100046,100,99986,100,100076,100,99983,100,100078,100,99973,100,100079,100,99964,100,100082,100,99959,100,100122,100,99941,100
2019-06-28 09:30:00.000000071,100018,400,100012,100,100039,100,100010,100,100042,100,100004,100,100043,100,99995,100,100046,100,99986,100,100076,100,99983,100,100078,100,99973,100,100079,100,99964,100,100082,100,99959,100,100089,100,99941,100
2019-06-28 09:30:00.000000072,100018,400,100012,100,100039,100,100010,100,100042,100,100004,100,100043,100,99995,100,100046,100,99986,100,100076,100,99983,100,100078,100,99973,100,100079,100,99964,100,100082,100,99959,100,100089,100,99941,100
2019-06-28 09:30:00.000000073,100018,400,100012,100,100039,100,100010,100,100042,100,100004,100,100043,100,99995,100,100046,100,99986,100,100076,100,99983,100,100078,100,99973,100,100079,100,99964,100,100082,100,99959,100,100089,100,99941,100
2019-06-28 09:30:00.000000075,100018,400,100012,100,100039,100,100010,100,100042,100,100004,100,100043,100,99995,100,100046,100,99986,100,100076,100,99983,100,100078,100,99973,100,100079,100,99964,100,100082,100,99959,100,100089,100,99941,100
2019-06-28 09:30:00.000000076,100018,400,100012,100,100039,100,100010,100,100042,100,100004,100,100043,100,99995,100,100046,100,99986,100,100076,100,99983,100,100078,100,99973,100,100079,100,99964,100,100082,100,99959,100,100089,100,99941,100
2019-06-28 09:30:00.000000082,100018,400,100012,100,100039,100,100010,100,100042,100,100004,100,100043,100,99995,100,100046,100,99986,100,100076,100,99983,100,100078,100,99973,100,100079,100,99964,100,100082,100,99959,100,100089,100,99941,100
2019-06-28 09:30:00.000000083,100018,400,100012,100,100039,100,100010,100,100042,100,100005,100,100043,100,100004,100,100046,100,99995,100,100076,100,99986,100,100078,100,99983,100,100079,100,99973,100,100082,100,99964,100,100089,100,99959,100
2019-06-28 09:30:00.000000084,100018,400,100010,100,100039,100,100005,100,100042,100,100004,100,100043,100,99995,100,100046,100,99986,100,100062,100,99983,100,100076,100,99973,100,100078,100,99964,100,100079,100,99959,100,100082,100,99941,100
2019-06-28 09:30:00.000000085,100018,400,100010,100,100039,100,100005,100,100042,100,100004,100,100043,100,99995,100,100046,100,99986,100,100062,100,99983,100,100076,100,99973,100,100078,100,99964,100,100079,100,99959,100,100082,100,99949,100
2019-06-28 09:30:00.000000088,100018,400,100010,100,100039,100,100005,100,100042,100,100004,100,100043,100,99995,100,100046,100,99986,100,100062,100,99983,100,100076,100,99973,100,100078,100,99964,100,100079,100,99959,100,100082,100,99949,100
2019-06-28 09:30:00.000000090,100018,400,100005,100,100039,100,100004,100,100042,100,99995,100,100043,100,99986,100,100046,100,99983,100,100062,100,99973,100,100076,100,99964,100,100078,100,99959,100,100079,100,99949,100,100082,100,99941,100
2019-06-28 09:30:00.000000092,100018,400,100005,100,100039,100,100004,100,100042,100,100001,100,100043,100,99995,100,100046,100,99986,100,100062,100,99983,100,100076,100,99973,100,100078,100,99964,100,100079,100,99959,100,100082,100,99949,100
2019-06-28 09:30:00.000000095,100018,400,100005,100,100039,100,100004,100,100042,100,100001,100,100043,100,99995,100,100046,100,99986,100,100062,100,99983,100,100076,100,99973,100,100078,100,99964,100,100079,100,99959,100,100082,100,99949,100
2019-06-28 09:30:00.000000096,100018,400,100005,100,100039,100,100004,100,100042,100,100001,100,100043,100,99995,100,100046,100,99986,100,100062,100,99983,100,100076,100,99973,100,100078,100,99964,100,100079,100,99959,100,100082,100,99949,100
2019-06-28 09:30:00.000000099,100018,400,100004,100,100039,100,100001,100,100042,100,99995,100,100043,100,99986,100,100046,100,99983,100,100062,100,99973,100,100076,100,99964,100,100078,100,99959,100,100079,100,99949,100,100082,100,99941,100
2019-06-28 09:30:10.000000000,100018,774,100004,474,100039,100,100001,100,100042,100,99995,100,100043,100,99986,100,100046,100,99983,100,100062,100,99973,100,100076,100,99964,100,100078,100,99959,100,100079,100,99949,100,100082,100,99941,100
2019-06-28 09:30:20.000000000,100018,527,100004,227,100039,223,100001,223,100042,223,99995,223,100043,100,99986,100,100046,100,99983,100,100062,100,99973,100,100076,100,99964,100,100078,100,99959,100,100079,100,99949,100,100082,100,99941,100
2019-06-28 09:30:30.000000000,100018,587,100004,287,100039,287,100001,287,100042,100,99995,100,100043,100,99986,100,100046,100,99983,100,100062,100,99973,100,100076,100,99964,100,100078,100,99959,100,100079,100,99949,100,100082,100,99941,100
2019-06-28 09:30:32.661962908,100018,587,100004,187,100039,287,100001,287,100042,100,99995,100,100043,100,99986,100,100046,100,99983,100,100062,100,99973,100,100076,100,99964,100,100078,100,99959,100,100079,100,99949,100,100082,100,99941,100
2019-06-28 09:30:36.160030350,100018,487,100004,187,100039,287,100001,287,100042,100,99995,100,100043,100,99986,100,100046,100,99983,100,100062,100,99973,100,100076,100,99964,100,100078,100,99959,100,100079,100,99949,100,100082,100,99941,100
2019-06-28 09:30:40.000000000,100018,674,100001,474,100039,100,99995,100,100042,100,99986,100,100043,100,99983,100,100046,100,99973,100,100062,100,99964,100,100076,100,99959,100,100078,100,99949,100,100079,100,99941,100,100082,100,99938,100
2019-06-28 09:30:50.000000000,100018,375,100001,175,100039,175,99995,175,100042,175,99986,175,100043,175,99983,175,100046,175,99973,175,100062,100,99964,100,100076,100,99959,100,100078,100,99949,100,100079,100,99941,100,100082,100,99938,100
2019-06-28 09:31:00.000000000,100018,394,100001,194,100039,194,99995,194,100042,194,99986,194,100043,194,99983,194,100046,100,99973,100,100062,100,99964,100,100076,100,99959,100,100078,100,99949,100,100079,100,99941,100,100082,100,99938,100
2019-06-28 09:31:10.000000000,100018,487,100001,287,100039,287,99995,287,100042,100,99986,100,100043,100,99983,100,100046,100,99973,100,100062,100,99964,100,100076,100,99959,100,100078,100,99949,100,100079,100,99941,100,100082,100,99938,100
2019-06-28 09:31:20.000000000,100018,394,100001,194,100039,194,99995,194,100042,194,99986,194,100043,194,99983,194,100046,100,99973,100,100062,100,99964,100,100076,100,99959,100,100078,100,99949,100,100079,100,99941,100,100082,100,99938,100
2019-06-28 09:31:30.000000000,100018,394,100001,194,100039,194,99995,194,100042,194,99986,194,100043,194,99983,194,100046,100,99973,100,100062,100,99964,100,100076,100,99959,100,100078,100,99949,100,100079,100,99941,100,100082,100,99938,100
2019-06-28 09:31:38.734095625,100018,394,100001,194,100039,194,99995,194,100042,194,99986,194,100043,194,99983,194,100046,100,99973,100,100062,100,99964,100,100076,100,99959,100,100078,100,99949,100,100079,100,99941,100,100089,100,99938,100
2019-06-28 09:31:40.000000000,100018,375,100001,175,100039,175,99995,175,100042,175,99986,175,100043,175,99983,175,100046,175,99973,175,100062,100,99964,100,100076,100,99959,100,100078,100,99949,100,100079,100,99941,100,100089,100,99938,100
2019-06-28 09:31:46.314994707,100018,375,100001,75,100039,175,99995,175,100042,175,99986,175,100043,175,99983,175,100046,175,99973,175,100062,100,99959,100,100076,100,99949,100,100078,100,99941,100,100079,100,99938,100,100089,100,99935,100
2019-06-28 09:31:50.000000000,100018,394,99995,194,100039,194,99986,194,100042,194,99983,194,100043,194,99973,194,100046,100,99959,100,100062,100,99949,100,100076,100,99941,100,100078,100,99938,100,100079,100,99935,100,100089,100,99927,100
2019-06-28 09:31:52.089731922,100018,394,99995,194,100039,194,99986,194,100042,194,99983,194,100043,194,99973,194,100046,100,99959,100,100062,100,99949,100,100076,100,99941,100,100078,100,99938,100,100079,100,99935,100,100089,100,99927,100
2019-06-28 09:32:00.000000000,100018,674,99995,474,100039,100,99986,100,100042,100,99983,100,100043,100,99973,100,100046,100,99959,100,100062,100,99949,100,100076,100,99941,100,100078,100,99938,100,100079,100,99935,100,100089,100,99927,100
2019-06-28 09:32:06.426747694,100017,100,99995,474,100018,674,99986,100,100039,100,99983,100,100042,100,99973,100,100043,100,99959,100,100062,100,99949,100,100076,100,99941,100,100078,100,99938,100,100079,100,99935,100,100089,100,99927,100
2019-06-28 09:32:10.000000000,100017,194,99995,194,100018,394,99986,194,100039,194,99983,194,100042,194,99973,194,100043,100,99959,100,100062,100,99949,100,100076,100,99941,100,100078,100,99938,100,100079,100,99935,100,100089,100,99927,100
2019-06-28 09:32:14.772441497,100017,194,99995,94,100018,394,99986,194,100039,194,99983,194,100042,194,99973,194,100043,100,99959,100,100062,100,99949,100,100076,100,99941,100,100078,100,99938,100,100079,100,99935,100,100089,100,99927,100
2019-06-28 09:32:15.138781586,100017,194,99995,94,100018,394,99986,194,100039,194,99983,194,100042,194,99973,194,100043,100,99959,100,100062,100,99949,100,100076,100,99941,100,100078,100,99938,100,100079,100,99935,100,100089,100,99927,100
2019-06-28 09:32:20.000000000,100017,227,99986,227,100018,423,99983,223,100039,223,99973,223,100042,100,99959,100,100043,100,99949,100,100062,100,99941,100,100076,100,99938,100,100078,100,99935,100,100079,100,99927,100,100089,100,99920,100
2019-06-28 09:32:25.151455718,100017,227,99986,227,100018,423,99983,223,100039,223,99973,223,100042,100,99959,100,100043,100,99949,100,100062,100,99941,100,100076,100,99938,100,100078,100,99935,100,100079,100,99927,100,100089,100,99920,100
2019-06-28 09:32:30.000000000,100017,474,99986,474,100018,300,99983,100,100039,100,99973,100,100042,100,99959,100,100043,100,99949,100,100062,100,99941,100,100076,100,99938,100,100078,100,99935,100,100079,100,99927,100,100089,100,99920,100
2019-06-28 09:32:33.278939373,100017,474,99986,474,100018,300,99983,100,100039,100,99973,100,100042,100,99959,100,100043,100,99949,100,100062,100,99941,100,100076,100,99938,100,100078,100,99935,100,100079,100,99920,100,100089,100,99919,100
2019-06-28 09:32:40.000000000,100017,175,99986,175,100018,375,99983,175,100039,175,99973,175,100042,175,99959,175,100043,175,99949,175,100062,100,99941,100,100076,100,99938,100,100078,100,99935,100,100079,100,99920,100,100089,100,99919,100
2019-06-28 09:32:50.000000000,100017,474,99986,474,100018,300,99983,100,100039,100,99973,100,100042,100,99959,100,100043,100,99949,100,100062,100,99941,100,100076,100,99938,100,100078,100,99935,100,100079,100,99920,100,100089,100,99919,100
2019-06-28 09:32:51.229502332,100017,474,99986,474,100018,300,99983,100,100039,100,99973,100,100042,100,99959,100,100043,100,99949,100,100062,100,99941,100,100078,100,99938,100,100079,100,99935,100,100089,100,99920,100,100116,100,99919,100
2019-06-28 09:33:00.000000000,100017,474,99986,474,100018,300,99983,100,100039,100,99973,100,100042,100,99959,100,100043,100,99949,100,100062,100,99941,100,100078,100,99938,100,100079,100,99935,100,100089,100,99920,100,100116,100,99919,100
2019-06-28 09:33:01.484446094,100017,474,99986,474,100018,300,99983,100,100039,100,99973,100,100042,100,99959,100,100043,100,99949,100,100062,100,99941,100,100078,100,99938,100,100079,100,99935,100,100089,100,99920,100,100116,100,99919,100
2019-06-28 09:33:10.000000000,100017,175,99986,175,100018,375,99983,175,100039,175,99973,175,100042,175,99959,175,100043,175,99949,175,100062,100,99941,100,100078,100,99938,100,100079,100,99935,100,100089,100,99920,100,100116,100,99919,100
2019-06-28 09:33:20.000000000,100017,287,99986,287,100018,487,99983,287,100039,100,99973,100,100042,100,99959,100,100043,100,99949,100,100062,100,99941,100,100078,100,99938,100,100079,100,99935,100,100089,100,99920,100,100116,100,99919,100
2019-06-28 09:33:30.000000000,100017,474,99986,474,100018,300,99983,100,100039,100,99973,100,100042,100,99959,100,100043,100,99949,100,100062,100,99941,100,100078,100,99938,100,100079,100,99935,100,100089,100,99920,100,100116,100,99919,100
2019-06-28 09:33:31.442598466,100017,474,99986,474,100018,300,99983,100,100039,100,99973,100,100042,100,99959,100,100043,100,99949,100,100062,100,99938,100,100078,100,99935,100,100079,100,99920,100,100089,100,99919,100,100116,100,99914,100
2019-06-28 09:33:40.000000000,100017,194,99986,194,100018,394,99983,194,100039,194,99973,194,100042,194,99959,194,100043,100,99949,100,100062,100,99938,100,100078,100,99935,100,100079,100,99920,100,100089,100,99919,100,100116,100,99914,100
2019-06-28 09:33:47.211493023,100017,194,99986,194,100018,394,99983,194,100039,194,99973,194,100042,194,99959,194,100043,100,99949,100,100062,100,99938,100,100078,100,99935,100,100079,100,99920,100,100089,100,99919,100,100116,100,99914,100
2019-06-28 09:33:50.000000000,100017,474,99986,474,100018,300,99983,100,100039,100,99973,100,100042,100,99959,100,100043,100,99949,100,100062,100,99938,100,100078,100,99935,100,100079,100,99920,100,100089,100,99919,100,100116,100,99914,100
2019-06-28 09:34:00.000000000,100017,287,99986,287,100018,487,99983,287,100039,100,99973,100,100042,100,99959,100,100043,100,99949,100,100062,100,99938,100,100078,100,99935,100,100079,100,99920,100,100089,100,99919,100,100116,100,99914,100
2019-06-28 09:34:10.000000000,100017,227,99986,227,100018,423,99983,223,100039,223,99973,223,100042,100,99959,100,100043,100,99949,100,100062,100,99938,100,100078,100,99935,100,100079,100,99920,100,100089,100,99919,100,100116,100,99914,100
2019-06-28 09:34:17.687533307,100017,227,99986,127,100018,423,99983,223,100039,223,99973,223,100042,100,99959,100,100043,100,99949,100,100062,100,99938,100,100078,100,99935,100,100079,100,99920,100,100089,100,99919,100,100116,100,99914,100
2019-06-28 09:34:20.000000000,100017,175,99983,175,100018,375,99973,175,100039,175,99959,175,100042,175,99949,175,100043,175,99938,175,100062,100,99935,100,100078,100,99920,100,100079,100,99919,100,100089,100,99914,100,100116,100,99909,100
2019-06-28 09:34:30.000000000,100017,175,99983,175,100018,375,99973,175,100039,175,99959,175,100042,175,99949,175,100043,175,99938,175,100062,100,99935,100,100078,100,99920,100,100079,100,99919,100,100089,100,99914,100,100116,100,99909,100
2019-06-28 09:34:40.000000000,100017,474,99983,474,100018,300,99973,100,100039,100,99959,100,100042,100,99949,100,100043,100,99938,100,100062,100,99935,100,100078,100,99920,100,100079,100,99919,100,100089,100,99914,100,100116,100,99909,100
2019-06-28 09:34:47.565806668,100017,374,99983,474,100018,300,99973,100,100042,100,99959,100,100043,100,99949,100,100062,100,99938,100,100078,100,99935,100,100079,100,99920,100,100089,100,99919,100,100116,100,99914,100,100172,100,99909,100
2019-06-28 09:34:47.760834470,100017,374,99983,474,100018,300,99973,100,100042,100,99959,100,100043,100,99949,100,100060,100,99935,100,100062,100,99920,100,100078,100,99919,100,100079,100,99914,100,100089,100,99909,100,100116,100,99908,100
2019-06-28 09:34:49.934652480,100017,274,99983,474,100018,300,99973,100,100042,100,99959,100,100043,100,99949,100,100060,100,99935,100,100062,100,99920,100,100078,100,99919,100,100079,100,99914,100,100089,100,99909,100,100116,100,99908,100
2019-06-28 09:34:50.000000000,100018,427,99983,227,100042,223,99973,223,100043,223,99959,223,100060,100,99949,100,100062,100,99935,100,100078,100,99920,100,100079,100,99919,100,100089,100,99914,100,100116,100,99909,100,100172,100,99908,100
2019-06-28 09:35:00.000000000,100018,427,99983,227,100042,223,99973,223,100043,223,99959,223,100060,100,99949,100,100062,100,99935,100,100078,100,99920,100,100079,100,99919,100,100089,100,99914,100,100116,100,99909,100,100172,100,99908,100
2019-06-28 09:35:02.752353142,100018,427,99983,227,100042,223,99973,223,100043,223,99959,223,100056,100,99949,100,100060,100,99935,100,100062,100,99920,100,100078,100,99919,100,100079,100,99914,100,100089,100,99909,100,100116,100,99908,100
2019-06-28 09:35:10.000000000,100018,375,99983,175,100042,175,99973,175,100043,175,99959,175,100056,175,99949,175,100060,175,99935,175,100062,100,99920,100,100078,100,99919,100,100079,100,99914,100,100089,100,99909,100,100116,100,99908,100
2019-06-28 09:35:20.000000000,100018,375,99983,175,100042,175,99973,175,100043,175,99959,175,100056,175,99949,175,100060,175,99935,175,100062,100,99920,100,100078,100,99919,100,100079,100,99914,100,100089,100,99909,100,100116,100,99908,100
2019-06-28 09:35:30.000000000,100018,375,99983,175,100042,175,99973,175,100043,175,99959,175,100056,175,99949,175,100060,175,99935,175,100062,100,99920,100,100078,100,99919,100,100079,100,99914,100,100089,100,99909,100,100116,100,99908,100
2019-06-28 09:35:34.866888183,100018,375,99983,175,100042,175,99973,175,100043,175,99959,175,100056,175,99949,175,100060,175,99935,175,100062,100,99920,100,100078,100,99919,100,100079,100,99914,100,100089,200,99909,100,100116,100,99908,100
2019-06-28 09:35:40.000000000,100018,487,99983,287,100042,287,99973,287,100043,100,99959,100,100056,100,99949,100,100060,100,99935,100,100062,100,99920,100,100078,100,99919,100,100079,100,99914,100,100089,200,99909,100,100116,100,99908,100
2019-06-28 09:35:43.720487659,100018,387,99983,287,100042,287,99973,287,100043,100,99959,100,100056,100,99949,100,100060,100,99920,100,100062,100,99919,100,100078,100,99914,100,100079,100,99909,100,100089,200,99908,100,100116,100,99904,100
2019-06-28 09:35:46.993781464,100018,387,99983,287,100042,287,99973,287,100043,100,99959,100,100056,100,99949,100,100060,100,99920,100,100062,100,99919,100,100078,100,99914,100,100079,100,99909,100,100089,200,99908,100,100116,100,99904,100
2019-06-28 09:35:50.000000000,100018,294,99983,194,100042,194,99973,194,100043,194,99959,194,100056,194,99949,194,100060,100,99920,100,100062,100,99919,100,100078,100,99914,100,100079,100,99909,100,100089,200,99908,100,100116,100,99904,100
2019-06-28 09:36:00.000000000,100018,275,99983,175,100042,175,99973,175,100043,175,99959,175,100056,175,99949,175,100060,175,99920,175,100062,100,99919,100,100078,100,99914,100,100079,100,99909,100,100089,200,99908,100,100116,100,99904,100
2019-06-28 09:36:10.000000000,100018,294,99983,194,100042,194,99973,194,100043,194,99959,194,100056,194,99949,194,100060,100,99920,100,100062,100,99919,100,100078,100,99914,100,100079,100,99909,100,100089,200,99908,100,100116,100,99904,100
2019-06-28 09:36:16.147934993,100018,194,99983,194,100042,194,99973,194,100043,194,99959,194,100056,194,99949,194,100060,100,99920,100,100062,100,99919,100,100078,100,99914,100,100079,100,99909,100,100089,200,99908,100,100116,100,99904,100
2019-06-28 09:36:17.007564774,100018,94,99983,194,100042,194,99973,194,100043,194,99959,194,100056,194,99949,194,100060,100,99920,100,100062,100,99919,100,100078,100,99914,100,100079,100,99909,100,100089,200,99908,100,100116,100,99904,100
2019-06-28 09:36:20.000000000,100042,227,99983,227,100043,223,99973,223,100056,223,99959,223,100060,100,99949,100,100062,100,99920,100,100078,100,99919,100,100079,100,99914,100,100089,200,99909,100,100116,100,99908,100,100172,100,99904,100
2019-06-28 09:36:21.247335249,100042,227,100018,100,100043,223,99983,227,100056,223,99973,223,100060,100,99959,223,100062,100,99949,100,100078,100,99920,100,100079,100,99919,100,100089,200,99914,100,100116,100,99909,100,100172,100,99908,100
2019-06-28 09:36:26.965504803,100042,227,100018,100,100043,223,99983,227,100056,223,99978,100,100060,100,99973,223,100062,100,99959,223,100078,100,99949,100,100079,100,99920,100,100089,200,99919,100,100116,100,99914,100,100172,100,99909,100
2019-06-28 09:36:30.000000000,100042,227,100018,227,100043,223,99983,223,100056,223,99978,223,100060,100,99973,100,100062,100,99959,100,100078,100,99949,100,100079,100,99920,100,100089,200,99919,100,100116,100,99914,100,100172,100,99909,100
2019-06-28 09:36:40.000000000,100042,194,100018,194,100043,194,99983,194,100056,194,99978,194,100060,194,99973,194,100062,100,99959,100,100078,100,99949,100,100079,100,99920,100,100089,200,99919,100,100116,100,99914,100,100172,100,99909,100
2019-06-28 09:36:41.001545616,100042,194,100018,294,100043,194,99983,194,100056,194,99978,194,100060,194,99973,194,100062,100,99959,100,100078,100,99949,100,100079,100,99920,100,100089,200,99919,100,100116,100,99914,100,100172,100,99909,100
2019-06-28 09:36:45.539724665,100042,94,100018,294,100043,194,99983,194,100056,194,99978,194,100060,194,99973,194,100062,100,99959,100,100078,100,99949,100,100079,100,99920,100,100089,200,99919,100,100116,100,99914,100,100172,100,99909,100
2019-06-28 09:36:48.410566353,100043,194,100042,6,100056,194,100018,294,100060,194,99983,194,100062,100,99978,194,100078,100,99973,194,100079,100,99959,100,100089,200,99949,100,100116,100,99920,100,100172,100,99919,100,100194,100,99914,100
2019-06-28 09:36:50.000000000,100043,227,100042,133,100056,223,100018,323,100060,223,99983,223,100062,100,99978,100,100078,100,99973,100,100079,100,99959,100,100089,200,99949,100,100116,100,99920,100,100172,100,99919,100,100194,100,99914,100
2019-06-28 09:36:53.089147229,100043,127,100042,133,100056,223,100018,323,100060,223,99983,223,100062,100,99978,100,100078,100,99973,100,100079,100,99959,100,100089,200,99949,100,100116,100,99920,100,100172,100,99919,100,100194,100,99914,100
2019-06-28 09:37:00.000000000,100056,227,100042,133,100060,223,100018,323,100062,223,99983,223,100078,100,99978,100,100079,100,99973,100,100089,200,99959,100,100116,100,99949,100,100172,100,99920,100,100194,100,99919,100,100502,100,99914,100
2019-06-28 09:37:07.125400507,100056,127,100042,133,100060,223,100018,323,100062,223,99983,223,100078,100,99978,100,100079,100,99973,100,100089,200,99959,100,100116,100,99949,100,100172,100,99920,100,100194,100,99919,100,100502,100,99914,100
2019-06-28 09:37:10.000000000,100060,474,100042,380,100062,100,100018,200,100078,100,99983,100,100079,100,99978,100,100089,200,99973,100,100116,100,99959,100,100172,100,99949,100,100194,100,99920,100,100502,100,99919,100,,,99914,100
2019-06-28 09:37:20.000000000,100060,194,100042,100,100062,194,100018,294,100078,194,99983,194,100079,194,99978,194,100089,200,99973,100,100116,100,99959,100,100172,100,99949,100,100194,100,99920,100,100502,100,99919,100,,,99914,100
2019-06-28 09:37:29.841292965,100060,94,100042,100,100062,194,100018,294,100078,194,99983,194,100079,194,99978,194,100089,200,99973,100,100116,100,99959,100,100172,100,99949,100,100194,100,99920,100,100502,100,99919,100,,,99914,100
2019-06-28 09:37:30.000000000,100062,175,100042,81,100078,175,100018,275,100079,175,99983,175,100089,275,99978,175,100116,175,99973,175,100172,100,99959,100,100194,100,99949,100,100502,100,99920,100,,,99919,100,,,99914,100
2019-06-28 09:37:40.000000000,100062,227,100042,133,100078,223,100018,323,100079,223,99983,223,100089,200,99978,100,100116,100,99973,100,100172,100,99959,100,100194,100,99949,100,100502,100,99920,100,,,99919,100,,,99914,100
2019-06-28 09:37:50.000000000,100062,474,100042,380,100078,100,100018,200,100079,100,99983,100,100089,200,99978,100,100116,100,99973,100,100172,100,99959,100,100194,100,99949,100,100502,100,99920,100,,,99919,100,,,99914,100
2019-06-28 09:38:00.000000000,100062,194,100042,100,100078,194,100018,294,100079,194,99983,194,100089,294,99978,194,100116,100,99973,100,100172,100,99959,100,100194,100,99949,100,100502,100,99920,100,,,99919,100,,,99914,100
2019-06-28 09:38:03.626854304,100062,194,100042,100,100078,194,100018,294,100079,194,99983,194,100089,294,99978,194,100116,100,99973,100,100172,100,99959,100,100232,100,99949,100,100502,100,99920,100,,,99919,100,,,99914,100
2019-06-28 09:38:10.000000000,100062,474,100042,380,100078,100,100018,200,100079,100,99983,100,100089,200,99978,100,100116,100,99973,100,100172,100,99959,100,100232,100,99949,100,100502,100,99920,100,,,99919,100,,,99914,100
2019-06-28 09:38:15.057902556,100062,474,100056,100,100078,100,100042,380,100079,100,100018,200,100089,200,99983,100,100116,100,99978,100,100172,100,99973,100,100232,100,99959,100,100502,100,99949,100,,,99920,100,,,99919,100
2019-06-28 09:38:19.692863602,100062,474,100056,100,100078,100,100042,380,100079,100,100018,200,100089,200,99983,100,100116,100,99978,100,100172,100,99973,100,100232,100,99959,100,100502,100,99949,100,,,99920,100,,,99919,100
2019-06-28 09:38:20.000000000,100062,474,100056,474,100078,100,100042,6,100079,100,100018,200,100089,200,99983,100,100116,100,99978,100,100172,100,99973,100,100232,100,99959,100,100502,100,99949,100,,,99920,100,,,99919,100
2019-06-28 09:38:30.000000000,100062,227,100056,227,100078,223,100042,129,100079,223,100018,323,100089,200,99983,100,100116,100,99978,100,100172,100,99973,100,100232,100,99959,100,100502,100,99949,100,,,99920,100,,,99919,100
2019-06-28 09:38:32.919534317,100062,227,100056,127,100078,223,100042,129,100079,223,100018,323,100089,200,99983,100,100116,100,99978,100,100172,100,99973,100,100232,100,99959,100,100502,100,99949,100,,,99920,100,,,99919,100
2019-06-28 09:38:40.000000000,100062,474,100042,380,100078,100,100018,200,100079,100,99983,100,100089,200,99978,100,100116,100,99973,100,100172,100,99959,100,100232,100,99949,100,100502,100,99920,100,,,99919,100,,,99914,100
2019-06-28 09:38:50.000000000,100062,227,100042,133,100078,223,100018,323,100079,223,99983,223,100089,200,99978,100,100116,100,99973,100,100172,100,99959,100,100232,100,99949,100,100502,100,99920,100,,,99919,100,,,99914,100
2019-06-28 09:39:00.000000000,100062,194,100042,100,100078,194,100018,294,100079,194,99983,194,100089,294,99978,194,100116,100,99973,100,100172,100,99959,100,100232,100,99949,100,100502,100,99920,100,,,99919,100,,,99914,100
2019-06-28 09:39:10.000000000,100062,474,100042,380,100078,100,100018,200,100079,100,99983,100,100089,200,99978,100,100116,100,99973,100,100172,100,99959,100,100232,100,99949,100,100502,100,99920,100,,,99919,100,,,99914,100
2019-06-28 09:39:20.000000000,100062,227,100042,133,100078,223,100018,323,100079,223,99983,223,100089,200,99978,100,100116,100,99973,100,100172,100,99959,100,100232,100,99949,100,100502,100,99920,100,,,99919,100,,,99914,100
2019-06-28 09:39:30.000000000,100062,175,100042,81,100078,175,100018,275,100079,175,99983,175,100089,275,99978,175,100116,175,99973,175,100172,100,99959,100,100232,100,99949,100,100502,100,99920,100,,,99919,100,,,99914,100
2019-06-28 09:39:38.189947005,100059,100,100042,81,100062,175,100018,275,100078,175,99983,175,100079,175,99978,175,100089,275,99973,175,100116,175,99959,100,100172,100,99949,100,100232,100,99920,100,100502,100,99919,100,,,99914,100
2019-06-28 09:39:40.000000000,100059,194,100042,100,100062,194,100018,294,100078,194,99983,194,100079,194,99978,194,100089,200,99973,100,100116,100,99959,100,100172,100,99949,100,100232,100,99920,100,100502,100,99919,100,,,99914,100
2019-06-28 09:39:50.000000000,100059,474,100042,380,100062,100,100018,200,100078,100,99983,100,100079,100,99978,100,100089,200,99973,100,100116,100,99959,100,100172,100,99949,100,100232,100,99920,100,100502,100,99919,100,,,99914,100
2019-06-28 09:40:00.000000000,100059,474,100042,380,100062,100,100018,200,100078,100,99983,100,100079,100,99978,100,100089,200,99973,100,100116,100,99959,100,100172,100,99949,100,100232,100,99920,100,100502,100,99919,100,,,99914,100
2019-06-28 09:40:10.000000000,100059,227,100042,133,100062,223,100018,323,100078,223,99983,223,100079,100,99978,100,100089,200,99973,100,100116,100,99959,100,100172,100,99949,100,100232,100,99920,100,100502,100,99919,100,,,99914,100
2019-06-28 09:40:20.000000000,100059,474,100042,380,100062,100,100018,200,100078,100,99983,100,100079,100,99978,100,100089,200,99973,100,100116,100,99959,100,100172,100,99949,100,100232,100,99920,100,100502,100,99919,100,,,99914,100
2019-06-28 09:40:30.000000000,100059,474,100042,380,100062,100,100018,200,100078,100,99983,100,100079,100,99978,100,100089,200,99973,100,100116,100,99959,100,100172,100,99949,100,100232,100,99920,100,100502,100,99919,100,,,99914,100
2019-06-28 09:40:40.000000000,100059,175,100042,81,100062,175,100018,275,100078,175,99983,175,100079,175,99978,175,100089,275,99973,175,100116,100,99959,100,100172,100,99949,100,100232,100,99920,100,100502,100,99919,100,,,99914,100
2019-06-28 09:40:41.160578880,100059,275,100042,81,100062,175,100018,275,100078,175,99983,175,100079,175,99978,175,100089,275,99973,175,100116,100,99959,100,100172,100,99949,100,100232,100,99920,100,100502,100,99919,100,,,99914,100
2019-06-28 09:40:50.000000000,100059,275,100042,81,100062,175,100018,275,100078,175,99983,175,100079,175,99978,175,100089,275,99973,175,100116,100,99959,100,100172,100,99949,100,100232,100,99920,100,100502,100,99919,100,,,99914,100
2019-06-28 09:41:00.000000000,100059,294,100042,100,100062,194,100018,294,100078,194,99983,194,100079,194,99978,194,100089,200,99973,100,100116,100,99959,100,100172,100,99949,100,100232,100,99920,100,100502,100,99919,100,,,99914,100
2019-06-28 09:41:10.000000000,100059,327,100042,133,100062,223,100018,323,100078,223,99983,223,100079,100,99978,100,100089,200,99973,100,100116,100,99959,100,100172,100,99949,100,100232,100,99920,100,100502,100,99919,100,,,99914,100
2019-06-28 09:41:20.000000000,100059,574,100042,380,100062,100,100018,200,100078,100,99983,100,100079,100,99978,100,100089,200,99973,100,100116,100,99959,100,100172,100,99949,100,100232,100,99920,100,100502,100,99919,100,,,99914,100
2019-06-28 09:41:30.000000000,100059,574,100042,380,100062,100,100018,200,100078,100,99983,100,100079,100,99978,100,100089,200,99973,100,100116,100,99959,100,100172,100,99949,100,100232,100,99920,100,100502,100,99919,100,,,99914,100
2019-06-28 09:41:38.849484095,100059,574,100042,380,100062,100,100018,200,100078,100,99983,100,100079,100,99978,100,100089,200,99973,100,100116,100,99959,100,100172,100,99949,100,100232,100,99920,100,100502,100,99919,100,,,99914,100
2019-06-28 09:41:39.817699396,100059,574,100042,280,100062,100,100018,200,100078,100,99983,100,100079,100,99978,100,100089,200,99973,100,100116,100,99959,100,100172,100,99949,100,100232,100,99920,100,100502,100,99914,100,,,99909,100
2019-06-28 09:41:40.000000000,100059,294,100018,294,100062,194,99983,194,100078,194,99978,194,100079,194,99973,194,100089,200,99959,100,100116,100,99949,100,100172,100,99920,100,100232,100,99914,100,100502,100,99909,100,,,99908,100
2019-06-28 09:41:40.721286996,100056,100,100018,194,100059,294,99983,194,100062,194,99978,194,100078,194,99973,194,100079,194,99959,100,100089,200,99949,100,100116,100,99920,100,100172,100,99914,100,100232,100,99909,100,100502,100,99908,100
2019-06-28 09:41:50.000000000,100056,227,100018,227,100059,323,99983,223,100062,223,99978,223,100078,100,99973,100,100079,100,99959,100,100089,200,99949,100,100116,100,99920,100,100172,100,99914,100,100232,100,99909,100,100502,100,99908,100
2019-06-28 09:41:50.082978529,100056,327,100018,227,100059,223,99983,223,100062,223,99978,223,100078,100,99973,100,100079,100,99959,100,100089,200,99949,100,100116,100,99920,100,100172,100,99914,100,100232,100,99909,100,100502,100,99908,100
2019-06-28 09:42:00.000000000,100056,294,100018,194,100059,194,99983,194,100062,194,99978,194,100078,194,99973,194,100079,100,99959,100,100089,200,99949,100,100116,100,99920,100,100172,100,99914,100,100232,100,99909,100,100502,100,99908,100
2019-06-28 09:42:10.000000000,100056,294,100018,194,100059,194,99983,194,100062,194,99978,194,100078,194,99973,194,100079,100,99959,100,100089,200,99949,100,100116,100,99920,100,100172,100,99914,100,100232,100,99909,100,100502,100,99908,100
2019-06-28 09:42:12.800083403,100056,294,100018,94,100059,194,99983,194,100062,194,99978,194,100078,194,99973,194,100079,100,99959,100,100089,200,99949,100,100116,100,99920,100,100172,100,99914,100,100232,100,99909,100,100502,100,99908,100
2019-06-28 09:42:20.000000000,100056,275,99983,175,100059,175,99978,175,100062,175,99973,175,100078,175,99959,175,100079,175,99949,175,100089,200,99920,100,100116,100,99914,100,100172,100,99909,100,100232,100,99908,100,100502,100,99896,100
2019-06-28 09:42:30.000000000,100056,275,99983,175,100059,175,99978,175,100062,175,99973,175,100078,175,99959,175,100079,175,99949,175,100089,200,99920,100,100116,100,99914,100,100172,100,99909,100,100232,100,99908,100,100502,100,99896,100
2019-06-28 09:42:32.765901776,100042,100,99983,175,100056,275,99978,175,100059,175,99973,175,100062,175,99959,175,100078,175,99949,175,100079,175,99920,100,100089,200,99914,100,100116,100,99909,100,100172,100,99908,100,100232,100,99896,100
2019-06-28 09:42:40.000000000,100042,194,99983,194,100056,294,99978,194,100059,194,99973,194,100062,194,99959,194,100078,100,99949,100,100079,100,99920,100,100089,200,99914,100,100116,100,99909,100,100172,100,99908,100,100232,100,99896,100
2019-06-28 09:42:50.000000000,100042,287,99983,287,100056,387,99978,287,100059,100,99973,100,100062,100,99959,100,100078,100,99949,100,100079,100,99920,100,100089,200,99914,100,100116,100,99909,100,100172,100,99908,100,100232,100,99896,100
2019-06-28 09:43:00.000000000,100042,194,99983,194,100056,294,99978,194,100059,194,99973,194,100062,194,99959,194,100078,100,99949,100,100079,100,99920,100,100089,200,99914,100,100116,100,99909,100,100172,100,99908,100,100232,100,99896,100
2019-06-28 09:43:03.408606377,100042,294,99983,194,100056,194,99978,194,100059,194,99973,194,100062,194,99959,194,100078,100,99949,100,100079,100,99920,100,100089,200,99914,100,100116,100,99909,100,100172,100,99908,100,100232,100,99896,100
2019-06-28 09:43:10.000000000,100042,327,99983,227,100056,223,99978,223,100059,223,99973,223,100062,100,99959,100,100078,100,99949,100,100079,100,99920,100,100089,200,99914,100,100116,100,99909,100,100172,100,99908,100,100232,100,99896,100
2019-06-28 09:43:20.000000000,100042,275,99983,175,100056,175,99978,175,100059,175,99973,175,100062,175,99959,175,100078,175,99949,175,100079,100,99920,100,100089,200,99914,100,100116,100,99909,100,100172,100,99908,100,100232,100,99896,100
2019-06-28 09:43:21.292566189,100042,275,99983,75,100056,175,99978,175,100059,175,99973,175,100062,175,99959,175,100078,175,99949,175,100079,100,99920,100,100089,200,99914,100,100172,100,99909,100,100232,100,99908,100,100502,100,99896,100
2019-06-28 09:43:23.709943968,99983,25,99978,175,100042,275,99973,175,100056,175,99959,175,100059,175,99949,175,100062,175,99920,100,100078,175,99914,100,100079,100,99909,100,100089,200,99908,100,100172,100,99896,100,100232,100,99892,100
2019-06-28 09:43:30.000000000,99983,399,99978,474,100042,200,99973,100,100056,100,99959,100,100059,100,99949,100,100062,100,99920,100,100078,100,99914,100,100079,100,99909,100,100089,200,99908,100,100172,100,99896,100,100232,100,99892,100
2019-06-28 09:43:35.874033123,99983,399,99978,374,100042,200,99973,100,100056,100,99959,100,100059,100,99949,100,100062,100,99920,100,100078,100,99914,100,100079,100,99909,100,100089,200,99908,100,100172,100,99896,100,100232,100,99892,100
2019-06-28 09:43:40.000000000,99983,152,99973,227,100042,323,99959,223,100056,223,99949,223,100059,100,99920,100,100062,100,99914,100,100078,100,99909,100,100079,100,99908,100,100089,200,99896,100,100172,100,99892,100,100232,100,99853,100
2019-06-28 09:43:49.386063741,99982,100,99973,227,99983,152,99959,223,100042,323,99949,223,100056,223,99920,100,100059,100,99914,100,100062,100,99909,100,100078,100,99908,100,100079,100,99896,100,100089,200,99892,100,100172,100,99853,100
2019-06-28 09:43:50.000000000,99982,194,99973,194,99983,119,99959,194,100042,294,99949,194,100056,194,99920,194,100059,100,99914,100,100062,100,99909,100,100078,100,99908,100,100079,100,99896,100,100089,200,99892,100,100172,100,99853,100
2019-06-28 09:43:53.725407564,99982,194,99973,194,99983,119,99959,194,100042,294,99949,194,100056,194,99920,194,100059,100,99914,100,100062,100,99909,100,100078,100,99908,100,100079,100,99896,100,100089,200,99892,100,100172,100,99853,100
2019-06-28 09:44:00.000000000,99982,474,99973,474,99983,25,99959,100,100042,200,99949,100,100056,100,99920,100,100059,100,99914,100,100062,100,99909,100,100078,100,99908,100,100079,100,99896,100,100089,200,99892,100,100172,100,99853,100
2019-06-28 09:44:10.000000000,99982,175,99973,175,99983,100,99959,175,100042,275,99949,175,100056,175,99920,175,100059,175,99914,175,100062,100,99909,100,100078,100,99908,100,100079,100,99896,100,100089,200,99892,100,100172,100,99853,100
2019-06-28 09:44:20.000000000,99982,287,99973,287,99983,212,99959,287,100042,200,99949,100,100056,100,99920,100,100059,100,99914,100,100062,100,99909,100,100078,100,99908,100,100079,100,99896,100,100089,200,99892,100,100172,100,99853,100
2019-06-28 09:44:24.314005477,99982,287,99973,187,99983,212,99959,287,100042,200,99949,100,100056,100,99920,100,100059,100,99914,100,100062,100,99909,100,100078,100,99908,100,100079,100,99896,100,100089,200,99892,100,100172,100,99853,100
2019-06-28 09:44:28.535444414,99982,287,99973,87,99983,212,99959,287,100042,200,99949,100,100056,100,99920,100,100059,100,99914,100,100062,100,99909,100,100078,100,99908,100,100079,100,99896,100,100089,200,99892,100,100172,100,99853,100
2019-06-28 09:44:30.000000000,99982,227,99959,227,99983,148,99949,223,100042,323,99920,223,100056,100,99914,100,100059,100,99909,100,100062,100,99908,100,100078,100,99896,100,100079,100,99892,100,100089,200,99853,100,100172,100,99841,100
2019-06-28 09:44:40.000000000,99982,175,99959,175,99983,100,99949,175,100042,275,99920,175,100056,175,99914,175,100059,175,99909,175,100062,100,99908,100,100078,100,99896,100,100079,100,99892,100,100089,200,99853,100,100172,100,99841,100
2019-06-28 09:44:43.356172175,99982,175,99959,175,99983,100,99949,175,100042,275,99920,175,100056,175,99914,175,100059,175,99909,175,100062,100,99908,100,100078,100,99896,100,100079,100,99892,100,100089,200,99853,100,100172,100,99841,100
2019-06-28 09:44:50.000000000,99982,287,99959,287,99983,212,99949,287,100042,200,99920,100,100056,100,99914,100,100059,100,99909,100,100062,100,99908,100,100078,100,99896,100,100079,100,99892,100,100089,200,99853,100,100172,100,99841,100
2019-06-28 09:44:58.545637367,99982,287,99959,187,99983,212,99949,287,100042,200,99920,100,100056,100,99914,100,100059,100,99909,100,100062,100,99908,100,100078,100,99896,100,100079,100,99892,100,100089,200,99853,100,100172,100,99841,100
2019-06-28 09:45:00.000000000,99982,474,99949,474,99983,25,99920,100,100042,200,99914,100,100056,100,99909,100,100059,100,99908,100,100062,100,99896,100,100078,100,99892,100,100079,100,99853,100,100089,200,99841,100,100172,100,99669,100
2019-06-28 09:45:10.000000000,99982,227,99949,227,99983,148,99920,223,100042,323,99914,223,100056,100,99909,100,100059,100,99908,100,100062,100,99896,100,100078,100,99892,100,100079,100,99853,100,100089,200,99841,100,100172,100,99669,100
2019-06-28 09:45:19.092248940,99973,100,99949,227,99982,227,99920,223,99983,148,99914,223,100042,323,99909,100,100056,100,99908,100,100059,100,99896,100,100062,100,99892,100,100078,100,99853,100,100079,100,99841,100,100089,200,99669,100
2019-06-28 09:45:20.000000000,99973,175,99949,175,99982,175,99920,175,99983,100,99914,175,100042,275,99909,175,100056,175,99908,175,100059,100,99896,100,100062,100,99892,100,100078,100,99853,100,100079,100,99841,100,100089,200,99669,100
2019-06-28 09:45:24.079964286,99973,175,99949,75,99982,175,99920,175,99983,100,99914,175,100042,275,99909,175,100056,175,99908,175,100059,100,99896,100,100062,100,99892,100,100078,100,99853,100,100079,100,99841,100,100089,200,99669,100
2019-06-28 09:45:30.000000000,99973,175,99920,175,99982,175,99914,175,99983,100,99909,175,100042,275,99908,175,100056,175,99896,175,100059,100,99892,100,100062,100,99853,100,100078,100,99841,100,100079,100,99669,100,100089,200,99483,100
2019-06-28 09:45:38.958794792,99973,75,99920,175,99982,175,99914,175,99983,100,99909,175,100042,275,99908,175,100056,175,99896,175,100059,100,99892,100,100062,100,99853,100,100078,100,99841,100,100079,100,99669,100,100089,200,99483,100
2019-06-28 09:45:40.000000000,99982,287,99920,287,99983,212,99914,287,100042,200,99909,100,100056,100,99908,100,100059,100,99896,100,100062,100,99892,100,100078,100,99853,100,100079,100,99841,100,100089,200,99669,100,100172,100,99483,100
2019-06-28 09:45:50.000000000,99982,194,99920,194,99983,119,99914,194,100042,294,99909,194,100056,194,99908,194,100059,100,99896,100,100062,100,99892,100,100078,100,99853,100,100079,100,99841,100,100089,200,99669,100,100172,100,99483,100
2019-06-28 09:46:00.000000000,99982,194,99920,194,99983,119,99914,194,100042,294,99909,194,100056,194,99908,194,100059,100,99896,100,100062,100,99892,100,100078,100,99853,100,100079,100,99841,100,100089,200,99669,100,100172,100,99483,100
2019-06-28 09:46:08.140648681,99982,194,99920,194,99983,119,99918,100,100042,294,99914,194,100056,194,99909,194,100059,100,99908,194,100078,100,99896,100,100079,100,99892,100,100089,200,99853,100,100172,100,99841,100,100232,100,99669,100
2019-06-28 09:46:10.000000000,99982,474,99920,474,99983,25,99918,100,100042,200,99914,100,100056,100,99909,100,100059,100,99908,100,100078,100,99896,100,100079,100,99892,100,100089,200,99853,100,100172,100,99841,100,100232,100,99669,100
2019-06-28 09:46:13.604893288,99982,474,99950,100,99983,25,99920,474,100042,200,99918,100,100056,100,99914,100,100059,100,99909,100,100078,100,99908,100,100079,100,99896,100,100089,200,99892,100,100172,100,99853,100,100232,100,99841,100
2019-06-28 09:46:16.853279684,99982,374,99950,100,99983,25,99920,474,100042,200,99918,100,100056,100,99914,100,100059,100,99909,100,100078,100,99908,100,100079,100,99896,100,100089,200,99892,100,100172,100,99853,100,100232,100,99841,100
2019-06-28 09:46:20.000000000,99983,152,99950,227,100042,323,99920,223,100056,223,99918,223,100059,100,99914,100,100078,100,99909,100,100079,100,99908,100,100089,200,99896,100,100172,100,99892,100,100232,100,99853,100,,,99841,100
2019-06-28 09:46:20.967839188,99972,100,99950,227,99983,152,99920,223,100042,323,99918,223,100056,223,99914,100,100059,100,99909,100,100078,100,99908,100,100079,100,99896,100,100089,200,99892,100,100172,100,99853,100,100232,100,99841,100
2019-06-28 09:46:23.980965449,99972,100,99950,227,99983,152,99920,223,100042,323,99918,223,100056,223,99914,100,100059,100,99909,100,100078,100,99908,100,100079,100,99896,100,100089,200,99892,100,100106,100,99853,100,100172,100,99841,100
2019-06-28 09:46:30.000000000,99972,287,99950,287,99983,212,99920,287,100042,200,99918,100,100056,100,99914,100,100059,100,99909,100,100078,100,99908,100,100079,100,99896,100,100089,200,99892,100,100106,100,99853,100,100172,100,99841,100
2019-06-28 09:46:40.000000000,99972,227,99950,227,99983,148,99920,223,100042,323,99918,223,100056,100,99914,100,100059,100,99909,100,100078,100,99908,100,100079,100,99896,100,100089,200,99892,100,100106,100,99853,100,100172,100,99841,100
2019-06-28 09:46:50.000000000,99972,175,99950,175,99983,100,99920,175,100042,275,99918,175,100056,175,99914,175,100059,175,99909,175,100078,100,99908,100,100079,100,99896,100,100089,200,99892,100,100106,100,99853,100,100172,100,99841,100
2019-06-28 09:46:58.996268339,99972,75,99950,175,99983,100,99920,175,100042,275,99918,175,100056,175,99914,175,100059,175,99909,175,100078,100,99908,100,100079,100,99896,100,100089,200,99892,100,100106,100,99853,100,100172,100,99841,100
2019-06-28 09:47:00.000000000,99983,100,99950,175,100042,275,99920,175,100056,175,99918,175,100059,175,99914,175,100078,175,99909,175,100079,100,99908,100,100089,200,99896,100,100106,100,99892,100,100172,100,99853,100,100232,100,99841,100
2019-06-28 09:47:02.252220168,99983,100,99950,175,100042,275,99920,175,100056,175,99918,175,100059,175,99914,175,100078,175,99909,175,100079,100,99908,100,100089,200,99896,100,100106,100,99892,100,100172,100,99853,100,100232,100,99841,100
2019-06-28 09:47:03.501863687,99983,100,99950,175,100023,100,99920,175,100042,275,99918,175,100056,175,99914,175,100059,175,99909,175,100078,175,99908,100,100079,100,99896,100,100089,200,99892,100,100106,100,99853,100,100172,100,99841,100
2019-06-28 09:47:10.000000000,99983,152,99950,227,100023,223,99920,223,100042,323,99918,223,100056,100,99914,100,100059,100,99909,100,100078,100,99908,100,100079,100,99896,100,100089,200,99892,100,100106,100,99853,100,100172,100,99841,100
2019-06-28 09:47:16.601452154,99983,152,99950,127,100023,223,99920,123,100042,323,99918,223,100056,100,99914,100,100059,100,99909,100,100078,100,99908,100,100079,100,99896,100,100089,200,99892,100,100106,100,99853,100,100172,100,99841,100
2019-06-28 09:47:20.000000000,99983,212,99918,287,100023,287,99914,287,100042,200,99909,100,100056,100,99908,100,100059,100,99896,100,100078,100,99892,100,100079,100,99853,100,100089,200,99841,100,100106,100,99669,100,100172,100,99632,100
2019-06-28 09:47:27.794799314,99983,212,99951,100,100023,287,99918,287,100042,100,99914,287,100056,100,99909,100,100059,100,99908,100,100078,100,99896,100,100079,100,99892,100,100089,200,99853,100,100106,100,99841,100,100172,100,99669,100
2019-06-28 09:47:30.000000000,99983,399,99951,474,100023,100,99918,100,100042,100,99914,100,100056,100,99909,100,100059,100,99908,100,100078,100,99896,100,100079,100,99892,100,100089,200,99853,100,100106,100,99841,100,100172,100,99669,100
2019-06-28 09:47:32.737054206,99983,399,99951,474,100010,100,99918,100,100023,100,99914,100,100042,100,99909,100,100056,100,99908,100,100059,100,99896,100,100078,100,99892,100,100079,100,99853,100,100089,200,99841,100,100106,100,99669,100
2019-06-28 09:47:40.000000000,99983,119,99951,194,100010,194,99918,194,100023,194,99914,194,100042,194,99909,194,100056,100,99908,100,100059,100,99896,100,100078,100,99892,100,100079,100,99853,100,100089,200,99841,100,100106,100,99669,100
2019-06-28 09:47:48.530854274,99983,119,99951,194,100010,194,99918,194,100023,194,99914,194,100042,194,99909,194,100056,100,99908,100,100059,100,99896,100,100078,100,99892,100,100079,100,99853,100,100089,200,99841,100,100106,100,99669,100
2019-06-28 09:47:50.000000000,99983,399,99951,474,100010,100,99918,100,100023,100,99914,100,100042,100,99909,100,100056,100,99908,100,100059,100,99896,100,100078,100,99892,100,100079,100,99853,100,100089,200,99841,100,100106,100,99669,100
2019-06-28 09:47:59.390029648,99983,399,99951,474,100023,100,99918,100,100042,100,99914,100,100056,100,99909,100,100059,100,99908,100,100078,100,99896,100,100079,100,99892,100,100089,200,99853,100,100106,100,99841,100,100170,100,99669,100
2019-06-28 09:48:00.000000000,99983,119,99951,194,100023,194,99918,194,100042,194,99914,194,100056,194,99909,194,100059,100,99908,100,100078,100,99896,100,100079,100,99892,100,100089,200,99853,100,100106,100,99841,100,100170,100,99669,100
2019-06-28 09:48:10.000000000,99983,152,99951,227,100023,223,99918,223,100042,223,99914,223,100056,100,99909,100,100059,100,99908,100,100078,100,99896,100,100079,100,99892,100,100089,200,99853,100,100106,100,99841,100,100170,100,99669,100
2019-06-28 09:48:20.000000000,99983,119,99951,194,100023,194,99918,194,100042,194,99914,194,100056,194,99909,194,100059,100,99908,100,100078,100,99896,100,100079,100,99892,100,100089,200,99853,100,100106,100,99841,100,100170,100,99669,100
2019-06-28 09:48:27.088684526,99983,119,99951,294,100023,194,99918,194,100042,194,99914,194,100056,194,99909,194,100059,100,99908,100,100078,100,99896,100,100079,100,99892,100,100089,200,99853,100,100106,100,99841,100,100170,100,99669,100
2019-06-28 09:48:29.840596420,99983,119,99951,294,100023,194,99918,194,100042,194,99914,194,100056,194,99909,194,100059,100,99908,100,100078,100,99896,100,100079,100,99892,100,100089,200,99853,100,100106,100,99841,100,100170,100,99669,100
2019-06-28 09:48:30.000000000,99983,100,99951,275,100023,175,99918,175,100042,175,99914,175,100056,175,99909,175,100059,175,99908,175,100078,100,99896,100,100079,100,99892,100,100089,200,99853,100,100106,100,99841,100,100170,100,99669,100
2019-06-28 09:48:40.000000000,99983,212,99951,387,100023,287,99918,287,100042,100,99914,100,100056,100,99909,100,100059,100,99908,100,100078,100,99896,100,100079,100,99892,100,100089,200,99853,100,100106,100,99841,100,100170,100,99669,100
2019-06-28 09:48:48.063535301,99983,212,99951,487,100023,287,99918,287,100042,100,99914,100,100056,100,99909,100,100059,100,99908,100,100078,100,99896,100,100079,100,99892,100,100089,200,99853,100,100106,100,99841,100,100170,100,99669,100
2019-06-28 09:48:50.000000000,99983,212,99951,487,100023,287,99918,287,100042,100,99914,100,100056,100,99909,100,100059,100,99908,100,100078,100,99896,100,100079,100,99892,100,100089,200,99853,100,100106,100,99841,100,100170,100,99669,100
2019-06-28 09:48:50.910849886,99983,212,99951,487,100023,287,99918,287,100042,100,99914,100,100056,100,99909,100,100059,100,99908,100,100078,100,99896,100,100079,100,99892,100,100089,200,99853,100,100106,100,99841,100,100170,100,99669,100
2019-06-28 09:49:00.000000000,99983,100,99951,375,100023,175,99918,175,100042,175,99914,175,100056,175,99909,175,100059,175,99908,175,100078,100,99896,100,100079,100,99892,100,100089,200,99853,100,100106,100,99841,100,100170,100,99669,100
2019-06-28 09:49:01.603321825,99983,100,99951,375,100023,175,99918,175,100042,75,99914,175,100056,175,99909,175,100059,175,99908,175,100078,100,99896,100,100079,100,99892,100,100089,200,99853,100,100106,100,99841,100,100170,100,99669,100
2019-06-28 09:49:10.000000000,99983,100,99951,375,100023,175,99918,175,100056,175,99914,175,100059,175,99909,175,100078,175,99908,175,100079,100,99896,100,100089,200,99892,100,100106,100,99853,100,100170,100,99841,100,100172,100,99669,100
2019-06-28 09:49:14.552679323,99983,100,99951,475,100023,175,99918,175,100056,175,99914,175,100059,175,99909,175,100078,175,99908,175,100079,100,99896,100,100089,200,99892,100,100106,100,99853,100,100170,100,99841,100,100172,100,99669,100
2019-06-28 09:49:20.000000000,99983,100,99951,475,100023,175,99918,175,100056,175,99914,175,100059,175,99909,175,100078,175,99908,175,100079,100,99896,100,100089,200,99892,100,100106,100,99853,100,100170,100,99841,100,100172,100,99669,100
2019-06-28 09:49:30.000000000,99983,119,99951,494,100023,194,99918,194,100056,194,99914,194,100059,194,99909,194,100078,100,99908,100,100079,100,99896,100,100089,200,99892,100,100106,100,99853,100,100170,100,99841,100,100172,100,99669,100
2019-06-28 09:49:37.531010179,99983,119,99951,594,100023,194,99918,194,100056,194,99914,194,100059,194,99909,194,100078,100,99908,100,100079,100,99896,100,100089,200,99892,100,100106,100,99853,100,100170,100,99841,100,100172,100,99669,100
2019-06-28 09:49:40.000000000,99983,212,99951,687,100023,287,99918,287,100056,100,99914,100,100059,100,99909,100,100078,100,99908,100,100079,100,99896,100,100089,200,99892,100,100106,100,99853,100,100170,100,99841,100,100172,100,99669,100
2019-06-28 09:49:42.770692325,99983,112,99951,687,100023,287,99918,287,100056,100,99914,100,100059,100,99909,100,100078,100,99908,100,100079,100,99896,100,100089,200,99892,100,100106,100,99853,100,100170,100,99841,100,100172,100,99669,100
2019-06-28 09:49:50.000000000,100023,175,99951,575,100056,175,99918,175,100059,175,99914,175,100078,175,99909,175,100079,175,99908,175,100089,200,99896,100,100106,100,99892,100,100170,100,99853,100,100172,100,99841,100,100232,100,99669,100
2019-06-28 09:50:00.000000000,100023,194,99951,594,100056,194,99918,194,100059,194,99914,194,100078,194,99909,194,100079,100,99908,100,100089,200,99896,100,100106,100,99892,100,100170,100,99853,100,100172,100,99841,100,100232,100,99669,100
2019-06-28 09:50:10.000000000,100023,474,99951,874,100056,100,99918,100,100059,100,99914,100,100078,100,99909,100,100079,100,99908,100,100089,200,99896,100,100106,100,99892,100,100170,100,99853,100,100172,100,99841,100,100232,100,99669,100
2019-06-28 09:50:20.000000000,100023,474,99951,874,100056,100,99918,100,100059,100,99914,100,100078,100,99909,100,100079,100,99908,100,100089,200,99896,100,100106,100,99892,100,100170,100,99853,100,100172,100,99841,100,100232,100,99669,100
2019-06-28 09:50:30.000000000,100023,474,99951,874,100056,100,99918,100,100059,100,99914,100,100078,100,99909,100,100079,100,99908,100,100089,200,99896,100,100106,100,99892,100,100170,100,99853,100,100172,100,99841,100,100232,100,99669,100
2019-06-28 09:50:40.000000000,100023,227,99951,627,100056,223,99918,223,100059,223,99914,223,100078,100,99909,100,100079,100,99908,100,100089,200,99896,100,100106,100,99892,100,100170,100,99853,100,100172,100,99841,100,100232,100,99669,100
2019-06-28 09:50:50.000000000,100023,287,99951,687,100056,287,99918,287,100059,100,99914,100,100078,100,99909,100,100079,100,99908,100,100089,200,99896,100,100106,100,99892,100,100170,100,99853,100,100172,100,99841,100,100232,100,99669,100
2019-06-28 09:51:00.000000000,100023,175,99951,575,100056,175,99918,175,100059,175,99914,175,100078,175,99909,175,100079,175,99908,175,100089,200,99896,100,100106,100,99892,100,100170,100,99853,100,100172,100,99841,100,100232,100,99669,100
2019-06-28 09:51:01.995517136,100023,175,99951,475,100056,175,99918,175,100059,175,99914,175,100078,175,99909,175,100079,175,99908,175,100089,200,99896,100,100106,100,99892,100,100170,100,99853,100,100172,100,99841,100,100232,100,99669,100
2019-06-28 09:51:09.414903744,100023,175,99951,475,100056,175,99918,175,100059,175,99914,175,100078,175,99909,175,100079,175,99908,175,100089,200,99896,100,100106,100,99892,100,100170,100,99853,100,100172,100,99841,100,100232,100,99669,100
2019-06-28 09:51:10.000000000,100023,227,99951,527,100056,223,99918,223,100059,223,99914,223,100078,100,99909,100,100079,100,99908,100,100089,200,99896,100,100106,100,99892,100,100170,100,99853,100,100172,100,99841,100,100232,100,99669,100
2019-06-28 09:51:13.375759920,100023,227,99951,527,100056,223,99918,223,100059,223,99914,223,100078,100,99909,100,100079,100,99908,100,100089,200,99896,100,100106,100,99892,100,100170,100,99853,100,100172,100,99841,100,100232,100,99669,100
2019-06-28 09:51:13.912097363,100023,227,99951,427,100056,223,99918,223,100059,223,99914,223,100078,100,99909,100,100079,100,99908,100,100089,200,99896,100,100106,100,99892,100,100170,100,99853,100,100172,100,99841,100,100232,100,99669,100
2019-06-28 09:51:20.000000000,100023,287,99951,487,100056,287,99918,287,100059,100,99914,100,100078,100,99909,100,100079,100,99908,100,100089,200,99896,100,100106,100,99892,100,100170,100,99853,100,100172,100,99841,100,100232,100,99669,100
2019-06-28 09:51:28.947427808,100023,287,99951,487,100056,287,99918,287,100059,100,99914,100,100078,100,99908,100,100079,100,99896,100,100089,200,99892,100,100106,100,99853,100,100170,100,99841,100,100172,100,99669,100,100232,100,99632,100
2019-06-28 09:51:30.000000000,100023,175,99951,375,100056,175,99918,175,100059,175,99914,175,100078,175,99908,175,100079,175,99896,175,100089,200,99892,100,100106,100,99853,100,100170,100,99841,100,100172,100,99669,100,100232,100,99632,100
2019-06-28 09:51:40.000000000,100023,227,99951,427,100056,223,99918,223,100059,223,99914,223,100078,100,99908,100,100079,100,99896,100,100089,200,99892,100,100106,100,99853,100,100170,100,99841,100,100172,100,99669,100,100232,100,99632,100
2019-06-28 09:51:44.925217873,100023,227,99951,427,100056,223,99918,223,100059,223,99914,223,100078,100,99908,100,100079,100,99896,100,100089,100,99892,100,100106,100,99853,100,100170,100,99841,100,100172,100,99669,100,100232,100,99632,100
2019-06-28 09:51:50.000000000,100023,474,99951,674,100056,100,99918,100,100059,100,99914,100,100078,100,99908,100,100079,100,99896,100,100089,100,99892,100,100106,100,99853,100,100170,100,99841,100,100172,100,99669,100,100232,100,99632,100
2019-06-28 09:52:00.000000000,100023,227,99951,427,100056,223,99918,223,100059,223,99914,223,100078,100,99908,100,100079,100,99896,100,100089,100,99892,100,100106,100,99853,100,100170,100,99841,100,100172,100,99669,100,100232,100,99632,100
2019-06-28 09:52:10.000000000,100023,287,99951,487,100056,287,99918,287,100059,100,99914,100,100078,100,99908,100,100079,100,99896,100,100089,100,99892,100,100106,100,99853,100,100170,100,99841,100,100172,100,99669,100,100232,100,99632,100
2019-06-28 09:52:20.000000000,100023,287,99951,487,100056,287,99918,287,100059,100,99914,100,100078,100,99908,100,100079,100,99896,100,100089,100,99892,100,100106,100,99853,100,100170,100,99841,100,100172,100,99669,100,100232,100,99632,100
2019-06-28 09:52:27.287505793,100023,287,99951,387,100056,287,99918,287,100059,100,99914,100,100078,100,99908,100,100079,100,99896,100,100089,100,99892,100,100106,100,99853,100,100170,100,99841,100,100172,100,99669,100,100232,100,99632,100
2019-06-28 09:52:30.000000000,100023,175,99951,275,100056,175,99918,175,100059,175,99914,175,100078,175,99908,175,100079,175,99896,175,100089,100,99892,100,100106,100,99853,100,100170,100,99841,100,100172,100,99669,100,100232,100,99632,100
2019-06-28 09:52:40.000000000,100023,474,99951,574,100056,100,99918,100,100059,100,99914,100,100078,100,99908,100,100079,100,99896,100,100089,100,99892,100,100106,100,99853,100,100170,100,99841,100,100172,100,99669,100,100232,100,99632,100
2019-06-28 09:52:47.302049559,100023,474,99951,474,100056,100,99918,100,100059,100,99914,100,100078,100,99908,100,100079,100,99896,100,100089,100,99892,100,100106,100,99853,100,100170,100,99841,100,100172,100,99669,100,100232,100,99632,100
2019-06-28 09:52:50.000000000,100023,287,99951,287,100056,287,99918,287,100059,100,99914,100,100078,100,99908,100,100079,100,99896,100,100089,100,99892,100,100106,100,99853,100,100170,100,99841,100,100172,100,99669,100,100232,100,99632,100
2019-06-28 09:53:00.000000000,100023,227,99951,227,100056,223,99918,223,100059,223,99914,223,100078,100,99908,100,100079,100,99896,100,100089,100,99892,100,100106,100,99853,100,100170,100,99841,100,100172,100,99669,100,100232,100,99632,100
2019-06-28 09:53:06.915327290,100023,227,99951,127,100056,223,99918,223,100059,223,99914,223,100078,100,99908,100,100079,100,99896,100,100106,100,99892,100,100170,100,99853,100,100172,100,99841,100,100232,100,99669,100,100316,100,99632,100
2019-06-28 09:53:07.006160773,100023,227,99951,27,100056,223,99918,223,100059,223,99914,223,100078,100,99908,100,100079,100,99896,100,100106,100,99892,100,100170,100,99853,100,100172,100,99841,100,100232,100,99669,100,100316,100,99632,100
2019-06-28 09:53:10.000000000,100023,175,99918,175,100056,175,99914,175,100059,175,99908,175,100078,175,99896,175,100079,175,99892,175,100106,100,99853,100,100170,100,99841,100,100172,100,99669,100,100232,100,99632,100,100316,100,99598,100
2019-06-28 09:53:14.966271104,100023,175,99918,75,100056,175,99914,175,100059,175,99908,175,100078,175,99896,175,100079,175,99892,175,100106,100,99853,100,100170,100,99841,100,100172,100,99669,100,100232,100,99632,100,100316,100,99598,100
2019-06-28 09:53:20.000000000,100023,227,99914,227,100056,223,99908,223,100059,223,99896,223,100078,100,99892,100,100079,100,99853,100,100106,100,99841,100,100170,100,99669,100,100172,100,99632,100,100232,100,99598,100,100316,100,99549,100
2019-06-28 09:53:30.000000000,100023,175,99914,175,100056,175,99908,175,100059,175,99896,175,100078,175,99892,175,100079,175,99853,175,100106,100,99841,100,100170,100,99669,100,100172,100,99632,100,100232,100,99598,100,100316,100,99549,100
2019-06-28 09:53:34.667284774,99951,100,99914,175,100023,175,99908,175,100056,175,99896,175,100059,175,99892,175,100078,175,99853,175,100079,175,99841,100,100106,100,99669,100,100170,100,99632,100,100172,100,99598,100,100232,100,99549,100
2019-06-28 09:53:40.000000000,99951,287,99914,287,100023,287,99908,287,100056,100,99896,100,100059,100,99892,100,100078,100,99853,100,100079,100,99841,100,100106,100,99669,100,100170,100,99632,100,100172,100,99598,100,100232,100,99549,100
2019-06-28 09:53:50.000000000,99951,175,99914,175,100023,175,99908,175,100056,175,99896,175,100059,175,99892,175,100078,175,99853,175,100079,100,99841,100,100106,100,99669,100,100170,100,99632,100,100172,100,99598,100,100232,100,99549,100
2019-06-28 09:54:00.000000000,99951,287,99914,287,100023,287,99908,287,100056,100,99896,100,100059,100,99892,100,100078,100,99853,100,100079,100,99841,100,100106,100,99669,100,100170,100,99632,100,100172,100,99598,100,100232,100,99549,100
2019-06-28 09:54:07.459750116,99951,287,99914,287,100023,287,99908,287,100056,100,99896,100,100059,100,99892,100,100078,100,99853,100,100079,100,99841,100,100106,100,99669,100,100170,100,99632,100,100172,100,99598,100,100232,100,99549,100
2019-06-28 09:54:10.000000000,99951,227,99914,227,100023,223,99908,223,100056,223,99896,223,100059,100,99892,100,100078,100,99853,100,100079,100,99841,100,100106,100,99669,100,100170,100,99632,100,100172,100,99598,100,100232,100,99549,100
2019-06-28 09:54:20.000000000,99951,175,99914,175,100023,175,99908,175,100056,175,99896,175,100059,175,99892,175,100078,175,99853,175,100079,100,99841,100,100106,100,99669,100,100170,100,99632,100,100172,100,99598,100,100232,100,99549,100
2019-06-28 09:54:22.146510809,99951,275,99914,175,100023,175,99908,175,100056,175,99896,175,100059,175,99892,175,100078,175,99853,175,100079,100,99841,100,100106,100,99669,100,100170,100,99632,100,100172,100,99598,100,100232,100,99549,100
2019-06-28 09:54:25.001924685,99951,375,99914,175,100023,175,99908,175,100056,175,99896,175,100059,175,99892,175,100078,175,99853,175,100079,100,99841,100,100106,100,99669,100,100170,100,99632,100,100172,100,99598,100,100232,100,99549,100
2019-06-28 09:54:30.000000000,99951,375,99914,175,100023,175,99908,175,100056,175,99896,175,100059,175,99892,175,100078,175,99853,175,100079,100,99841,100,100106,100,99669,100,100170,100,99632,100,100172,100,99598,100,100232,100,99549,100
2019-06-28 09:54:31.456727250,99951,375,99914,175,100023,175,99908,175,100056,175,99896,175,100059,175,99892,175,100078,175,99853,175,100079,100,99841,100,100106,100,99669,100,100170,100,99632,100,100172,100,99598,100,100232,100,99549,100
2019-06-28 09:54:32.457714884,99951,375,99914,175,100023,175,99908,175,100056,175,99896,175,100059,175,99892,175,100078,175,99853,175,100079,100,99841,100,100106,100,99669,100,100170,100,99632,100,100172,100,99598,100,100232,100,99549,100
2019-06-28 09:54:38.641534286,99951,375,99914,75,100023,175,99908,175,100056,175,99896,175,100059,175,99892,175,100078,175,99853,175,100079,100,99841,100,100170,100,99669,100,100172,100,99632,100,100232,100,99598,100,100316,100,99549,100
2019-06-28 09:54:40.000000000,99951,394,99908,194,100023,194,99896,194,100056,194,99892,194,100059,194,99853,194,100078,100,99841,100,100079,100,99669,100,100170,100,99632,100,100172,100,99598,100,100232,100,99549,100,100316,100,99483,100
2019-06-28 09:54:50.000000000,99951,394,99908,194,100023,194,99896,194,100056,194,99892,194,100059,194,99853,194,100078,100,99841,100,100079,100,99669,100,100170,100,99632,100,100172,100,99598,100,100232,100,99549,100,100316,100,99483,100
2019-06-28 09:55:00.000000000,99951,427,99908,227,100023,223,99896,223,100056,223,99892,223,100059,100,99853,100,100078,100,99841,100,100079,100,99669,100,100170,100,99632,100,100172,100,99598,100,100232,100,99549,100,100316,100,99483,100
2019-06-28 09:55:08.186370937,99951,427,99908,127,100023,223,99896,223,100056,223,99892,223,100059,100,99853,100,100078,100,99841,100,100079,100,99669,100,100170,100,99632,100,100172,100,99549,100,100232,100,99483,100,100316,100,99464,100
2019-06-28 09:55:10.000000000,99951,674,99896,474,100023,100,99892,100,100056,100,99853,100,100059,100,99841,100,100078,100,99669,100,100079,100,99632,100,100170,100,99549,100,100172,100,99483,100,100232,100,99464,100,100316,100,99405,100
2019-06-28 09:55:13.542564009,99951,674,99896,374,100023,100,99892,100,100056,100,99853,100,100059,100,99841,100,100078,100,99669,100,100079,100,99632,100,100170,100,99549,100,100172,100,99483,100,100232,100,99464,100,100316,100,99405,100
2019-06-28 09:55:17.058469324,99951,674,99896,374,100023,100,99892,100,100056,100,99853,100,100078,100,99841,100,100079,100,99669,100,100170,100,99632,100,100172,100,99549,100,100232,100,99483,100,100316,100,99464,100,100861,100,99405,100
2019-06-28 09:55:20.000000000,99951,487,99892,287,100023,287,99853,287,100056,100,99841,100,100078,100,99669,100,100079,100,99632,100,100170,100,99549,100,100172,100,99483,100,100232,100,99464,100,100316,100,99405,100,100861,100,99394,100
2019-06-28 09:55:30.000000000,99951,375,99892,175,100023,175,99853,175,100056,175,99841,175,100078,175,99669,175,100079,175,99632,175,100170,100,99549,100,100172,100,99483,100,100232,100,99464,100,100316,100,99405,100,100861,100,99394,100
2019-06-28 09:55:31.226429755,99908,100,99892,175,99951,275,99853,175,100023,175,99841,175,100056,175,99669,175,100078,175,99632,175,100079,175,99549,100,100170,100,99483,100,100172,100,99464,100,100232,100,99405,100,100316,100,99394,100
2019-06-28 09:55:32.341533213,99908,200,99892,175,99951,275,99853,175,100023,175,99841,175,100056,175,99669,175,100078,175,99632,175,100079,175,99549,100,100170,100,99483,100,100172,100,99464,100,100232,100,99405,100,100316,100,99394,100
2019-06-28 09:55:40.000000000,99908,387,99892,287,99951,387,99853,287,100023,100,99841,100,100056,100,99669,100,100078,100,99632,100,100079,100,99549,100,100170,100,99483,100,100172,100,99464,100,100232,100,99405,100,100316,100,99394,100
2019-06-28 09:55:50.000000000,99908,327,99892,227,99951,323,99853,223,100023,223,99841,223,100056,100,99669,100,100078,100,99632,100,100079,100,99549,100,100170,100,99483,100,100172,100,99464,100,100232,100,99405,100,100316,100,99394,100
2019-06-28 09:55:58.186077853,99908,327,99892,127,99951,323,99853,223,100023,223,99841,223,100056,100,99669,100,100078,100,99632,100,100079,100,99549,100,100170,100,99483,100,100172,100,99464,100,100232,100,99405,100,100316,100,99394,100
2019-06-28 09:56:00.000000000,99908,574,99853,474,99951,200,99841,100,100023,100,99669,100,100056,100,99632,100,100078,100,99549,100,100079,100,99483,100,100170,100,99464,100,100172,100,99405,100,100232,100,99394,100,100316,100,99371,100
2019-06-28 09:56:03.431195694,99896,100,99853,474,99908,574,99841,100,99951,200,99669,100,100023,100,99632,100,100056,100,99549,100,100078,100,99483,100,100079,100,99464,100,100170,100,99405,100,100172,100,99394,100,100232,100,99371,100
2019-06-28 09:56:10.000000000,99896,175,99853,175,99908,275,99841,175,99951,275,99669,175,100023,175,99632,175,100056,175,99549,175,100078,100,99483,100,100079,100,99464,100,100170,100,99405,100,100172,100,99394,100,100232,100,99371,100
2019-06-28 09:56:11.543585227,99896,175,99853,175,99908,275,99841,175,99951,275,99669,175,100023,175,99632,175,100056,175,99549,75,100078,100,99483,100,100079,100,99464,100,100170,100,99405,100,100172,100,99394,100,100232,100,99371,100
2019-06-28 09:56:20.000000000,99896,175,99853,175,99908,275,99841,175,99951,275,99669,175,100023,175,99632,175,100056,175,99483,175,100078,100,99464,100,100079,100,99405,100,100170,100,99394,100,100172,100,99371,100,100232,100,99324,100
2019-06-28 09:56:30.000000000,99896,175,99853,175,99908,275,99841,175,99951,275,99669,175,100023,175,99632,175,100056,175,99483,175,100078,100,99464,100,100079,100,99405,100,100170,100,99394,100,100172,100,99371,100,100232,100,99324,100
2019-06-28 09:56:30.724396978,99896,175,99853,175,99908,275,99841,175,99951,275,99669,175,100023,175,99632,175,100056,175,99483,175,100078,100,99464,100,100079,100,99405,100,100170,100,99394,100,100172,100,99371,100,100232,100,99324,100
2019-06-28 09:56:33.279690577,99853,25,99841,175,99896,175,99669,175,99908,275,99632,175,99951,275,99483,175,100023,175,99464,100,100056,175,99405,100,100078,100,99394,100,100079,100,99371,100,100170,100,99324,100,100172,100,98915,100
2019-06-28 09:56:35.551090685,99853,25,99841,175,99896,175,99669,175,99908,275,99632,175,99951,275,99483,175,100023,175,99464,100,100056,175,99405,100,100078,100,99394,100,100170,100,99371,100,100172,100,99324,100,100232,100,98915,100
2019-06-28 09:56:39.381590528,99853,25,99841,175,99896,175,99669,175,99908,275,99632,175,99951,275,99483,175,100023,175,99464,100,100056,175,99405,100,100078,100,99394,100,100170,100,99371,100,100172,100,99324,100,100232,100,98948,100
2019-06-28 09:56:40.000000000,99853,100,99841,175,99896,175,99669,175,99908,275,99632,175,99951,275,99483,175,100023,175,99464,175,100056,100,99405,100,100078,100,99394,100,100170,100,99371,100,100172,100,99324,100,100232,100,98948,100
2019-06-28 09:56:50.000000000,99853,119,99841,194,99896,194,99669,194,99908,294,99632,194,99951,294,99483,194,100023,100,99464,100,100056,100,99405,100,100078,100,99394,100,100170,100,99371,100,100172,100,99324,100,100232,100,98948,100
2019-06-28 09:56:54.789292273,99853,119,99841,194,99896,194,99669,194,99908,294,99632,194,99951,294,99483,194,100023,100,99464,100,100056,100,99405,100,100078,100,99394,100,100170,100,99371,100,100172,100,99324,100,100232,100,98948,100
2019-06-28 09:56:55.107086555,99853,119,99841,94,99896,194,99669,194,99908,294,99632,194,99951,294,99483,194,100023,100,99464,100,100056,100,99405,100,100078,100,99394,100,100170,100,99371,100,100172,100,99324,100,100232,100,98948,100
2019-06-28 09:57:00.000000000,99853,119,99669,194,99896,194,99632,194,99908,294,99483,194,99951,294,99464,194,100023,100,99405,100,100056,100,99394,100,100078,100,99371,100,100170,100,99324,100,100172,100,98948,100,100232,100,98915,100
2019-06-28 09:57:10.000000000,99853,100,99669,175,99896,175,99632,175,99908,275,99483,175,99951,275,99464,175,100023,175,99405,175,100056,100,99394,100,100078,100,99371,100,100170,100,99324,100,100172,100,98948,100,100232,100,98915,100
2019-06-28 09:57:20.000000000,99853,152,99669,227,99896,223,99632,223,99908,323,99483,223,99951,200,99464,100,100023,100,99405,100,100056,100,99394,100,100078,100,99371,100,100170,100,99324,100,100172,100,98948,100,100232,100,98915,100
2019-06-28 09:57:24.033159763,99853,152,99669,227,99896,223,99632,223,99908,323,99483,223,99951,200,99464,100,100023,100,99405,100,100056,100,99394,100,100078,100,99371,100,100170,100,99324,100,100172,100,98948,100,100232,100,98915,100
2019-06-28 09:57:26.521467081,99853,152,99669,127,99896,223,99632,223,99908,323,99483,223,99951,200,99464,100,100023,100,99405,100,100056,100,99394,100,100078,100,99371,100,100170,100,99324,100,100172,100,98948,100,100232,100,98915,100
2019-06-28 09:57:30.000000000,99853,152,99632,227,99896,223,99483,223,99908,323,99464,223,99951,200,99405,100,100023,100,99394,100,100056,100,99371,100,100078,100,99324,100,100170,100,98948,100,100172,100,98915,100,100232,100,98905,100
2019-06-28 09:57:40.000000000,99853,100,99632,175,99896,175,99483,175,99908,275,99464,175,99951,275,99405,175,100023,175,99394,175,100056,100,99371,100,100078,100,99324,100,100170,100,98948,100,100172,100,98915,100,100232,100,98905,100
2019-06-28 09:57:50.000000000,99853,119,99632,194,99896,194,99483,194,99908,294,99464,194,99951,294,99405,194,100023,100,99394,100,100056,100,99371,100,100078,100,99324,100,100170,100,98948,100,100172,100,98915,100,100232,100,98905,100
2019-06-28 09:58:00.000000000,99853,100,99632,175,99896,175,99483,175,99908,275,99464,175,99951,275,99405,175,100023,175,99394,175,100056,100,99371,100,100078,100,99324,100,100170,100,98948,100,100172,100,98915,100,100232,100,98905,100
2019-06-28 09:58:02.779680462,99853,100,99632,175,99896,175,99483,175,99908,275,99464,175,99951,275,99405,175,100023,175,99394,175,100056,100,99371,100,100078,100,99324,100,100170,100,99238,100,100172,100,98948,100,100232,100,98915,100
2019-06-28 09:58:09.486561369,99841,100,99632,175,99853,100,99483,175,99896,175,99464,175,99908,275,99405,175,99951,275,99394,175,100023,175,99371,100,100056,100,99324,100,100078,100,99238,100,100170,100,98948,100,100172,100,98915,100
2019-06-28 09:58:10.000000000,99841,194,99632,194,99853,119,99483,194,99896,194,99464,194,99908,294,99405,194,99951,200,99394,100,100023,100,99371,100,100056,100,99324,100,100078,100,99238,100,100170,100,98948,100,100172,100,98915,100
2019-06-28 09:58:20.000000000,99841,175,99632,175,99853,100,99483,175,99896,175,99464,175,99908,275,99405,175,99951,275,99394,175,100023,100,99371,100,100056,100,99324,100,100078,100,99238,100,100170,100,98948,100,100172,100,98915,100
2019-06-28 09:58:30.000000000,99841,194,99632,194,99853,119,99483,194,99896,194,99464,194,99908,294,99405,194,99951,200,99394,100,100023,100,99371,100,100056,100,99324,100,100078,100,99238,100,100170,100,98948,100,100172,100,98915,100
2019-06-28 09:58:40.000000000,99841,287,99632,287,99853,212,99483,287,99896,100,99464,100,99908,200,99405,100,99951,200,99394,100,100023,100,99371,100,100056,100,99324,100,100078,100,99238,100,100170,100,98948,100,100172,100,98915,100
2019-06-28 09:58:41.363972270,99841,287,99632,187,99853,212,99483,287,99896,100,99464,100,99908,200,99405,100,99951,200,99394,100,100023,100,99371,100,100056,100,99324,100,100078,100,99238,100,100170,100,98948,100,100172,100,98915,100
2019-06-28 09:58:50.000000000,99841,474,99483,474,99853,25,99464,100,99896,100,99405,100,99908,200,99394,100,99951,200,99371,100,100023,100,99324,100,100056,100,99238,100,100078,100,98948,100,100170,100,98915,100,100172,100,98905,100
2019-06-28 09:59:00.000000000,99841,175,99483,175,99853,100,99464,175,99896,175,99405,175,99908,275,99394,175,99951,275,99371,175,100023,100,99324,100,100056,100,99238,100,100078,100,98948,100,100170,100,98915,100,100172,100,98905,100
2019-06-28 09:59:10.000000000,99841,175,99483,175,99853,100,99464,175,99896,175,99405,175,99908,275,99394,175,99951,275,99371,175,100023,100,99324,100,100056,100,99238,100,100078,100,98948,100,100170,100,98915,100,100172,100,98905,100
2019-06-28 09:59:20.000000000,99841,227,99483,227,99853,148,99464,223,99896,223,99405,223,99908,200,99394,100,99951,200,99371,100,100023,100,99324,100,100056,100,99238,100,100078,100,98948,100,100170,100,98915,100,100172,100,98905,100
2019-06-28 09:59:30.000000000,99841,287,99483,287,99853,212,99464,287,99896,100,99405,100,99908,200,99394,100,99951,200,99371,100,100023,100,99324,100,100056,100,99238,100,100078,100,98948,100,100170,100,98915,100,100172,100,98905,100
2019-06-28 09:59:35.876538225,99841,287,99483,287,99853,187,99464,287,99896,100,99405,100,99908,200,99394,100,99951,200,99371,100,100023,100,99365,100,100056,100,99324,100,100078,100,99238,100,100170,100,98948,100,100172,100,98915,100
2019-06-28 09:59:40.000000000,99841,474,99483,474,99896,100,99464,100,99908,200,99405,100,99951,200,99394,100,100023,100,99371,100,100056,100,99365,100,100078,100,99324,100,100170,100,99238,100,100172,100,98948,100,100232,100,98915,100
2019-06-28 09:59:46.675418994,99841,474,99483,474,99896,100,99464,100,99908,200,99405,100,99951,200,99394,100,100023,100,99371,100,100078,100,99365,100,100170,100,99324,100,100172,100,99238,100,100232,100,98948,100,100316,100,98915,100
2019-06-28 09:59:50.000000000,99841,227,99483,227,99896,223,99464,223,99908,323,99405,223,99951,200,99394,100,100023,100,99371,100,100078,100,99365,100,100170,100,99324,100,100172,100,99238,100,100232,100,98948,100,100316,100,98915,100
2019-06-28 10:00:00.000000000,99841,194,99483,194,99896,194,99464,194,99908,294,99405,194,99951,294,99394,194,100023,100,99371,100,100078,100,99365,100,100170,100,99324,100,100172,100,99238,100,100232,100,98948,100,100316,100,98915,100
2019-06-28 10:00:10.000000000,99841,194,99483,194,99896,194,99464,194,99908,294,99405,194,99951,294,99394,194,100023,100,99371,100,100078,100,99365,100,100170,100,99324,100,100172,100,99238,100,100232,100,98948,100,100316,100,98915,100
2019-06-28 10:00:16.385561201,99841,194,99483,194,99896,194,99464,194,99908,294,99405,194,99951,294,99394,194,100023,100,99371,100,100078,100,99365,100,100172,100,99324,100,100232,100,99238,100,100316,100,98948,100,100861,100,98915,100
2019-06-28 10:00:20.000000000,99841,474,99483,474,99896,100,99464,100,99908,200,99405,100,99951,200,99394,100,100023,100,99371,100,100078,100,99365,100,100172,100,99324,100,100232,100,99238,100,100316,100,98948,100,100861,100,98915,100
2019-06-28 10:00:26.713762740,99841,474,99483,474,99896,100,99464,100,99908,100,99405,100,99951,200,99394,100,100023,100,99371,100,100078,100,99365,100,100172,100,99324,100,100232,100,99238,100,100316,100,98948,100,100861,100,98915,100
2019-06-28 10:00:30.000000000,99841,194,99483,194,99896,194,99464,194,99908,194,99405,194,99951,294,99394,194,100023,100,99371,100,100078,100,99365,100,100172,100,99324,100,100232,100,99238,100,100316,100,98948,100,100861,100,98915,100
2019-06-28 10:00:39.743827812,99841,194,99483,194,99896,194,99464,194,99908,194,99405,194,99951,294,99394,194,100023,100,99371,100,100078,100,99365,100,100172,100,99324,100,100232,100,99238,100,100316,100,98965,100,100861,100,98948,100
2019-06-28 10:00:40.000000000,99841,175,99483,175,99896,175,99464,175,99908,175,99405,175,99951,275,99394,175,100023,175,99371,175,100078,100,99365,100,100172,100,99324,100,100232,100,99238,100,100316,100,98965,100,100861,100,98948,100
2019-06-28 10:00:50.000000000,99841,474,99483,474,99896,100,99464,100,99908,100,99405,100,99951,200,99394,100,100023,100,99371,100,100078,100,99365,100,100172,100,99324,100,100232,100,99238,100,100316,100,98965,100,100861,100,98948,100
2019-06-28 10:01:00.000000000,99841,474,99483,474,99896,100,99464,100,99908,100,99405,100,99951,200,99394,100,100023,100,99371,100,100078,100,99365,100,100172,100,99324,100,100232,100,99238,100,100316,100,98965,100,100861,100,98948,100
2019-06-28 10:01:00.706409963,99841,474,99483,474,99896,100,99464,100,99908,100,99405,100,99951,200,99394,100,100023,100,99371,100,100078,100,99365,100,100172,100,99324,100,100232,100,99238,100,100316,100,98965,100,,,98948,100
2019-06-28 10:01:10.000000000,99841,474,99483,474,99896,100,99464,100,99908,100,99405,100,99951,200,99394,100,100023,100,99371,100,100078,100,99365,100,100172,100,99324,100,100232,100,99238,100,100316,100,98965,100,,,98948,100
2019-06-28 10:01:17.537283369,99841,474,99483,474,99896,100,99464,100,99908,100,99405,100,99951,200,99394,100,100023,100,99371,100,100078,100,99365,100,100172,100,99324,100,100232,100,99238,100,100316,100,98986,100,,,98965,100
2019-06-28 10:01:20.000000000,99841,287,99483,287,99896,287,99464,287,99908,100,99405,100,99951,200,99394,100,100023,100,99371,100,100078,100,99365,100,100172,100,99324,100,100232,100,99238,100,100316,100,98986,100,,,98965,100
2019-06-28 10:01:25.471668037,99841,287,99483,287,99896,287,99464,287,99908,100,99405,100,99951,200,99394,100,100023,100,99371,100,100078,100,99365,100,100172,100,99238,100,100232,100,99008,100,100316,100,98986,100,,,98965,100
2019-06-28 10:01:28.228315573,99669,100,99483,287,99841,287,99464,287,99896,287,99405,100,99908,100,99394,100,99951,200,99371,100,100023,100,99365,100,100078,100,99238,100,100172,100,99008,100,100232,100,98986,100,100316,100,98965,100
2019-06-28 10:01:30.000000000,99669,227,99483,227,99841,223,99464,223,99896,223,99405,223,99908,100,99394,100,99951,200,99371,100,100023,100,99365,100,100078,100,99238,100,100172,100,99008,100,100232,100,98986,100,100316,100,98965,100
2019-06-28 10:01:40.000000000,99669,287,99483,287,99841,287,99464,287,99896,100,99405,100,99908,100,99394,100,99951,200,99371,100,100023,100,99365,100,100078,100,99238,100,100172,100,99008,100,100232,100,98986,100,100316,100,98965,100
2019-06-28 10:01:44.847997358,99669,287,99483,287,99841,287,99464,287,99896,100,99405,100,99908,100,99394,100,99951,200,99371,100,100023,100,99365,100,100078,100,99238,100,100172,100,99025,100,100232,100,99008,100,100316,100,98986,100
2019-06-28 10:01:50.000000000,99669,227,99483,227,99841,223,99464,223,99896,223,99405,223,99908,100,99394,100,99951,200,99371,100,100023,100,99365,100,100078,100,99238,100,100172,100,99025,100,100232,100,99008,100,100316,100,98986,100
2019-06-28 10:02:00.000000000,99669,474,99483,474,99841,100,99464,100,99896,100,99405,100,99908,100,99394,100,99951,200,99371,100,100023,100,99365,100,100078,100,99238,100,100172,100,99025,100,100232,100,99008,100,100316,100,98986,100
2019-06-28 10:02:10.000000000,99669,474,99483,474,99841,100,99464,100,99896,100,99405,100,99908,100,99394,100,99951,200,99371,100,100023,100,99365,100,100078,100,99238,100,100172,100,99025,100,100232,100,99008,100,100316,100,98986,100
2019-06-28 10:02:20.000000000,99669,474,99483,474,99841,100,99464,100,99896,100,99405,100,99908,100,99394,100,99951,200,99371,100,100023,100,99365,100,100078,100,99238,100,100172,100,99025,100,100232,100,99008,100,100316,100,98986,100
2019-06-28 10:02:26.667373090,99669,474,99483,474,99785,100,99464,100,99841,100,99405,100,99896,100,99394,100,99908,100,99371,100,99951,200,99365,100,100023,100,99238,100,100078,100,99025,100,100172,100,99008,100,100232,100,98986,100
2019-06-28 10:02:30.000000000,99669,287,99483,287,99785,287,99464,287,99841,100,99405,100,99896,100,99394,100,99908,100,99371,100,99951,200,99365,100,100023,100,99238,100,100078,100,99025,100,100172,100,99008,100,100232,100,98986,100
2019-06-28 10:02:40.000000000,99669,175,99483,175,99785,175,99464,175,99841,175,99405,175,99896,175,99394,175,99908,175,99371,175,99951,200,99365,100,100023,100,99238,100,100078,100,99025,100,100172,100,99008,100,100232,100,98986,100
2019-06-28 10:02:44.864053172,99669,75,99483,175,99785,175,99464,175,99841,175,99405,175,99896,175,99394,175,99908,175,99371,175,99951,200,99365,100,100023,100,99238,100,100078,100,99025,100,100172,100,99008,100,100232,100,98986,100
2019-06-28 10:02:50.000000000,99785,175,99483,175,99841,175,99464,175,99896,175,99405,175,99908,175,99394,175,99951,275,99371,175,100023,100,99365,100,100078,100,99238,100,100172,100,99025,100,100232,100,99008,100,100316,100,98986,100
2019-06-28 10:03:00.000000000,99785,194,99483,194,99841,194,99464,194,99896,194,99405,194,99908,194,99394,194,99951,200,99371,100,100023,100,99365,100,100078,100,99238,100,100172,100,99025,100,100232,100,99008,100,100316,100,98986,100
2019-06-28 10:03:04.856247341,99785,194,99483,194,99841,194,99464,194,99896,194,99405,194,99908,194,99394,194,99951,200,99371,100,100010,100,99365,100,100023,100,99238,100,100078,100,99025,100,100172,100,99008,100,100232,100,98986,100
2019-06-28 10:03:10.000000000,99785,474,99483,474,99841,100,99464,100,99896,100,99405,100,99908,100,99394,100,99951,200,99371,100,100010,100,99365,100,100023,100,99238,100,100078,100,99025,100,100172,100,99008,100,100232,100,98986,100
2019-06-28 10:03:14.882093019,99785,474,99483,474,99841,100,99464,100,99896,100,99405,100,99908,100,99394,100,99951,200,99371,100,100010,100,99365,100,100023,100,99238,100,100078,100,99025,100,100172,100,99008,100,100232,100,98986,100
2019-06-28 10:03:20.000000000,99785,227,99483,227,99841,223,99464,223,99896,223,99405,223,99908,100,99394,100,99951,200,99371,100,100010,100,99365,100,100023,100,99238,100,100078,100,99025,100,100172,100,99008,100,100232,100,98986,100
2019-06-28 10:03:30.000000000,99785,227,99483,227,99841,223,99464,223,99896,223,99405,223,99908,100,99394,100,99951,200,99371,100,100010,100,99365,100,100023,100,99238,100,100078,100,99025,100,100172,100,99008,100,100232,100,98986,100
2019-06-28 10:03:40.000000000,99785,194,99483,194,99841,194,99464,194,99896,194,99405,194,99908,194,99394,194,99951,200,99371,100,100010,100,99365,100,100023,100,99238,100,100078,100,99025,100,100172,100,99008,100,100232,100,98986,100
2019-06-28 10:03:50.000000000,99785,194,99483,194,99841,194,99464,194,99896,194,99405,194,99908,194,99394,194,99951,200,99371,100,100010,100,99365,100,100023,100,99238,100,100078,100,99025,100,100172,100,99008,100,100232,100,98986,100
2019-06-28 10:03:50.586779146,99668,100,99483,194,99785,194,99464,194,99841,194,99405,194,99896,194,99394,194,99908,194,99371,100,99951,200,99365,100,100010,100,99238,100,100023,100,99025,100,100078,100,99008,100,100172,100,98986,100
2019-06-28 10:03:52.728764608,99632,100,99483,194,99668,100,99464,194,99785,194,99405,194,99841,194,99394,194,99896,194,99371,100,99908,194,99365,100,99951,200,99238,100,100010,100,99025,100,100023,100,99008,100,100078,100,98986,100
2019-06-28 10:03:54.245468759,99632,100,99483,194,99668,100,99464,194,99785,194,99417,100,99841,194,99405,194,99896,194,99394,194,99908,194,99371,100,99951,200,99365,100,100010,100,99238,100,100023,100,99025,100,100078,100,99008,100
2019-06-28 10:04:00.000000000,99632,287,99483,287,99668,287,99464,287,99785,100,99417,100,99841,100,99405,100,99896,100,99394,100,99908,100,99371,100,99951,200,99365,100,100010,100,99238,100,100023,100,99025,100,100078,100,99008,100
2019-06-28 10:04:05.779453701,99632,287,99629,100,99668,287,99483,287,99785,100,99464,287,99841,100,99417,100,99896,100,99405,100,99908,100,99394,100,99951,200,99371,100,100010,100,99365,100,100023,100,99238,100,100078,100,99025,100
2019-06-28 10:04:10.000000000,99632,194,99629,194,99668,194,99483,194,99785,194,99464,194,99841,194,99417,194,99896,100,99405,100,99908,100,99394,100,99951,200,99371,100,100010,100,99365,100,100023,100,99238,100,100078,100,99025,100
2019-06-28 10:04:19.100312195,99632,194,99629,194,99668,294,99483,194,99785,194,99464,194,99841,94,99417,194,99896,100,99405,100,99908,100,99394,100,99951,200,99371,100,100010,100,99365,100,100023,100,99238,100,100078,100,99025,100
2019-06-28 10:04:20.000000000,99632,175,99629,175,99668,275,99483,175,99785,175,99464,175,99896,175,99417,175,99908,175,99405,175,99951,200,99394,100,100010,100,99371,100,100023,100,99365,100,100078,100,99238,100,100172,100,99025,100
2019-06-28 10:04:30.000000000,99632,227,99629,227,99668,323,99483,223,99785,223,99464,223,99896,100,99417,100,99908,100,99405,100,99951,200,99394,100,100010,100,99371,100,100023,100,99365,100,100078,100,99238,100,100172,100,99025,100
2019-06-28 10:04:40.000000000,99632,287,99629,287,99668,387,99483,287,99785,100,99464,100,99896,100,99417,100,99908,100,99405,100,99951,200,99394,100,100010,100,99371,100,100023,100,99365,100,100078,100,99238,100,100172,100,99025,100
2019-06-28 10:04:40.199197393,99632,187,99629,287,99668,387,99483,287,99785,100,99464,100,99896,100,99417,100,99908,100,99405,100,99951,200,99394,100,100010,100,99371,100,100023,100,99365,100,100078,100,99238,100,100172,100,99025,100
2019-06-28 10:04:50.000000000,99668,275,99629,175,99785,175,99483,175,99896,175,99464,175,99908,175,99417,175,99951,275,99405,175,100010,100,99394,100,100023,100,99371,100,100078,100,99365,100,100172,100,99238,100,100232,100,99025,100
2019-06-28 10:04:52.357964484,99668,275,99629,175,99785,175,99483,175,99896,175,99464,175,99908,175,99417,175,99951,275,99405,175,100010,100,99394,100,100023,100,99371,100,100078,100,99365,100,100094,100,99238,100,100172,100,99025,100
2019-06-28 10:05:00.000000000,99668,327,99629,227,99785,223,99483,223,99896,223,99464,223,99908,100,99417,100,99951,200,99405,100,100010,100,99394,100,100023,100,99371,100,100078,100,99365,100,100094,100,99238,100,100172,100,99025,100
2019-06-28 10:05:03.067504224,99668,327,99629,227,99785,223,99483,223,99896,223,99464,223,99908,100,99417,100,99951,200,99405,100,99954,100,99394,100,100010,100,99371,100,100023,100,99365,100,100078,100,99238,100,100094,100,99025,100
2019-06-28 10:05:10.000000000,99668,327,99629,227,99785,223,99483,223,99896,223,99464,223,99908,100,99417,100,99951,200,99405,100,99954,100,99394,100,100010,100,99371,100,100023,100,99365,100,100078,100,99238,100,100094,100,99025,100
2019-06-28 10:05:19.188865419,99668,227,99629,227,99785,223,99483,223,99896,223,99464,223,99908,100,99417,100,99951,200,99405,100,99954,100,99394,100,100010,100,99371,100,100023,100,99365,100,100078,100,99238,100,100094,100,99025,100
2019-06-28 10:05:20.000000000,99668,175,99629,175,99785,175,99483,175,99896,175,99464,175,99908,175,99417,175,99951,275,99405,175,99954,100,99394,100,100010,100,99371,100,100023,100,99365,100,100078,100,99238,100,100094,100,99025,100
2019-06-28 10:05:30.000000000,99668,227,99629,227,99785,223,99483,223,99896,223,99464,223,99908,100,99417,100,99951,200,99405,100,99954,100,99394,100,100010,100,99371,100,100023,100,99365,100,100078,100,99238,100,100094,100,99025,100
2019-06-28 10:05:31.740753359,99668,227,99632,100,99785,223,99629,227,99896,223,99483,223,99908,100,99464,223,99951,100,99417,100,99954,100,99405,100,100010,100,99394,100,100023,100,99371,100,100078,100,99365,100,100094,100,99238,100
2019-06-28 10:05:40.000000000,99668,474,99632,474,99785,100,99629,100,99896,100,99483,100,99908,100,99464,100,99951,100,99417,100,99954,100,99405,100,100010,100,99394,100,100023,100,99371,100,100078,100,99365,100,100094,100,99238,100
2019-06-28 10:05:40.081965511,99668,474,99632,574,99785,100,99629,100,99896,100,99483,100,99908,100,99464,100,99951,100,99417,100,99954,100,99405,100,100010,100,99394,100,100023,100,99371,100,100078,100,99365,100,100094,100,99238,100
2019-06-28 10:05:50.000000000,99668,175,99632,275,99785,175,99629,175,99896,175,99483,175,99908,175,99464,175,99951,175,99417,175,99954,100,99405,100,100010,100,99394,100,100023,100,99371,100,100078,100,99365,100,100094,100,99238,100
2019-06-28 10:06:00.000000000,99668,194,99632,294,99785,194,99629,194,99896,194,99483,194,99908,194,99464,194,99951,100,99417,100,99954,100,99405,100,100010,100,99394,100,100023,100,99371,100,100078,100,99365,100,100094,100,99238,100
2019-06-28 10:06:00.595820729,99668,94,99632,294,99785,194,99629,194,99896,194,99483,194,99908,194,99464,194,99951,100,99417,100,99954,100,99405,100,100010,100,99394,100,100023,100,99371,100,100078,100,99365,100,100094,100,99238,100
2019-06-28 10:06:08.268203969,99785,194,99668,6,99896,194,99632,294,99908,194,99629,194,99951,100,99483,194,99954,100,99464,194,100010,100,99417,100,100023,100,99405,100,100078,100,99394,100,100094,100,99371,100,100172,100,99365,100
2019-06-28 10:06:10.000000000,99785,227,99668,133,99896,223,99632,323,99908,223,99629,223,99951,100,99483,100,99954,100,99464,100,100010,100,99417,100,100023,100,99405,100,100078,100,99394,100,100094,100,99371,100,100172,100,99365,100
2019-06-28 10:06:19.850651919,99785,227,99668,133,99896,223,99632,323,99908,223,99629,223,99951,100,99483,100,99954,100,99464,100,99969,100,99417,100,100010,100,99405,100,100023,100,99394,100,100078,100,99371,100,100094,100,99365,100
2019-06-28 10:06:20.000000000,99785,194,99668,100,99896,194,99632,294,99908,194,99629,194,99951,194,99483,194,99954,100,99464,100,99969,100,99417,100,100010,100,99405,100,100023,100,99394,100,100078,100,99371,100,100094,100,99365,100
2019-06-28 10:06:22.193950394,99896,194,99785,6,99908,194,99668,100,99951,194,99632,294,99954,100,99629,194,99969,100,99483,194,100010,100,99464,100,100023,100,99417,100,100078,100,99405,100,100094,100,99394,100,100172,100,99371,100
2019-06-28 10:06:27.903613143,99896,194,99785,6,99908,194,99668,100,99940,100,99632,294,99951,194,99629,194,99954,100,99483,194,99969,100,99464,100,100010,100,99417,100,100023,100,99405,100,100078,100,99394,100,100094,100,99371,100
2019-06-28 10:06:30.000000000,99896,194,99785,100,99908,194,99668,100,99940,194,99632,294,99951,194,99629,194,99954,100,99483,100,99969,100,99464,100,100010,100,99417,100,100023,100,99405,100,100078,100,99394,100,100094,100,99371,100
2019-06-28 10:06:35.612072895,99896,194,99785,100,99908,194,99668,100,99940,194,99632,294,99951,194,99629,194,99954,100,99483,100,99969,100,99464,100,100023,100,99417,100,100078,100,99405,100,100094,100,99394,100,100172,100,99371,100
2019-06-28 10:06:40.000000000,99896,287,99785,193,99908,287,99668,193,99940,100,99632,200,99951,100,99629,100,99954,100,99483,100,99969,100,99464,100,100023,100,99417,100,100078,100,99405,100,100094,100,99394,100,100172,100,99371,100
2019-06-28 10:06:50.000000000,99896,287,99785,193,99908,287,99668,193,99940,100,99632,200,99951,100,99629,100,99954,100,99483,100,99969,100,99464,100,100023,100,99417,100,100078,100,99405,100,100094,100,99394,100,100172,100,99371,100
2019-06-28 10:07:00.000000000,99896,287,99785,193,99908,287,99668,193,99940,100,99632,200,99951,100,99629,100,99954,100,99483,100,99969,100,99464,100,100023,100,99417,100,100078,100,99405,100,100094,100,99394,100,100172,100,99371,100
2019-06-28 10:07:00.738548606,99896,287,99785,193,99908,287,99668,193,99940,100,99632,200,99951,100,99629,100,99954,100,99483,100,99969,100,99464,100,100023,100,99417,100,100078,100,99405,100,100094,100,99394,100,100130,100,99371,100
2019-06-28 10:07:08.658067702,99896,287,99785,193,99908,287,99668,193,99940,100,99632,200,99951,100,99629,100,99954,100,99483,100,99969,100,99464,100,100001,100,99417,100,100023,100,99405,100,100078,100,99394,100,100094,100,99371,100
2019-06-28 10:07:10.000000000,99896,194,99785,100,99908,194,99668,100,99940,194,99632,294,99951,194,99629,194,99954,100,99483,100,99969,100,99464,100,100001,100,99417,100,100023,100,99405,100,100078,100,99394,100,100094,100,99371,100
2019-06-28 10:07:11.618399879,99896,194,99785,100,99908,194,99780,100,99940,194,99668,100,99951,194,99632,294,99954,100,99629,194,99969,100,99483,100,100001,100,99464,100,100023,100,99417,100,100078,100,99405,100,100094,100,99394,100
2019-06-28 10:07:20.000000000,99896,287,99785,193,99908,287,99780,287,99940,100,99668,6,99951,100,99632,200,99954,100,99629,100,99969,100,99483,100,100001,100,99464,100,100023,100,99417,100,100078,100,99405,100,100094,100,99394,100
2019-06-28 10:07:30.000000000,99896,287,99785,193,99908,287,99780,287,99940,100,99668,6,99951,100,99632,200,99954,100,99629,100,99969,100,99483,100,100001,100,99464,100,100023,100,99417,100,100078,100,99405,100,100094,100,99394,100
2019-06-28 10:07:31.631353528,99896,287,99785,193,99908,287,99780,287,99918,100,99668,6,99940,100,99632,200,99951,100,99629,100,99954,100,99483,100,99969,100,99464,100,100001,100,99417,100,100023,100,99405,100,100078,100,99394,100
2019-06-28 10:07:36.760588996,99896,287,99878,100,99908,287,99785,193,99918,100,99780,287,99940,100,99668,6,99951,100,99632,200,99954,100,99629,100,99969,100,99483,100,100001,100,99464,100,100023,100,99417,100,100078,100,99405,100
2019-06-28 10:07:37.498736195,99896,287,99878,100,99908,287,99822,100,99940,100,99785,193,99951,100,99780,287,99954,100,99668,6,99969,100,99632,200,100001,100,99629,100,100023,100,99483,100,100078,100,99464,100,100094,100,99417,100
2019-06-28 10:07:40.000000000,99896,227,99878,227,99908,223,99822,223,99940,223,99785,129,99951,100,99780,100,99954,100,99668,6,99969,100,99632,200,100001,100,99629,100,100023,100,99483,100,100078,100,99464,100,100094,100,99417,100
2019-06-28 10:07:50.000000000,99896,474,99878,474,99908,100,99822,100,99940,100,99785,6,99951,100,99780,100,99954,100,99668,6,99969,100,99632,200,100001,100,99629,100,100023,100,99483,100,100078,100,99464,100,100094,100,99417,100
2019-06-28 10:07:51.821294010,99896,474,99878,374,99908,100,99822,100,99940,100,99785,6,99951,100,99780,100,99954,100,99668,6,99969,100,99632,200,100001,100,99629,100,100023,100,99483,100,100078,100,99464,100,100094,100,99417,100
2019-06-28 10:07:54.259915089,99896,474,99878,374,99908,100,99822,100,99940,100,99780,100,99951,100,99668,6,99954,100,99632,200,99969,100,99629,100,100001,100,99526,100,100023,100,99483,100,100078,100,99464,100,100094,100,99417,100
2019-06-28 10:08:00.000000000,99896,227,99822,227,99908,223,99780,223,99940,223,99668,129,99951,100,99632,200,99954,100,99629,100,99969,100,99526,100,100001,100,99483,100,100023,100,99464,100,100078,100,99417,100,100094,100,99405,100
