,ask_price_1,ask_size_1,bid_price_1,bid_size_1,ask_price_2,ask_size_2,bid_price_2,bid_size_2,ask_price_3,ask_size_3,bid_price_3,bid_size_3,ask_price_4,ask_size_4,bid_price_4,bid_size_4,ask_price_5,ask_size_5,bid_price_5,bid_size_5,ask_price_6,ask_size_6,bid_price_6,bid_size_6,ask_price_7,ask_size_7,bid_price_7,bid_size_7,ask_price_8,ask_size_8,bid_price_8,bid_size_8,ask_price_9,ask_size_9,bid_price_9,bid_size_9,ask_price_10,ask_size_10,bid_price_10,bid_size_10
2019-06-28 09:30:00.000000000,,,99767,100,,,,,,,,,,,,,,,,,,,,,,,,,,,,,,,,,,,,
2019-06-28 09:30:00.000000001,,,99963,100,,,99767,100,,,,,,,,,,,,,,,,,,,,,,,,,,,,,,,,
2019-06-28 09:30:00.000000002,,,99963,100,,,99936,100,,,99767,100,,,,,,,,,,,,,,,,,,,,,,,,,,,,
2019-06-28 09:30:00.000000003,100018,100,99963,100,,,99936,100,,,99767,100,,,,,,,,,,,,,,,,,,,,,,,,,,,,
2019-06-28 09:30:00.000000004,99992,100,99963,100,100018,100,99936,100,100088,100,99767,100,,,,,,,,,,,,,,,,,,,,,,,,,,,,
2019-06-28 09:30:00.000000005,99992,100,99936,100,100018,100,99767,100,100088,100,,,100111,100,,,,,,,,,,,,,,,,,,,,,,,,,,
2019-06-28 09:30:00.000000008,99992,100,99936,100,100018,100,99901,100,100088,100,99858,100,100111,100,99767,100,,,,,,,,,,,,,,,,,,,,,,,,
2019-06-28 09:30:00.000000011,99992,100,99936,100,100018,100,99901,100,100088,100,99889,100,100111,100,99858,100,,,99767,100,,,,,,,,,,,,,,,,,,,,
2019-06-28 09:30:00.000000015,99992,100,99936,100,100018,100,99901,100,100064,100,99889,100,100088,100,99858,100,100111,100,99767,100,,,,,,,,,,,,,,,,,,,,
2019-06-28 09:30:00.000000017,99992,100,99936,100,100018,100,99901,100,100064,100,99889,100,100088,100,99858,100,100105,100,99767,100,100111,100,,,,,,,,,,,,,,,,,,
2019-06-28 09:30:00.000000018,100018,100,99936,100,100064,100,99901,100,100088,100,99889,100,100105,100,99858,100,100111,100,99767,100,,,,,,,,,,,,,,,,,,,,
2019-06-28 09:30:00.000000022,100064,100,99936,100,100088,100,99901,100,100105,100,99889,100,100111,100,99858,100,100122,100,99767,100,,,,,,,,,,,,,,,,,,,,
2019-06-28 09:30:00.000000025,100064,100,99936,100,100088,100,99901,100,100105,100,99889,100,100111,100,99858,100,100122,100,99767,100,100215,100,,,,,,,,,,,,,,,,,,
2019-06-28 09:30:00.000000026,100018,100,99936,100,100064,100,99901,100,100088,100,99889,100,100105,100,99858,100,100111,100,99767,100,100122,100,,,100215,100,,,,,,,,,,,,,,
2019-06-28 09:30:00.000000027,100018,100,99936,100,100064,100,99911,100,100088,100,99901,100,100105,100,99889,100,100111,100,99858,100,100122,100,99767,100,100215,100,,,,,,,,,,,,,,
2019-06-28 09:30:00.000000028,100064,100,99948,100,100088,100,99936,100,100105,100,99911,100,100111,100,99901,100,100122,100,99889,100,100215,100,99858,100,,,99767,100,,,,,,,,,,,,
2019-06-28 09:30:00.000000029,100018,100,99948,100,100064,100,99936,100,100088,100,99911,100,100105,100,99901,100,100111,100,99889,100,100122,100,99858,100,100177,100,99767,100,100215,100,,,,,,,,,,
2019-06-28 09:30:00.000000032,100018,100,99948,100,100064,100,99936,100,100088,100,99925,100,100105,100,99911,100,100111,100,99901,100,100122,100,99889,100,100177,100,99858,100,100215,100,99767,100,,,,,,,,
2019-06-28 09:30:00.000000035,100018,100,99995,100,100064,100,99948,100,100088,100,99936,100,100105,100,99925,100,100111,100,99911,100,100122,100,99901,100,100177,100,99889,100,100215,100,99858,100,,,99767,100,,,,
2019-06-28 09:30:00.000000036,100018,200,99995,100,100064,100,99948,100,100088,100,99936,100,100105,100,99925,100,100111,100,99911,100,100122,100,99901,100,100177,100,99889,100,100215,100,99858,100,,,99767,100,,,,
2019-06-28 09:30:00.000000037,100018,200,99995,100,100064,100,99948,100,100088,100,99937,100,100101,100,99936,100,100105,100,99925,100,100111,100,99911,100,100122,100,99901,100,100177,100,99889,100,100215,100,99858,100,,,99767,100
2019-06-28 09:30:00.000000038,100018,200,99995,100,100064,100,99948,100,100088,100,99937,100,100095,100,99936,100,100101,100,99925,100,100105,100,99911,100,100111,100,99901,100,100122,100,99889,100,100177,100,99858,100,100215,100,99767,100
2019-06-28 09:30:00.000000043,100018,200,99995,100,100034,100,99948,100,100064,100,99937,100,100081,100,99936,100,100088,100,99925,100,100095,100,99911,100,100101,100,99901,100,100105,100,99889,100,100111,100,99858,100,100122,100,99767,100
2019-06-28 09:30:00.000000044,100018,200,99995,100,100034,100,99948,100,100064,100,99937,100,100081,100,99936,100,100088,100,99925,100,100095,100,99911,100,100101,100,99901,100,100105,100,99889,100,100111,100,99858,100,100122,100,99767,100
2019-06-28 09:30:00.000000045,100018,200,99995,100,100034,100,99948,100,100064,100,99937,100,100081,100,99936,100,100088,100,99925,100,100091,100,99911,100,100095,100,99901,100,100101,100,99889,100,100105,100,99858,100,100111,100,99767,100
2019-06-28 09:30:00.000000051,100018,200,99995,100,100034,100,99951,100,100064,100,99948,100,100081,100,99937,100,100088,100,99936,100,100091,100,99925,100,100095,100,99911,100,100101,100,99901,100,100105,100,99889,100,100111,100,99858,100
2019-06-28 09:30:00.000000052,100018,200,99995,100,100034,100,99951,100,100064,100,99948,100,100081,100,99937,100,100088,100,99936,100,100091,100,99925,100,100095,100,99911,100,100101,100,99901,100,100105,100,99890,100,100111,100,99889,100
2019-06-28 09:30:00.000000054,100018,200,99995,100,100034,100,99951,100,100064,100,99948,100,100081,100,99937,100,100088,100,99936,200,100091,100,99925,100,100095,100,99911,100,100101,100,99901,100,100105,100,99890,100,100111,100,99889,100
2019-06-28 09:30:00.000000055,100018,200,99995,100,100034,100,99966,100,100064,100,99951,100,100081,100,99948,100,100088,100,99937,100,100091,100,99936,200,100095,100,99925,100,100101,100,99911,100,100105,100,99901,100,100111,100,99890,100
2019-06-28 09:30:00.000000057,100018,300,99995,100,100034,100,99966,100,100064,100,99951,100,100081,100,99948,100,100088,100,99937,100,100091,100,99936,200,100095,100,99925,100,100101,100,99911,100,100105,100,99901,100,100111,100,99890,100
2019-06-28 09:30:00.000000062,100018,200,99995,100,100034,100,99966,100,100064,100,99951,100,100081,100,99948,100,100088,100,99937,100,100091,100,99936,200,100095,100,99925,100,100101,100,99911,100,100105,100,99901,100,100111,100,99890,100
2019-06-28 09:30:00.000000063,100018,100,99995,100,100034,100,99970,100,100064,100,99966,100,100081,100,99951,100,100088,100,99948,100,100091,100,99937,100,100095,100,99936,200,100101,100,99925,100,100105,100,99911,100,100111,100,99901,100
2019-06-28 09:30:00.000000065,100017,100,99995,100,100018,100,99970,100,100034,100,99966,100,100064,100,99951,100,100081,100,99948,100,100088,100,99937,100,100091,100,99936,200,100095,100,99925,100,100101,100,99911,100,100105,100,99901,100
2019-06-28 09:30:00.000000067,100018,100,99995,100,100034,100,99970,100,100064,100,99966,100,100081,100,99951,100,100088,100,99948,100,100091,100,99937,100,100095,100,99936,200,100101,100,99925,200,100105,100,99911,100,100111,100,99901,100
2019-06-28 09:30:00.000000068,100018,100,99995,100,100034,100,99970,100,100064,100,99966,100,100081,100,99951,100,100088,100,99948,100,100091,100,99937,100,100095,100,99936,200,100101,100,99925,200,100105,100,99911,100,100111,100,99901,100
2019-06-28 09:30:00.000000072,100018,100,99995,100,100034,100,99970,100,100052,100,99966,100,100064,100,99951,100,100081,100,99948,100,100088,100,99937,100,100091,100,99936,200,100095,100,99925,200,100101,100,99911,100,100105,100,99901,100
2019-06-28 09:30:00.000000075,100018,100,100017,100,100034,100,99995,100,100052,100,99970,100,100064,100,99966,100,100081,100,99951,100,100088,100,99948,100,100091,100,99937,100,100095,100,99936,200,100101,100,99925,200,100105,100,99921,100
2019-06-28 09:30:00.000000078,100018,100,99995,100,100034,100,99970,100,100052,100,99966,100,100064,100,99951,100,100081,100,99948,100,100088,100,99937,100,100091,100,99936,200,100095,100,99925,200,100101,100,99921,100,100102,100,99911,100
2019-06-28 09:30:00.000000080,100018,100,99995,100,100034,100,99970,100,100046,100,99966,100,100052,100,99951,100,100064,100,99948,100,100081,100,99937,100,100088,100,99936,200,100091,100,99925,200,100095,100,99921,100,100101,100,99911,100
2019-06-28 09:30:00.000000081,100018,100,100017,100,100034,100,99995,100,100046,100,99970,100,100052,100,99966,100,100064,100,99951,100,100081,100,99948,100,100088,100,99937,100,100091,100,99936,200,100095,100,99925,200,100101,100,99921,100
2019-06-28 09:30:00.000000082,100018,100,100017,100,100034,100,99995,100,100046,100,99970,100,100052,100,99966,100,100064,200,99951,100,100081,100,99948,100,100088,100,99937,100,100091,100,99936,200,100095,100,99925,200,100101,100,99921,100
2019-06-28 09:30:00.000000085,100018,100,100017,100,100034,100,99995,100,100046,100,99970,100,100052,100,99966,100,100064,200,99951,100,100081,100,99948,100,100088,100,99937,100,100091,100,99936,200,100095,100,99925,200,100101,100,99921,100
2019-06-28 09:30:00.000000087,100018,100,100017,100,100034,100,99995,100,100046,100,99970,100,100052,100,99966,100,100064,200,99951,100,100081,100,99948,100,100082,100,99937,100,100088,100,99936,200,100091,100,99925,200,100095,100,99921,100
2019-06-28 09:30:00.000000088,100018,100,100017,100,100034,100,99995,100,100046,100,99970,100,100052,100,99966,100,100064,200,99951,100,100081,100,99948,100,100082,100,99937,100,100088,100,99936,200,100091,100,99925,200,100095,100,99921,100
2019-06-28 09:30:00.000000091,100018,100,100017,200,100034,100,99995,100,100046,100,99970,100,100052,100,99966,100,100064,200,99951,100,100081,100,99948,100,100082,100,99937,100,100088,100,99936,200,100091,100,99925,200,100095,100,99921,100
2019-06-28 09:30:00.000000094,100018,100,100017,100,100034,100,99995,100,100046,100,99970,100,100052,100,99966,100,100064,200,99951,100,100081,100,99948,100,100082,100,99937,100,100088,100,99936,200,100091,100,99925,200,100095,100,99921,100
2019-06-28 09:30:00.000000095,100018,100,100017,100,100034,100,99995,100,100046,100,99970,100,100052,100,99966,100,100060,100,99951,100,100064,200,99948,100,100081,100,99937,100,100082,100,99936,200,100088,100,99925,200,100091,100,99921,100
2019-06-28 09:30:00.000000097,100018,100,99995,100,100034,100,99970,100,100046,100,99966,100,100052,100,99951,100,100060,100,99948,100,100064,200,99937,100,100081,100,99936,200,100082,100,99925,200,100088,100,99921,100,100091,100,99911,100
2019-06-28 09:30:10.000000000,100018,219,99995,219,100034,215,99970,215,100046,215,99966,215,100052,100,99951,100,100060,100,99948,100,100064,200,99937,100,100081,100,99936,200,100082,100,99925,200,100088,100,99921,100,100091,100,99911,100
2019-06-28 09:30:11.655956848,100018,219,99995,119,100034,215,99970,215,100046,215,99966,215,100052,100,99951,100,100060,100,99948,100,100064,200,99937,100,100081,100,99936,200,100082,100,99925,200,100088,100,99921,100,100091,100,99901,100
2019-06-28 09:30:17.921610769,100018,219,99995,19,100034,215,99970,215,100046,215,99966,215,100052,100,99951,100,100060,100,99948,100,100064,200,99937,100,100081,100,99936,200,100082,100,99925,200,100088,100,99921,100,100091,100,99901,100
2019-06-28 09:30:20.000000000,100018,274,99970,274,100034,274,99966,274,100046,100,99951,100,100052,100,99948,100,100060,100,99937,100,100064,200,99936,200,100081,100,99925,200,100082,100,99921,100,100088,100,99901,100,100091,100,99890,100
2019-06-28 09:30:30.000000000,100018,219,99970,219,100034,215,99966,215,100046,215,99951,215,100052,100,99948,100,100060,100,99937,100,100064,200,99936,200,100081,100,99925,200,100082,100,99921,100,100088,100,99901,100,100091,100,99890,100
2019-06-28 09:30:40.000000000,100018,274,99970,274,100034,274,99966,274,100046,100,99951,100,100052,100,99948,100,100060,100,99937,100,100064,200,99936,200,100081,100,99925,200,100082,100,99921,100,100088,100,99901,100,100091,100,99890,100
2019-06-28 09:30:50.000000000,100018,187,99970,187,100034,187,99966,187,100046,187,99951,187,100052,187,99948,187,100060,100,99937,100,100064,200,99936,200,100081,100,99925,200,100082,100,99921,100,100088,100,99901,100,100091,100,99890,100
2019-06-28 09:30:58.361376611,100018,187,99970,187,100034,187,99966,187,100046,187,99951,187,100052,187,99948,187,100060,100,99937,100,100064,200,99936,200,100081,100,99925,200,100082,100,99921,100,100088,100,99890,100,100091,100,99889,100
2019-06-28 09:31:00.000000000,100018,187,99970,187,100034,187,99966,187,100046,187,99951,187,100052,187,99948,187,100060,100,99937,100,100064,200,99936,200,100081,100,99925,200,100082,100,99921,100,100088,100,99890,100,100091,100,99889,100
2019-06-28 09:31:10.000000000,100018,187,99970,187,100034,187,99966,187,100046,187,99951,187,100052,187,99948,187,100060,100,99937,100,100064,200,99936,200,100081,100,99925,200,100082,100,99921,100,100088,100,99890,100,100091,100,99889,100
2019-06-28 09:31:17.847343501,100018,187,99970,87,100034,187,99966,187,100046,187,99951,187,100052,187,99948,187,100060,100,99937,100,100064,200,99936,200,100082,100,99925,200,100088,100,99921,100,100091,100,99890,100,100095,100,99889,100
2019-06-28 09:31:20.000000000,100018,449,99966,449,100034,100,99951,100,100046,100,99948,100,100052,100,99937,100,100060,100,99936,200,100064,200,99925,200,100082,100,99921,100,100088,100,99890,100,100091,100,99889,100,100095,100,99866,100
2019-06-28 09:31:23.040435127,100018,449,99966,349,100034,100,99951,100,100046,100,99948,100,100052,100,99937,100,100060,100,99936,200,100064,100,99925,200,100082,100,99921,100,100088,100,99890,100,100091,100,99889,100,100095,100,99866,100
2019-06-28 09:31:30.000000000,100018,219,99951,219,100034,215,99948,215,100046,215,99937,215,100052,100,99936,200,100060,100,99925,200,100064,100,99921,100,100082,100,99890,100,100088,100,99889,100,100091,100,99866,100,100095,100,99860,100
2019-06-28 09:31:40.000000000,100018,187,99951,187,100034,187,99948,187,100046,187,99937,187,100052,187,99936,287,100060,100,99925,200,100064,100,99921,100,100082,100,99890,100,100088,100,99889,100,100091,100,99866,100,100095,100,99860,100
2019-06-28 09:31:50.000000000,100018,219,99951,219,100034,215,99948,215,100046,215,99937,215,100052,100,99936,200,100060,100,99925,200,100064,100,99921,100,100082,100,99890,100,100088,100,99889,100,100091,100,99866,100,100095,100,99860,100
2019-06-28 09:31:56.506468207,100018,219,99951,219,100034,215,99948,215,100046,215,99937,215,100052,100,99936,200,100060,100,99925,200,100064,100,99921,100,100082,100,99890,100,100088,100,99889,100,100091,100,99866,100,100095,100,99860,100
2019-06-28 09:32:00.000000000,100018,187,99951,187,100034,187,99948,187,100046,187,99937,187,100052,187,99936,287,100060,100,99925,200,100064,100,99921,100,100082,100,99890,100,100088,100,99889,100,100091,100,99866,100,100095,100,99860,100
2019-06-28 09:32:10.000000000,100018,274,99951,274,100034,274,99948,274,100046,100,99937,100,100052,100,99936,200,100060,100,99925,200,100064,100,99921,100,100082,100,99890,100,100088,100,99889,100,100091,100,99866,100,100095,100,99860,100
2019-06-28 09:32:10.014775019,100018,274,99951,274,100034,274,99948,274,100046,100,99937,100,100052,100,99936,200,100060,100,99925,200,100064,100,99921,100,100082,100,99890,100,100088,100,99889,100,100091,100,99866,100,100095,100,99860,100
2019-06-28 09:32:11.880223946,100018,274,99951,174,100034,274,99948,174,100046,100,99937,100,100052,100,99936,200,100060,100,99925,200,100064,100,99921,100,100082,100,99890,100,100088,100,99889,100,100091,100,99866,100,100095,100,99860,100
2019-06-28 09:32:20.000000000,100018,274,99937,274,100034,274,99936,374,100046,100,99925,200,100052,100,99921,100,100060,100,99890,100,100064,100,99889,100,100082,100,99866,100,100088,100,99860,100,100091,100,99858,100,100095,100,99816,100
2019-06-28 09:32:21.668514848,100018,274,99937,174,100034,274,99936,374,100046,100,99925,200,100052,100,99921,100,100060,100,99890,100,100064,100,99889,100,100082,100,99866,100,100088,100,99860,100,100091,100,99858,100,100095,100,99816,100
2019-06-28 09:32:30.000000000,100018,219,99936,319,100034,215,99925,315,100046,215,99921,215,100052,100,99890,100,100060,100,99889,100,100064,100,99866,100,100082,100,99860,100,100088,100,99858,100,100091,100,99816,100,100095,100,99767,100
2019-06-28 09:32:40.000000000,100018,449,99936,549,100034,100,99925,200,100046,100,99921,100,100052,100,99890,100,100060,100,99889,100,100064,100,99866,100,100082,100,99860,100,100088,100,99858,100,100091,100,99816,100,100095,100,99767,100
2019-06-28 09:32:50.000000000,100018,449,99936,549,100034,100,99925,200,100046,100,99921,100,100052,100,99890,100,100060,100,99889,100,100064,100,99866,100,100082,100,99860,100,100088,100,99858,100,100091,100,99816,100,100095,100,99767,100
2019-06-28 09:33:00.000000000,100018,274,99936,374,100034,274,99925,374,100046,100,99921,100,100052,100,99890,100,100060,100,99889,100,100064,100,99866,100,100082,100,99860,100,100088,100,99858,100,100091,100,99816,100,100095,100,99767,100
2019-06-28 09:33:00.035461651,99951,100,99936,374,100018,274,99925,374,100034,274,99921,100,100046,100,99890,100,100052,100,99889,100,100060,100,99866,100,100064,100,99860,100,100082,100,99858,100,100088,100,99816,100,100091,100,99767,100
2019-06-28 09:33:06.153978835,99951,200,99936,374,100018,274,99925,374,100034,274,99921,100,100046,100,99890,100,100052,100,99889,100,100060,100,99866,100,100064,100,99860,100,100082,100,99858,100,100088,100,99816,100,100091,100,99767,100
2019-06-28 09:33:10.000000000,99951,549,99936,549,100018,100,99925,200,100034,100,99921,100,100046,100,99890,100,100052,100,99889,100,100060,100,99866,100,100064,100,99860,100,100082,100,99858,100,100088,100,99816,100,100091,100,99767,100
2019-06-28 09:33:20.000000000,99951,549,99936,549,100018,100,99925,200,100034,100,99921,100,100046,100,99890,100,100052,100,99889,100,100060,100,99866,100,100064,100,99860,100,100082,100,99858,100,100088,100,99816,100,100091,100,99767,100
2019-06-28 09:33:24.643117295,99951,549,99936,449,100018,100,99925,200,100034,100,99921,100,100046,100,99890,100,100052,100,99889,100,100060,100,99866,100,100064,100,99860,100,100082,100,99858,100,100088,100,99816,100,100091,100,99767,100
2019-06-28 09:33:27.175039229,99951,549,99936,449,100018,100,99925,200,100034,100,99921,100,100046,100,99890,100,100052,100,99889,100,100060,100,99866,100,100064,100,99860,100,100082,100,99858,100,100088,100,99816,100,100091,100,99342,100
2019-06-28 09:33:29.231236842,99937,100,99936,449,99951,549,99925,200,100018,100,99921,100,100034,100,99890,100,100046,100,99889,100,100052,100,99866,100,100060,100,99860,100,100064,100,99858,100,100082,100,99816,100,100088,100,99342,100
2019-06-28 09:33:30.000000000,99937,187,99936,187,99951,287,99925,287,100018,187,99921,187,100034,187,99890,187,100046,100,99889,100,100052,100,99866,100,100060,100,99860,100,100064,100,99858,100,100082,100,99816,100,100088,100,99342,100
2019-06-28 09:33:33.426097240,99937,187,99936,187,99951,287,99925,287,100018,187,99921,187,100034,187,99890,187,100046,100,99889,100,100052,100,99866,100,100060,100,99860,100,100064,100,99816,100,100082,100,99342,100,100088,100,98731,100
2019-06-28 09:33:40.000000000,99937,170,99936,170,99951,270,99925,270,100018,170,99921,170,100034,170,99890,170,100046,170,99889,170,100052,100,99866,100,100060,100,99860,100,100064,100,99816,100,100082,100,99342,100,100088,100,98731,100
2019-06-28 09:33:50.000000000,99937,219,99936,219,99951,315,99925,315,100018,215,99921,215,100034,100,99890,100,100046,100,99889,100,100052,100,99866,100,100060,100,99860,100,100064,100,99816,100,100082,100,99342,100,100088,100,98731,100
2019-06-28 09:34:00.000000000,99937,219,99936,219,99951,315,99925,315,100018,215,99921,215,100034,100,99890,100,100046,100,99889,100,100052,100,99866,100,100060,100,99860,100,100064,100,99816,100,100082,100,99342,100,100088,100,98731,100
2019-06-28 09:34:02.768609554,99937,219,99936,219,99951,315,99925,315,100018,215,99921,115,100034,100,99890,100,100046,100,99889,100,100052,100,99866,100,100060,100,99860,100,100064,100,99816,100,100082,100,99450,100,100088,100,99342,100
2019-06-28 09:34:10.000000000,99937,274,99936,274,99951,374,99925,374,100018,100,99890,100,100034,100,99889,100,100046,100,99866,100,100052,100,99860,100,100060,100,99816,100,100064,100,99450,100,100082,100,99342,100,100088,100,98731,100
2019-06-28 09:34:20.000000000,99937,170,99936,170,99951,270,99925,270,100018,170,99890,170,100034,170,99889,170,100046,170,99866,170,100052,100,99860,100,100060,100,99816,100,100064,100,99450,100,100082,100,99342,100,100088,100,98731,100
2019-06-28 09:34:30.000000000,99937,274,99936,274,99951,374,99925,374,100018,100,99890,100,100034,100,99889,100,100046,100,99866,100,100052,100,99860,100,100060,100,99816,100,100064,100,99450,100,100082,100,99342,100,100088,100,98731,100
2019-06-28 09:34:32.884770732,99937,274,99936,274,99951,374,99925,274,100018,100,99890,100,100034,100,99889,100,100046,100,99866,100,100052,100,99860,100,100060,100,99816,100,100064,100,99450,100,100082,100,99422,100,100088,100,99342,100
2019-06-28 09:34:40.000000000,99937,187,99936,187,99951,287,99925,187,100018,187,99890,187,100034,187,99889,187,100046,100,99866,100,100052,100,99860,100,100060,100,99816,100,100064,100,99450,100,100082,100,99422,100,100088,100,99342,100
2019-06-28 09:34:42.755590807,99937,187,99936,187,99951,287,99925,187,100018,187,99890,187,100034,187,99889,187,100046,100,99866,100,100052,100,99860,100,100060,100,99816,100,100064,100,99450,100,100082,100,99422,100,100088,100,99342,100
2019-06-28 09:34:50.000000000,99937,449,99936,449,99951,200,99925,100,100018,100,99890,100,100034,100,99889,100,100046,100,99866,100,100052,100,99860,100,100060,100,99816,100,100064,100,99450,100,100082,100,99422,100,100088,100,99342,100
2019-06-28 09:35:00.000000000,99937,187,99936,187,99951,287,99925,187,100018,187,99890,187,100034,187,99889,187,100046,100,99866,100,100052,100,99860,100,100060,100,99816,100,100064,100,99450,100,100082,100,99422,100,100088,100,99342,100
2019-06-28 09:35:10.000000000,99937,170,99936,170,99951,270,99925,170,100018,170,99890,170,100034,170,99889,170,100046,170,99866,170,100052,100,99860,100,100060,100,99816,100,100064,100,99450,100,100082,100,99422,100,100088,100,99342,100
2019-06-28 09:35:20.000000000,99937,170,99936,170,99951,270,99925,170,100018,170,99890,170,100034,170,99889,170,100046,170,99866,170,100052,100,99860,100,100060,100,99816,100,100064,100,99450,100,100082,100,99422,100,100088,100,99342,100
2019-06-28 09:35:24.073160512,99937,70,99936,170,99951,270,99925,170,100018,170,99890,170,100034,170,99889,170,100046,170,99866,170,100052,100,99860,100,100060,100,99816,100,100064,100,99450,100,100082,100,99422,100,100088,100,99342,100
2019-06-28 09:35:30.000000000,99951,319,99936,219,100018,215,99925,215,100034,215,99890,215,100046,100,99889,100,100052,100,99866,100,100060,100,99860,100,100064,100,99816,100,100082,100,99450,100,100088,100,99422,100,100091,100,99342,100
2019-06-28 09:35:40.000000000,99951,549,99936,449,100018,100,99925,100,100034,100,99890,100,100046,100,99889,100,100052,100,99866,100,100060,100,99860,100,100064,100,99816,100,100082,100,99450,100,100088,100,99422,100,100091,100,99342,100
2019-06-28 09:35:44.845967593,99951,549,99936,349,100018,100,99925,100,100034,100,99890,100,100046,100,99889,100,100052,100,99866,100,100060,100,99860,100,100064,100,99816,100,100082,100,99450,100,100088,100,99422,100,100091,100,99342,100
2019-06-28 09:35:50.000000000,99951,549,99925,449,100018,100,99890,100,100034,100,99889,100,100046,100,99866,100,100052,100,99860,100,100060,100,99816,100,100064,100,99450,100,100082,100,99422,100,100088,100,99342,100,100091,100,99201,100
2019-06-28 09:35:53.302448423,99936,100,99925,449,99951,549,99890,100,100018,100,99889,100,100034,100,99866,100,100046,100,99860,100,100052,100,99816,100,100060,100,99450,100,100064,100,99422,100,100082,100,99342,100,100088,100,99201,100
2019-06-28 09:36:00.000000000,99936,219,99925,219,99951,315,99890,215,100018,215,99889,215,100034,100,99866,100,100046,100,99860,100,100052,100,99816,100,100060,100,99450,100,100064,100,99422,100,100082,100,99342,100,100088,100,99201,100
2019-06-28 09:36:03.146577601,99936,219,99925,119,99951,315,99890,215,100018,215,99889,215,100034,100,99866,100,100046,100,99860,100,100052,100,99816,100,100060,100,99422,100,100064,100,99342,100,100082,100,99201,100,100088,100,98731,100
2019-06-28 09:36:10.000000000,99936,274,99890,274,99951,374,99889,274,100018,100,99866,100,100034,100,99860,100,100046,100,99816,100,100052,100,99422,100,100060,100,99342,100,100064,100,99201,100,100082,100,98731,100,100088,100,98682,100
2019-06-28 09:36:20.000000000,99936,274,99890,274,99951,374,99889,274,100018,100,99866,100,100034,100,99860,100,100046,100,99816,100,100052,100,99422,100,100060,100,99342,100,100064,100,99201,100,100082,100,98731,100,100088,100,98682,100
2019-06-28 09:36:30.000000000,99936,274,99890,274,99951,374,99889,274,100018,100,99866,100,100034,100,99860,100,100046,100,99816,100,100052,100,99422,100,100060,100,99342,100,100064,100,99201,100,100082,100,98731,100,100088,100,98682,100
2019-06-28 09:36:40.000000000,99936,274,99890,274,99951,374,99889,274,100018,100,99866,100,100034,100,99860,100,100046,100,99816,100,100052,100,99422,100,100060,100,99342,100,100064,100,99201,100,100082,100,98731,100,100088,100,98682,100
2019-06-28 09:36:50.000000000,99936,187,99890,187,99951,287,99889,187,100018,187,99866,187,100034,187,99860,187,100046,100,99816,100,100052,100,99422,100,100060,100,99342,100,100064,100,99201,100,100082,100,98731,100,100088,100,98682,100
2019-06-28 09:37:00.000000000,99936,449,99890,449,99951,200,99889,100,100018,100,99866,100,100034,100,99860,100,100046,100,99816,100,100052,100,99422,100,100060,100,99342,100,100064,100,99201,100,100082,100,98731,100,100088,100,98682,100
2019-06-28 09:37:00.984335315,99936,449,99890,449,99951,200,99889,100,100018,100,99866,100,100046,100,99860,100,100052,100,99816,100,100060,100,99422,100,100064,100,99342,100,100082,100,99201,100,100088,100,98731,100,100091,100,98682,100
2019-06-28 09:37:10.000000000,99936,170,99890,170,99951,270,99889,170,100018,170,99866,170,100046,170,99860,170,100052,170,99816,170,100060,100,99422,100,100064,100,99342,100,100082,100,99201,100,100088,100,98731,100,100091,100,98682,100
2019-06-28 09:37:20.000000000,99936,187,99890,187,99951,287,99889,187,100018,187,99866,187,100046,187,99860,187,100052,100,99816,100,100060,100,99422,100,100064,100,99342,100,100082,100,99201,100,100088,100,98731,100,100091,100,98682,100
2019-06-28 09:37:22.664983690,99936,187,99890,87,99951,287,99889,187,100018,187,99866,187,100046,187,99860,187,100052,100,99816,100,100060,100,99422,100,100064,100,99342,100,100082,100,99201,100,100088,100,98731,100,100091,100,98682,100
2019-06-28 09:37:26.274254855,99936,187,99890,87,99951,287,99889,187,100018,187,99866,187,100046,187,99860,187,100052,100,99678,100,100060,100,99422,100,100064,100,99342,100,100082,100,99201,100,100088,100,98731,100,100091,100,98682,100
2019-06-28 09:37:30.000000000,99936,170,99889,170,99951,270,99866,170,100018,170,99860,170,100046,170,99678,170,100052,170,99422,170,100060,100,99342,100,100064,100,99201,100,100082,100,98731,100,100088,100,98682,100,100091,100,,
2019-06-28 09:37:30.604319354,99925,100,99889,170,99936,170,99866,170,99951,270,99860,170,100018,170,99678,170,100046,170,99422,170,100052,170,99342,100,100060,100,99201,100,100064,100,98731,100,100082,100,98682,100,100088,100,,
2019-06-28 09:37:40.000000000,99925,219,99889,219,99936,215,99866,215,99951,315,99860,215,100018,100,99678,100,100046,100,99422,100,100052,100,99342,100,100060,100,99201,100,100064,100,98731,100,100082,100,98682,100,100088,100,,
2019-06-28 09:37:41.016438367,99925,219,99889,219,99936,215,99866,215,99951,215,99860,215,100018,100,99678,100,100046,100,99422,100,100052,100,99342,100,100060,100,99201,100,100064,100,98731,100,100082,100,98682,100,100088,100,,
2019-06-28 09:37:50.000000000,99925,187,99889,187,99936,187,99866,187,99951,187,99860,187,100018,187,99678,187,100046,100,99422,100,100052,100,99342,100,100060,100,99201,100,100064,100,98731,100,100082,100,98682,100,100088,100,,
2019-06-28 09:37:51.722434658,99925,187,99889,187,99936,187,99866,187,99951,187,99860,187,100018,187,99678,187,100046,100,99422,100,100052,100,99342,100,100060,100,99201,100,100064,100,98731,100,100082,100,98682,100,100088,100,,
2019-06-28 09:37:52.925822874,99925,187,99889,187,99936,187,99866,187,99951,187,99860,187,100018,187,99678,187,100046,100,99422,100,100052,100,99342,100,100060,100,98731,100,100064,100,98682,100,100080,100,,,100082,100,,
2019-06-28 09:37:55.938141868,99925,187,99889,187,99936,187,99866,187,99951,187,99860,187,100018,187,99678,187,100046,100,99422,100,100052,100,99342,100,100060,100,98731,100,100064,100,98682,100,100080,100,,,100082,100,,
2019-06-28 09:38:00.000000000,99925,449,99889,449,99936,100,99866,100,99951,100,99860,100,100018,100,99678,100,100046,100,99422,100,100052,100,99342,100,100060,100,98731,100,100064,100,98682,100,100080,100,,,100082,100,,
2019-06-28 09:38:03.165233952,99925,349,99889,449,99936,100,99866,100,99951,100,99860,100,100018,100,99678,100,100046,100,99422,100,100052,100,99342,100,100060,100,98731,100,100064,100,98682,100,100080,100,,,100082,100,,
2019-06-28 09:38:08.191594329,99925,349,99889,449,99936,100,99866,100,99951,100,99860,100,100018,100,99678,100,100046,100,99422,100,100052,100,99342,100,100060,100,98731,100,100064,100,98682,100,100080,100,,,100082,100,,
2019-06-28 09:38:10.000000000,99936,274,99889,274,99951,274,99866,274,100018,100,99860,100,100046,100,99678,100,100052,100,99422,100,100060,100,99342,100,100064,100,98731,100,100080,100,98682,100,100082,100,,,100088,100,,
2019-06-28 09:38:20.000000000,99936,187,99889,187,99951,187,99866,187,100018,187,99860,187,100046,187,99678,187,100052,100,99422,100,100060,100,99342,100,100064,100,98731,100,100080,100,98682,100,100082,100,,,100088,100,,
2019-06-28 09:38:29.676968871,99936,187,99889,87,99951,187,99866,187,100018,187,99860,187,100046,187,99678,187,100052,100,99422,100,100060,100,99342,100,100064,100,98731,100,100080,100,98682,100,100082,100,,,100088,100,,
2019-06-28 09:38:30.000000000,99936,274,99866,274,99951,274,99860,274,100018,100,99678,100,100046,100,99422,100,100052,100,99342,100,100060,100,98731,100,100064,100,98682,100,100080,100,,,100082,100,,,100088,100,,
2019-06-28 09:38:30.854514593,99924,100,99866,274,99936,274,99860,274,99951,274,99678,100,100018,100,99422,100,100046,100,99342,100,100052,100,98731,100,100060,100,98682,100,100064,100,,,100080,100,,,100082,100,,
2019-06-28 09:38:40.000000000,99924,449,99866,449,99936,100,99860,100,99951,100,99678,100,100018,100,99422,100,100046,100,99342,100,100052,100,98731,100,100060,100,98682,100,100064,100,,,100080,100,,,100082,100,,
2019-06-28 09:38:50.000000000,99924,170,99866,170,99936,170,99860,170,99951,170,99678,170,100018,170,99422,170,100046,170,99342,170,100052,100,98731,100,100060,100,98682,100,100064,100,,,100080,100,,,100082,100,,
2019-06-28 09:38:55.949619768,99924,170,99866,170,99936,170,99860,170,99951,170,99678,170,100018,170,99422,170,100046,170,99342,170,100052,100,98731,100,100060,100,98682,100,100061,100,,,100064,100,,,100080,100,,
2019-06-28 09:39:00.000000000,99924,187,99866,187,99936,187,99860,187,99951,187,99678,187,100018,187,99422,187,100046,100,99342,100,100052,100,98731,100,100060,100,98682,100,100061,100,,,100064,100,,,100080,100,,
2019-06-28 09:39:00.358845707,99924,187,99866,187,99936,187,99860,187,99951,187,99678,187,100018,187,99422,187,100046,100,99342,100,100052,100,98731,100,100060,100,98682,100,100061,100,,,100064,100,,,100080,100,,
2019-06-28 09:39:10.000000000,99924,449,99866,449,99936,100,99860,100,99951,100,99678,100,100018,100,99422,100,100046,100,99342,100,100052,100,98731,100,100060,100,98682,100,100061,100,,,100064,100,,,100080,100,,
2019-06-28 09:39:11.462761780,99924,449,99890,100,99936,100,99866,449,99951,100,99860,100,100018,100,99422,100,100046,100,99342,100,100052,100,98731,100,100060,100,98682,100,100061,100,,,100064,100,,,100080,100,,
2019-06-28 09:39:20.000000000,99924,170,99890,170,99936,170,99866,170,99951,170,99860,170,100018,170,99422,170,100046,170,99342,170,100052,100,98731,100,100060,100,98682,100,100061,100,,,100064,100,,,100080,100,,
2019-06-28 09:39:30.000000000,99924,274,99890,274,99936,274,99866,274,99951,100,99860,100,100018,100,99422,100,100046,100,99342,100,100052,100,98731,100,100060,100,98682,100,100061,100,,,100064,100,,,100080,100,,
2019-06-28 09:39:40.000000000,99924,219,99890,219,99936,215,99866,215,99951,215,99860,215,100018,100,99422,100,100046,100,99342,100,100052,100,98731,100,100060,100,98682,100,100061,100,,,100064,100,,,100080,100,,
2019-06-28 09:39:41.833927798,99924,119,99890,219,99936,215,99866,215,99951,215,99860,115,100018,100,99422,100,100046,100,99342,100,100052,100,98731,100,100060,100,98682,100,100061,100,,,100064,100,,,100080,100,,
2019-06-28 09:39:50.000000000,99936,219,99890,219,99951,215,99866,215,100018,215,99422,215,100046,100,99342,100,100052,100,98731,100,100060,100,98682,100,100061,100,,,100064,100,,,100080,100,,,100082,100,,
2019-06-28 09:39:53.100696788,99936,219,99890,219,99951,215,99866,115,99997,100,99422,215,100018,215,99342,100,100046,100,98731,100,100052,100,98682,100,100060,100,,,100061,100,,,100064,100,,,100080,100,,
2019-06-28 09:40:00.000000000,99936,187,99890,187,99951,187,99422,187,99997,187,99342,187,100018,187,98731,187,100046,100,98682,100,100052,100,,,100060,100,,,100061,100,,,100064,100,,,100080,100,,
2019-06-28 09:40:10.000000000,99936,449,99890,449,99951,100,99422,100,99997,100,99342,100,100018,100,98731,100,100046,100,98682,100,100052,100,,,100060,100,,,100061,100,,,100064,100,,,100080,100,,
2019-06-28 09:40:20.000000000,99936,187,99890,187,99951,187,99422,187,99997,187,99342,187,100018,187,98731,187,100046,100,98682,100,100052,100,,,100060,100,,,100061,100,,,100064,100,,,100080,100,,
2019-06-28 09:40:30.000000000,99936,449,99890,449,99951,100,99422,100,99997,100,99342,100,100018,100,98731,100,100046,100,98682,100,100052,100,,,100060,100,,,100061,100,,,100064,100,,,100080,100,,
2019-06-28 09:40:35.980489537,99936,449,99890,449,99951,100,99571,100,100018,100,99422,100,100046,100,99342,100,100052,100,98731,100,100060,100,98682,100,100061,100,,,100064,100,,,100080,100,,,100082,100,,
2019-06-28 09:40:40.000000000,99936,449,99890,449,99951,100,99571,100,100018,100,99422,100,100046,100,99342,100,100052,100,98731,100,100060,100,98682,100,100061,100,,,100064,100,,,100080,100,,,100082,100,,
2019-06-28 09:40:50.000000000,99936,187,99890,187,99951,187,99571,187,100018,187,99422,187,100046,187,99342,187,100052,100,98731,100,100060,100,98682,100,100061,100,,,100064,100,,,100080,100,,,100082,100,,
2019-06-28 09:41:00.000000000,99936,170,99890,170,99951,170,99571,170,100018,170,99422,170,100046,170,99342,170,100052,170,98731,170,100060,100,98682,100,100061,100,,,100064,100,,,100080,100,,,100082,100,,
2019-06-28 09:41:10.000000000,99936,187,99890,187,99951,187,99571,187,100018,187,99422,187,100046,187,99342,187,100052,100,98731,100,100060,100,98682,100,100061,100,,,100064,100,,,100080,100,,,100082,100,,
2019-06-28 09:41:18.839267163,99936,187,99890,187,99951,187,99571,187,100018,187,99422,187,100046,87,99342,187,100052,100,99295,100,100060,100,98731,100,100061,100,98682,100,100064,100,,,100080,100,,,100082,100,,
2019-06-28 09:41:20.000000000,99936,274,99890,274,99951,274,99571,274,100018,100,99422,100,100052,100,99342,100,100060,100,99295,100,100061,100,98731,100,100064,100,98682,100,100080,100,,,100082,100,,,100091,100,,
2019-06-28 09:41:30.000000000,99936,187,99890,187,99951,187,99571,187,100018,187,99422,187,100052,187,99342,187,100060,100,99295,100,100061,100,98731,100,100064,100,98682,100,100080,100,,,100082,100,,,100091,100,,
2019-06-28 09:41:32.809355054,99923,100,99890,187,99936,187,99571,187,99951,187,99422,187,100018,187,99342,187,100052,187,99295,100,100060,100,98731,100,100061,100,98682,100,100064,100,,,100080,100,,,100082,100,,
2019-06-28 09:41:40.000000000,99923,187,99890,187,99936,187,99571,187,99951,187,99422,187,100018,187,99342,187,100052,100,99295,100,100060,100,98731,100,100061,100,98682,100,100064,100,,,100080,100,,,100082,100,,
2019-06-28 09:41:50.000000000,99923,170,99890,170,99936,170,99571,170,99951,170,99422,170,100018,170,99342,170,100052,170,99295,170,100060,100,98731,100,100061,100,98682,100,100064,100,,,100080,100,,,100082,100,,
2019-06-28 09:42:00.000000000,99923,187,99890,187,99936,187,99571,187,99951,187,99422,187,100018,187,99342,187,100052,100,99295,100,100060,100,98731,100,100061,100,98682,100,100064,100,,,100080,100,,,100082,100,,
2019-06-28 09:42:10.000000000,99923,219,99890,219,99936,215,99571,215,99951,215,99422,215,100018,100,99342,100,100052,100,99295,100,100060,100,98731,100,100061,100,98682,100,100064,100,,,100080,100,,,100082,100,,
2019-06-28 09:42:20.000000000,99923,449,99890,449,99936,100,99571,100,99951,100,99422,100,100018,100,99342,100,100052,100,99295,100,100060,100,98731,100,100061,100,98682,100,100064,100,,,100080,100,,,100082,100,,
2019-06-28 09:42:23.849189816,99923,449,99890,349,99936,100,99571,100,99951,100,99422,100,100018,100,99342,100,100052,100,99295,100,100060,100,98731,100,100061,100,98682,100,100064,100,,,100080,100,,,100082,100,,
2019-06-28 09:42:26.883348612,99923,449,99890,249,99936,100,99571,100,99951,100,99422,100,100018,100,99342,100,100052,100,99295,100,100060,100,98731,100,100061,100,98682,100,100080,100,,,100082,100,,,100091,100,,
2019-06-28 09:42:30.000000000,99923,449,99571,449,99936,100,99422,100,99951,100,99342,100,100018,100,99295,100,100052,100,98731,100,100060,100,98682,100,100061,100,,,100080,100,,,100082,100,,,100091,100,,
2019-06-28 09:42:31.042769188,99923,449,99571,349,99936,100,99422,100,99951,100,99342,100,100018,100,99295,100,100052,100,98731,100,100060,100,98682,100,100061,100,,,100080,100,,,100082,100,,,100091,100,,
2019-06-28 09:42:35.789274260,99923,349,99571,349,99936,100,99422,100,99951,100,99342,100,100018,100,99295,100,100052,100,98731,100,100060,100,98682,100,100061,100,,,100080,100,,,100082,100,,,100091,100,,
2019-06-28 09:42:37.774782999,99923,349,99571,349,99936,100,99422,100,99951,100,99342,100,100018,100,99295,100,100052,100,99029,100,100060,100,98731,100,100061,100,98682,100,100080,100,,,100082,100,,,100091,100,,
2019-06-28 09:42:40.000000000,99936,170,99422,170,99951,170,99342,170,100018,170,99295,170,100052,170,99029,170,100060,170,98731,170,100061,100,98682,100,100080,100,,,100082,100,,,100091,100,,,100095,100,,
2019-06-28 09:42:49.049592336,99936,170,99422,70,99951,170,99342,170,100018,170,99295,170,100052,170,99029,170,100060,170,98731,70,100061,100,98682,100,100080,100,,,100082,100,,,100091,100,,,100095,100,,
2019-06-28 09:42:50.000000000,99936,187,99342,187,99951,187,99295,187,100018,187,99029,187,100052,187,98682,187,100060,100,,,100061,100,,,100080,100,,,100082,100,,,100091,100,,,100095,100,,
2019-06-28 09:42:54.689628941,99571,100,99342,187,99936,187,99295,187,99951,187,99029,187,100018,187,98682,187,100052,187,,,100060,100,,,100061,100,,,100080,100,,,100082,100,,,100091,100,,
2019-06-28 09:43:00.000000000,99571,274,99342,274,99936,274,99295,274,99951,100,99029,100,100018,100,98682,100,100052,100,,,100060,100,,,100061,100,,,100080,100,,,100082,100,,,100091,100,,
2019-06-28 09:43:10.000000000,99571,219,99342,219,99936,215,99295,215,99951,215,99029,215,100018,100,98682,100,100052,100,,,100060,100,,,100061,100,,,100080,100,,,100082,100,,,100091,100,,
2019-06-28 09:43:20.000000000,99571,449,99342,449,99936,100,99295,100,99951,100,99029,100,100018,100,98682,100,100052,100,,,100060,100,,,100061,100,,,100080,100,,,100082,100,,,100091,100,,
2019-06-28 09:43:29.955062174,99571,449,99342,349,99936,100,99295,100,99951,100,99029,100,100018,100,98682,100,100052,100,,,100060,100,,,100061,100,,,100080,100,,,100082,100,,,100091,100,,
2019-06-28 09:43:30.000000000,99571,274,99295,274,99936,274,99029,274,99951,100,98682,100,100018,100,,,100052,100,,,100060,100,,,100061,100,,,100080,100,,,100082,100,,,100091,100,,
2019-06-28 09:43:31.504089222,99571,274,99343,100,99936,274,99295,274,99951,100,99029,274,100018,100,98682,100,100052,100,,,100060,100,,,100061,100,,,100080,100,,,100082,100,,,100091,100,,
2019-06-28 09:43:34.731790782,99571,274,99343,100,99936,274,99295,274,99951,100,99029,274,100018,100,98682,100,100052,100,,,100060,100,,,100061,100,,,100080,100,,,100082,100,,,100091,100,,
2019-06-28 09:43:40.000000000,99571,170,99343,170,99936,170,99295,170,99951,170,99029,170,100018,170,98682,170,100052,170,98681,70,100060,100,,,100061,100,,,100080,100,,,100082,100,,,100091,100,,
2019-06-28 09:43:40.303196129,99571,170,99343,70,99936,170,99295,170,99951,170,99029,170,100018,170,98682,170,100052,170,98681,70,100060,100,,,100061,100,,,100080,100,,,100082,100,,,100091,100,,
2019-06-28 09:43:43.181775851,99571,170,99343,70,99936,170,99295,170,99951,170,99151,100,100018,170,99029,170,100052,170,98682,170,100060,100,98681,70,100061,100,,,100080,100,,,100082,100,,,100091,100,,
2019-06-28 09:43:50.000000000,99571,274,99295,274,99936,274,99151,274,99951,100,99029,100,100018,100,98682,100,100052,100,,,100060,100,,,100061,100,,,100080,100,,,100082,100,,,100091,100,,
2019-06-28 09:44:00.000000000,99571,187,99295,187,99936,187,99151,187,99951,187,99029,187,100018,187,98682,187,100052,100,,,100060,100,,,100061,100,,,100080,100,,,100082,100,,,100091,100,,
2019-06-28 09:44:03.669025768,99571,187,99295,87,99936,187,99151,187,99951,187,99029,187,100018,187,98682,187,100052,100,,,100060,100,,,100061,100,,,100082,100,,,100091,100,,,100095,100,,
2019-06-28 09:44:10.000000000,99571,219,99151,219,99936,215,99029,215,99951,215,98682,215,100018,100,,,100052,100,,,100060,100,,,100061,100,,,100082,100,,,100091,100,,,100095,100,,
2019-06-28 09:44:20.000000000,99571,219,99151,219,99936,215,99029,215,99951,215,98682,215,100018,100,,,100052,100,,,100060,100,,,100061,100,,,100082,100,,,100091,100,,,100095,100,,
2019-06-28 09:44:27.518519710,99571,219,99168,100,99936,215,99151,219,99951,215,99029,215,100018,100,98682,215,100060,100,,,100061,100,,,100082,100,,,100091,100,,,100095,100,,,100102,100,,
2019-06-28 09:44:30.000000000,99571,187,99168,187,99936,187,99151,187,99951,187,99029,187,100018,187,98682,187,100060,100,,,100061,100,,,100082,100,,,100091,100,,,100095,100,,,100102,100,,
2019-06-28 09:44:35.943512150,99571,187,99307,100,99936,187,99168,187,99951,187,99151,187,100018,187,99029,187,100060,100,98682,187,100061,100,,,100082,100,,,100091,100,,,100095,100,,,100102,100,,
2019-06-28 09:44:40.000000000,99571,274,99307,274,99936,274,99168,274,99951,100,99151,100,100018,100,99029,100,100060,100,98682,100,100061,100,,,100082,100,,,100091,100,,,100095,100,,,100102,100,,
2019-06-28 09:44:50.000000000,99571,219,99307,219,99936,215,99168,215,99951,215,99151,215,100018,100,99029,100,100060,100,98682,100,100061,100,,,100082,100,,,100091,100,,,100095,100,,,100102,100,,
2019-06-28 09:45:00.000000000,99571,449,99307,449,99936,100,99168,100,99951,100,99151,100,100018,100,99029,100,100060,100,98682,100,100061,100,,,100082,100,,,100091,100,,,100095,100,,,100102,100,,
2019-06-28 09:45:02.563394339,99571,449,99307,449,99660,100,99168,100,99936,100,99151,100,99951,100,99029,100,100018,100,98682,100,100060,100,,,100061,100,,,100082,100,,,100091,100,,,100095,100,,
2019-06-28 09:45:03.448627471,99571,449,99344,100,99660,100,99307,449,99936,100,99168,100,99951,100,99151,100,100018,100,99029,100,100060,100,98682,100,100061,100,,,100082,100,,,100091,100,,,100095,100,,
2019-06-28 09:45:10.000000000,99571,274,99344,274,99660,274,99307,274,99936,100,99168,100,99951,100,99151,100,100018,100,99029,100,100060,100,98682,100,100061,100,,,100082,100,,,100091,100,,,100095,100,,
2019-06-28 09:45:20.000000000,99571,219,99344,219,99660,215,99307,215,99936,215,99168,215,99951,100,99151,100,100018,100,99029,100,100060,100,98682,100,100061,100,,,100082,100,,,100091,100,,,100095,100,,
2019-06-28 09:45:30.000000000,99571,170,99344,170,99660,170,99307,170,99936,170,99168,170,99951,170,99151,170,100018,170,99029,170,100060,100,98682,100,100061,100,,,100082,100,,,100091,100,,,100095,100,,
2019-06-28 09:45:40.000000000,99571,170,99344,170,99660,170,99307,170,99936,170,99168,170,99951,170,99151,170,100018,170,99029,170,100060,100,98682,100,100061,100,,,100082,100,,,100091,100,,,100095,100,,
2019-06-28 09:45:47.486415987,99571,170,99344,270,99660,170,99307,170,99936,170,99168,170,99951,170,99151,170,100018,170,99029,170,100060,100,98682,100,100061,100,,,100082,100,,,100091,100,,,100095,100,,
2019-06-28 09:45:50.000000000,99571,449,99344,549,99660,100,99307,100,99936,100,99168,100,99951,100,99151,100,100018,100,99029,100,100060,100,98682,100,100061,100,,,100082,100,,,100091,100,,,100095,100,,
2019-06-28 09:45:51.083795130,99571,349,99344,549,99660,100,99307,100,99936,100,99168,100,99951,100,99151,100,100018,100,99029,100,100060,100,98682,100,100061,100,,,100082,100,,,100091,100,,,100095,100,,
2019-06-28 09:46:00.000000000,99660,187,99344,287,99936,187,99307,187,99951,187,99168,187,100018,187,99151,187,100060,100,99029,100,100061,100,98682,100,100082,100,,,100091,100,,,100095,100,,,100102,100,,
2019-06-28 09:46:10.000000000,99660,274,99344,374,99936,274,99307,274,99951,100,99168,100,100018,100,99151,100,100060,100,99029,100,100061,100,98682,100,100082,100,,,100091,100,,,100095,100,,,100102,100,,
2019-06-28 09:46:20.000000000,99660,449,99344,549,99936,100,99307,100,99951,100,99168,100,100018,100,99151,100,100060,100,99029,100,100061,100,98682,100,100082,100,,,100091,100,,,100095,100,,,100102,100,,
2019-06-28 09:46:23.062354247,99660,449,99344,549,99691,100,99307,100,99936,100,99168,100,99951,100,99151,100,100018,100,99029,100,100060,100,98682,100,100061,100,,,100082,100,,,100091,100,,,100095,100,,
2019-06-28 09:46:30.000000000,99660,449,99344,549,99691,100,99307,100,99936,100,99168,100,99951,100,99151,100,100018,100,99029,100,100060,100,98682,100,100061,100,,,100082,100,,,100091,100,,,100095,100,,
2019-06-28 09:46:34.441531388,99660,249,99344,549,99691,100,99307,100,99936,100,99168,100,99951,100,99151,100,100018,100,99029,100,100060,100,98682,100,100061,100,,,100082,100,,,100091,100,,,100095,100,,
2019-06-28 09:46:40.000000000,99691,187,99344,287,99936,187,99307,187,99951,187,99168,187,100018,187,99151,187,100060,100,99029,100,100061,100,98682,100,100082,100,,,100091,100,,,100095,100,,,100102,100,,
2019-06-28 09:46:50.000000000,99691,170,99344,270,99936,170,99307,170,99951,170,99168,170,100018,170,99151,170,100060,170,99029,170,100061,100,98682,100,100082,100,,,100091,100,,,100095,100,,,100102,100,,
2019-06-28 09:47:00.000000000,99691,219,99344,319,99936,215,99307,215,99951,215,99168,215,100018,100,99151,100,100060,100,99029,100,100061,100,98682,100,100082,100,,,100091,100,,,100095,100,,,100102,100,,
2019-06-28 09:47:00.722870667,99691,219,99571,100,99936,215,99344,319,99951,215,99307,215,100018,100,99168,215,100060,100,99151,100,100061,100,99029,100,100082,100,98682,100,100091,100,,,100095,100,,,100102,100,,
2019-06-28 09:47:06.901887362,99691,219,99571,100,99936,215,99344,319,99951,215,99307,215,100018,100,99168,215,100060,100,99151,100,100061,100,99029,100,100082,100,98682,100,100091,100,,,100095,100,,,100102,100,,
2019-06-28 09:47:10.000000000,99691,274,99571,274,99936,274,99344,374,99951,100,99307,100,100018,100,99168,100,100060,100,99151,100,100061,100,99029,100,100082,100,98682,100,100091,100,,,100095,100,,,100102,100,,
2019-06-28 09:47:15.176420106,99691,274,99571,274,99936,274,99344,374,99951,100,99307,100,100018,100,99168,100,100060,100,99151,100,100061,100,99029,100,100082,100,98682,100,100091,100,,,100095,100,,,100102,100,,
2019-06-28 09:47:20.000000000,99691,274,99571,274,99936,274,99344,374,99951,100,99307,100,100018,100,99168,100,100060,100,99151,100,100061,100,99029,100,100082,100,98682,100,100091,100,,,100095,100,,,100102,100,,
2019-06-28 09:47:24.878781394,99691,274,99571,374,99936,274,99344,374,99951,100,99307,100,100018,100,99168,100,100060,100,99151,100,100061,100,99029,100,100082,100,98682,100,100091,100,,,100095,100,,,100102,100,,
2019-06-28 09:47:30.000000000,99691,187,99571,287,99936,187,99344,287,99951,187,99307,187,100018,187,99168,187,100060,100,99151,100,100061,100,99029,100,100082,100,98682,100,100091,100,,,100095,100,,,100102,100,,
2019-06-28 09:47:40.000000000,99691,187,99571,287,99936,187,99344,287,99951,187,99307,187,100018,187,99168,187,100060,100,99151,100,100061,100,99029,100,100082,100,98682,100,100091,100,,,100095,100,,,100102,100,,
2019-06-28 09:47:50.000000000,99691,219,99571,319,99936,215,99344,315,99951,215,99307,215,100018,100,99168,100,100060,100,99151,100,100061,100,99029,100,100082,100,98682,100,100091,100,,,100095,100,,,100102,100,,
2019-06-28 09:48:00.000000000,99691,449,99571,549,99936,100,99344,200,99951,100,99307,100,100018,100,99168,100,100060,100,99151,100,100061,100,99029,100,100082,100,98682,100,100091,100,,,100095,100,,,100102,100,,
2019-06-28 09:48:10.000000000,99691,170,99571,270,99936,170,99344,270,99951,170,99307,170,100018,170,99168,170,100060,170,99151,170,100061,100,99029,100,100082,100,98682,100,100091,100,,,100095,100,,,100102,100,,
2019-06-28 09:48:20.000000000,99691,219,99571,319,99936,215,99344,315,99951,215,99307,215,100018,100,99168,100,100060,100,99151,100,100061,100,99029,100,100082,100,98682,100,100091,100,,,100095,100,,,100102,100,,
2019-06-28 09:48:24.283273447,99691,219,99571,319,99936,215,99344,315,99951,215,99307,115,100018,100,99168,100,100060,100,99151,100,100061,100,99029,100,100082,100,98682,100,100091,100,,,100095,100,,,100102,100,,
2019-06-28 09:48:30.000000000,99691,187,99571,287,99936,187,99344,287,99951,187,99168,187,100018,187,99151,187,100060,100,99029,100,100061,100,98682,100,100082,100,,,100091,100,,,100095,100,,,100102,100,,
2019-06-28 09:48:40.000000000,99691,170,99571,270,99936,170,99344,270,99951,170,99168,170,100018,170,99151,170,100060,170,99029,170,100061,100,98682,100,100082,100,,,100091,100,,,100095,100,,,100102,100,,
2019-06-28 09:48:45.491674599,99691,170,99571,270,99936,170,99344,270,99951,170,99168,170,100018,170,99151,170,100060,170,99029,170,100061,100,98682,100,100082,100,,,100091,100,,,100095,100,,,100102,100,,
2019-06-28 09:48:50.000000000,99691,274,99571,374,99936,274,99344,374,99951,100,99168,100,100018,100,99151,100,100060,100,99029,100,100061,100,98682,100,100082,100,,,100091,100,,,100095,100,,,100102,100,,
2019-06-28 09:49:00.000000000,99691,170,99571,270,99936,170,99344,270,99951,170,99168,170,100018,170,99151,170,100060,170,99029,170,100061,100,98682,100,100082,100,,,100091,100,,,100095,100,,,100102,100,,
2019-06-28 09:49:00.000882879,99691,170,99571,270,99936,170,99344,270,99951,170,99168,170,100018,170,99151,170,100060,170,99029,170,100061,100,98682,100,100082,100,,,100091,100,,,100095,100,,,100102,100,,
2019-06-28 09:49:02.506282999,99691,170,99571,270,99936,170,99344,270,99951,170,99168,170,100018,170,99151,170,100060,170,99029,170,100061,100,98682,100,100082,100,,,100091,100,,,100095,100,,,100102,100,,
2019-06-28 09:49:10.000000000,99691,187,99571,287,99936,187,99344,287,99951,187,99168,187,100018,187,99151,187,100060,100,99029,100,100061,100,98682,100,100082,100,,,100091,100,,,100095,100,,,100102,100,,
2019-06-28 09:49:20.000000000,99691,170,99571,270,99936,170,99344,270,99951,170,99168,170,100018,170,99151,170,100060,170,99029,170,100061,100,98682,100,100082,100,,,100091,100,,,100095,100,,,100102,100,,
2019-06-28 09:49:29.304235042,99691,70,99571,270,99936,170,99344,270,99951,170,99168,170,100018,170,99151,170,100060,170,99029,170,100061,100,98682,100,100082,100,,,100091,100,,,100095,100,,,100102,100,,
2019-06-28 09:49:30.000000000,99936,187,99571,287,99951,187,99344,287,100018,187,99168,187,100060,187,99151,187,100061,100,99029,100,100082,100,98682,100,100091,100,,,100095,100,,,100102,100,,,100122,100,,
2019-06-28 09:49:40.000000000,99936,219,99571,319,99951,215,99344,315,100018,215,99168,215,100060,100,99151,100,100061,100,99029,100,100082,100,98682,100,100091,100,,,100095,100,,,100102,100,,,100122,100,,
2019-06-28 09:49:49.018494808,99936,119,99571,319,99951,215,99344,315,100018,215,99168,215,100060,100,99151,100,100061,100,99029,100,100082,100,98682,100,100091,100,,,100095,100,,,100102,100,,,100122,100,,
2019-06-28 09:49:50.000000000,99951,449,99571,549,100018,100,99344,200,100060,100,99168,100,100061,100,99151,100,100082,100,99029,100,100091,100,98682,100,100095,100,,,100102,100,,,100122,100,,,100128,100,,
2019-06-28 09:49:57.935290640,99951,349,99571,549,100018,100,99344,200,100060,100,99168,100,100061,100,99151,100,100082,100,99029,100,100091,100,98682,100,100095,100,,,100102,100,,,100122,100,,,100128,100,,
2019-06-28 09:50:00.000000000,100018,170,99571,270,100060,170,99344,270,100061,170,99168,170,100082,170,99151,170,100091,170,99029,170,100095,100,98682,100,100102,100,,,100122,100,,,100128,100,,,100138,100,,
2019-06-28 09:50:10.000000000,100018,449,99571,549,100060,100,99344,200,100061,100,99168,100,100082,100,99151,100,100091,100,99029,100,100095,100,98682,100,100102,100,,,100122,100,,,100128,100,,,100138,100,,
2019-06-28 09:50:20.000000000,100018,274,99571,374,100060,274,99344,374,100061,100,99168,100,100082,100,99151,100,100091,100,99029,100,100095,100,98682,100,100102,100,,,100122,100,,,100128,100,,,100138,100,,
2019-06-28 09:50:30.000000000,100018,187,99571,287,100060,187,99344,287,100061,187,99168,187,100082,187,99151,187,100091,100,99029,100,100095,100,98682,100,100102,100,,,100122,100,,,100128,100,,,100138,100,,
2019-06-28 09:50:40.000000000,100018,187,99571,287,100060,187,99344,287,100061,187,99168,187,100082,187,99151,187,100091,100,99029,100,100095,100,98682,100,100102,100,,,100122,100,,,100128,100,,,100138,100,,
2019-06-28 09:50:50.000000000,100018,449,99571,549,100060,100,99344,200,100061,100,99168,100,100082,100,99151,100,100091,100,99029,100,100095,100,98682,100,100102,100,,,100122,100,,,100128,100,,,100138,100,,
2019-06-28 09:50:52.584080357,100018,449,99571,549,100060,100,99344,200,100061,100,99168,100,100082,100,99151,100,100091,100,99029,100,100095,100,98682,100,100102,100,,,100122,100,,,100128,100,,,100138,100,,
2019-06-28 09:51:00.000000000,100018,219,99571,319,100060,215,99344,315,100061,215,99168,215,100082,100,99151,100,100091,100,99029,100,100095,100,98682,100,100102,100,,,100122,100,,,100128,100,,,100138,100,,
2019-06-28 09:51:10.000000000,100018,449,99571,549,100060,100,99344,200,100061,100,99168,100,100082,100,99151,100,100091,100,99029,100,100095,100,98682,100,100102,100,,,100122,100,,,100128,100,,,100138,100,,
2019-06-28 09:51:20.000000000,100018,274,99571,374,100060,274,99344,374,100061,100,99168,100,100082,100,99151,100,100091,100,99029,100,100095,100,98682,100,100102,100,,,100122,100,,,100128,100,,,100138,100,,
2019-06-28 09:51:29.189185095,100018,274,99571,374,100060,274,99344,374,100061,100,99168,100,100082,100,99151,100,100091,100,99029,100,100095,100,98682,100,100102,100,,,100122,100,,,100128,100,,,100138,100,,
2019-06-28 09:51:30.000000000,100018,274,99571,374,100060,274,99344,374,100061,100,99168,100,100082,100,99151,100,100091,100,99029,100,100095,100,98682,100,100102,100,,,100122,100,,,100128,100,,,100138,100,,
2019-06-28 09:51:35.226326750,100018,274,99571,374,100060,274,99344,374,100061,100,99168,100,100082,100,99151,100,100091,100,99029,100,100095,100,98682,100,100102,100,,,100122,100,,,100128,100,,,100138,100,,
2019-06-28 09:51:40.000000000,100018,219,99571,319,100060,215,99344,315,100061,215,99168,215,100082,100,99151,100,100091,100,99029,100,100095,100,98682,100,100102,100,,,100122,100,,,100128,100,,,100138,100,,
2019-06-28 09:51:50.000000000,100018,219,99571,319,100060,215,99344,315,100061,215,99168,215,100082,100,99151,100,100091,100,99029,100,100095,100,98682,100,100102,100,,,100122,100,,,100128,100,,,100138,100,,
2019-06-28 09:52:00.000000000,100018,449,99571,549,100060,100,99344,200,100061,100,99168,100,100082,100,99151,100,100091,100,99029,100,100095,100,98682,100,100102,100,,,100122,100,,,100128,100,,,100138,100,,
2019-06-28 09:52:10.000000000,100018,219,99571,319,100060,215,99344,315,100061,215,99168,215,100082,100,99151,100,100091,100,99029,100,100095,100,98682,100,100102,100,,,100122,100,,,100128,100,,,100138,100,,
2019-06-28 09:52:20.000000000,100018,274,99571,374,100060,274,99344,374,100061,100,99168,100,100082,100,99151,100,100091,100,99029,100,100095,100,98682,100,100102,100,,,100122,100,,,100128,100,,,100138,100,,
2019-06-28 09:52:30.000000000,100018,274,99571,374,100060,274,99344,374,100061,100,99168,100,100082,100,99151,100,100091,100,99029,100,100095,100,98682,100,100102,100,,,100122,100,,,100128,100,,,100138,100,,
2019-06-28 09:52:32.666720070,100018,174,99571,374,100060,274,99344,374,100061,100,99168,100,100082,100,99151,100,100091,100,99029,100,100095,100,98682,100,100102,100,,,100122,100,,,100128,100,,,100138,100,,
2019-06-28 09:52:40.000000000,100060,187,99571,287,100061,187,99344,287,100082,187,99168,187,100091,187,99151,187,100095,100,99029,100,100102,100,98682,100,100122,100,,,100128,100,,,100138,100,,,100171,100,,
2019-06-28 09:52:43.116600187,100060,187,99951,100,100061,187,99571,187,100082,187,99344,287,100091,187,99168,187,100095,100,99151,187,100102,100,99029,100,100122,100,98682,100,100128,100,,,100138,100,,,100171,100,,
2019-06-28 09:52:50.000000000,100060,187,99951,187,100061,187,99571,187,100082,187,99344,287,100091,187,99168,187,100095,100,99151,100,100102,100,99029,100,100122,100,98682,100,100128,100,,,100138,100,,,100171,100,,
2019-06-28 09:52:57.744024560,100060,187,100058,100,100061,187,99951,187,100082,187,99571,187,100091,187,99344,287,100095,100,99168,187,100102,100,99151,100,100122,100,99029,100,100128,100,98682,100,100138,100,,,100171,100,,
2019-06-28 09:53:00.000000000,100060,187,100058,187,100061,187,99951,187,100082,187,99571,187,100091,187,99344,287,100095,100,99168,100,100102,100,99151,100,100122,100,99029,100,100128,100,98682,100,100138,100,,,100171,100,,
2019-06-28 09:53:10.000000000,100060,449,100058,449,100061,100,99951,100,100082,100,99571,100,100091,100,99344,200,100095,100,99168,100,100102,100,99151,100,100122,100,99029,100,100128,100,98682,100,100138,100,,,100171,100,,
2019-06-28 09:53:18.117858148,100060,449,100058,449,100061,100,99951,100,100082,100,99741,100,100091,100,99571,100,100095,100,99344,200,100102,100,99168,100,100122,100,99151,100,100128,100,99029,100,100138,100,98682,100,100171,100,,
2019-06-28 09:53:20.000000000,100060,170,100058,170,100061,170,99951,170,100082,170,99741,170,100091,170,99571,170,100095,170,99344,270,100102,100,99168,100,100122,100,99151,100,100128,100,99029,100,100138,100,98682,100,100171,100,,
2019-06-28 09:53:30.000000000,100060,170,100058,170,100061,170,99951,170,100082,170,99741,170,100091,170,99571,170,100095,170,99344,270,100102,100,99168,100,100122,100,99151,100,100128,100,99029,100,100138,100,98682,100,100171,100,,
2019-06-28 09:53:31.077003872,100060,170,100058,170,100061,170,99951,270,100082,170,99741,170,100091,170,99571,170,100095,170,99344,270,100102,100,99168,100,100122,100,99151,100,100128,100,99029,100,100138,100,98682,100,100171,100,,
2019-06-28 09:53:39.855925358,100060,70,100058,170,100061,170,99951,270,100082,170,99741,170,100091,170,99571,170,100095,170,99344,270,100102,100,99168,100,100122,100,99151,100,100128,100,99029,100,100138,100,98682,100,100171,100,,
2019-06-28 09:53:40.000000000,100061,449,100058,449,100082,100,99951,200,100091,100,99741,100,100095,100,99571,100,100102,100,99344,200,100122,100,99168,100,100128,100,99151,100,100138,100,99029,100,100171,100,98682,100,100291,100,,
2019-06-28 09:53:44.602947218,100061,449,100059,100,100082,100,100058,449,100091,100,99951,200,100095,100,99741,100,100102,100,99571,100,100122,100,99344,200,100128,100,99168,100,100138,100,99151,100,100171,100,99029,100,100291,100,98682,100
2019-06-28 09:53:50.000000000,100061,449,100059,449,100082,100,100058,100,100091,100,99951,200,100095,100,99741,100,100102,100,99571,100,100122,100,99344,200,100128,100,99168,100,100138,100,99151,100,100171,100,99029,100,100291,100,98682,100
2019-06-28 09:54:00.000000000,100061,170,100059,170,100082,170,100058,170,100091,170,99951,270,100095,170,99741,170,100102,170,99571,170,100122,100,99344,200,100128,100,99168,100,100138,100,99151,100,100171,100,99029,100,100291,100,98682,100
2019-06-28 09:54:00.535665851,100061,170,100059,170,100082,170,100058,170,100091,170,99951,270,100095,170,99741,170,100102,170,99571,170,100122,100,99344,200,100138,100,99168,100,100171,100,99151,100,100291,100,99029,100,100382,100,98682,100
2019-06-28 09:54:07.741370828,100061,170,100059,170,100082,170,100058,170,100091,170,100006,100,100095,170,99951,270,100102,170,99741,170,100122,100,99571,170,100138,100,99344,200,100171,100,99168,100,100291,100,99151,100,100382,100,99029,100
2019-06-28 09:54:10.000000000,100061,449,100059,449,100082,100,100058,100,100091,100,100006,100,100095,100,99951,200,100102,100,99741,100,100122,100,99571,100,100138,100,99344,200,100171,100,99168,100,100291,100,99151,100,100382,100,99029,100
2019-06-28 09:54:20.000000000,100061,219,100059,219,100082,215,100058,215,100091,215,100006,215,100095,100,99951,200,100102,100,99741,100,100122,100,99571,100,100138,100,99344,200,100171,100,99168,100,100291,100,99151,100,100382,100,99029,100
2019-06-28 09:54:30.000000000,100061,187,100059,187,100082,187,100058,187,100091,187,100006,187,100095,187,99951,287,100102,100,99741,100,100122,100,99571,100,100138,100,99344,200,100171,100,99168,100,100291,100,99151,100,100382,100,99029,100
2019-06-28 09:54:40.000000000,100061,187,100059,187,100082,187,100058,187,100091,187,100006,187,100095,187,99951,287,100102,100,99741,100,100122,100,99571,100,100138,100,99344,200,100171,100,99168,100,100291,100,99151,100,100382,100,99029,100
2019-06-28 09:54:50.000000000,100061,170,100059,170,100082,170,100058,170,100091,170,100006,170,100095,170,99951,270,100102,170,99741,170,100122,100,99571,100,100138,100,99344,200,100171,100,99168,100,100291,100,99151,100,100382,100,99029,100
2019-06-28 09:54:55.959347317,100061,70,100059,170,100082,170,100058,170,100091,170,100006,170,100095,170,99951,270,100102,170,99741,170,100122,100,99571,100,100138,100,99344,200,100171,100,99168,100,100291,100,99151,100,100382,100,99029,100
2019-06-28 09:55:00.000000000,100082,170,100059,170,100091,170,100058,170,100095,170,100006,170,100102,170,99951,270,100122,170,99741,170,100138,100,99571,100,100171,100,99344,200,100291,100,99168,100,100382,100,99151,100,100478,100,99029,100
2019-06-28 09:55:10.000000000,100082,170,100059,170,100091,170,100058,170,100095,170,100006,170,100102,170,99951,270,100122,170,99741,170,100138,100,99571,100,100171,100,99344,200,100291,100,99168,100,100382,100,99151,100,100478,100,99029,100
2019-06-28 09:55:20.000000000,100082,170,100059,170,100091,170,100058,170,100095,170,100006,170,100102,170,99951,270,100122,170,99741,170,100138,100,99571,100,100171,100,99344,200,100291,100,99168,100,100382,100,99151,100,100478,100,99029,100
2019-06-28 09:55:30.000000000,100082,219,100059,219,100091,215,100058,215,100095,215,100006,215,100102,100,99951,200,100122,100,99741,100,100138,100,99571,100,100171,100,99344,200,100291,100,99168,100,100382,100,99151,100,100478,100,99029,100
2019-06-28 09:55:36.207655558,100082,219,100059,219,100091,215,100058,115,100095,215,100006,215,100102,100,99951,200,100122,100,99741,100,100138,100,99571,100,100171,100,99344,200,100291,100,99168,100,100382,100,99151,100,100401,100,99029,100
2019-06-28 09:55:40.000000000,100082,170,100059,170,100091,170,100006,170,100095,170,99951,270,100102,170,99741,170,100122,170,99571,170,100138,100,99344,200,100171,100,99168,100,100291,100,99151,100,100382,100,99029,100,100401,100,98682,100
2019-06-28 09:55:50.000000000,100082,187,100059,187,100091,187,100006,187,100095,187,99951,287,100102,187,99741,187,100122,100,99571,100,100138,100,99344,200,100171,100,99168,100,100291,100,99151,100,100382,100,99029,100,100401,100,98682,100
2019-06-28 09:55:59.409502663,100082,187,100060,100,100091,187,100059,187,100095,187,100006,187,100102,187,99951,287,100122,100,99741,187,100138,100,99571,100,100171,100,99344,200,100291,100,99168,100,100382,100,99151,100,100401,100,99029,100
2019-06-28 09:56:00.000000000,100082,170,100060,170,100091,170,100059,170,100095,170,100006,170,100102,170,99951,270,100122,170,99741,170,100138,100,99571,100,100171,100,99344,200,100291,100,99168,100,100382,100,99151,100,100401,100,99029,100
2019-06-28 09:56:00.182144792,100082,170,100060,170,100091,170,100059,170,100095,170,100006,170,100102,170,99951,270,100122,170,99741,170,100138,100,99571,100,100171,100,99344,200,100235,100,99168,100,100291,100,99151,100,100382,100,99029,100
2019-06-28 09:56:10.000000000,100082,449,100060,449,100091,100,100059,100,100095,100,100006,100,100102,100,99951,200,100122,100,99741,100,100138,100,99571,100,100171,100,99344,200,100235,100,99168,100,100291,100,99151,100,100382,100,99029,100
2019-06-28 09:56:20.000000000,100082,187,100060,187,100091,187,100059,187,100095,187,100006,187,100102,187,99951,287,100122,100,99741,100,100138,100,99571,100,100171,100,99344,200,100235,100,99168,100,100291,100,99151,100,100382,100,99029,100
2019-06-28 09:56:30.000000000,100082,187,100060,187,100091,187,100059,187,100095,187,100006,187,100102,187,99951,287,100122,100,99741,100,100138,100,99571,100,100171,100,99344,200,100235,100,99168,100,100291,100,99151,100,100382,100,99029,100
2019-06-28 09:56:40.000000000,100082,170,100060,170,100091,170,100059,170,100095,170,100006,170,100102,170,99951,270,100122,170,99741,170,100138,100,99571,100,100171,100,99344,200,100235,100,99168,100,100291,100,99151,100,100382,100,99029,100
2019-06-28 09:56:44.867554221,100082,170,100060,70,100091,170,100059,170,100095,170,100006,170,100102,170,99951,270,100122,170,99741,170,100138,100,99571,100,100171,100,99344,200,100235,100,99168,100,100291,100,99151,100,100382,100,99029,100
2019-06-28 09:56:50.000000000,100082,449,100059,449,100091,100,100006,100,100095,100,99951,200,100102,100,99741,100,100122,100,99571,100,100138,100,99344,200,100171,100,99168,100,100235,100,99151,100,100291,100,99029,100,100382,100,98682,100
2019-06-28 09:56:50.259438032,100060,100,100059,449,100082,449,100006,100,100091,100,99951,200,100095,100,99741,100,100102,100,99571,100,100122,100,99344,200,100138,100,99168,100,100171,100,99151,100,100235,100,99029,100,100291,100,98682,100
2019-06-28 09:57:00.000000000,100060,219,100059,219,100082,215,100006,215,100091,215,99951,315,100095,100,99741,100,100102,100,99571,100,100122,100,99344,200,100138,100,99168,100,100171,100,99151,100,100235,100,99029,100,100291,100,98682,100
2019-06-28 09:57:10.000000000,100060,187,100059,187,100082,187,100006,187,100091,187,99951,287,100095,187,99741,187,100102,100,99571,100,100122,100,99344,200,100138,100,99168,100,100171,100,99151,100,100235,100,99029,100,100291,100,98682,100
2019-06-28 09:57:11.891516272,100060,187,100059,187,100082,187,100006,187,100091,187,99951,287,100095,187,99830,100,100102,100,99741,187,100122,100,99571,100,100138,100,99344,200,100171,100,99168,100,100235,100,99151,100,100291,100,99029,100
2019-06-28 09:57:20.000000000,100060,219,100059,219,100082,215,100006,215,100091,215,99951,315,100095,100,99830,100,100102,100,99741,100,100122,100,99571,100,100138,100,99344,200,100171,100,99168,100,100235,100,99151,100,100291,100,99029,100
2019-06-28 09:57:21.675116438,100060,319,100059,219,100082,215,100006,215,100091,215,99951,315,100095,100,99830,100,100102,100,99741,100,100122,100,99571,100,100138,100,99344,200,100171,100,99168,100,100235,100,99151,100,100291,100,99029,100
2019-06-28 09:57:30.000000000,100060,549,100059,449,100082,100,100006,100,100091,100,99951,200,100095,100,99830,100,100102,100,99741,100,100122,100,99571,100,100138,100,99344,200,100171,100,99168,100,100235,100,99151,100,100291,100,99029,100
2019-06-28 09:57:31.302173764,100060,549,100059,449,100082,100,100006,100,100091,100,99951,200,100095,100,99830,100,100102,100,99741,100,100122,100,99575,100,100138,100,99571,100,100171,100,99344,200,100235,100,99168,100,100291,100,99151,100
2019-06-28 09:57:40.000000000,100060,287,100059,187,100082,187,100006,187,100091,187,99951,287,100095,187,99830,187,100102,100,99741,100,100122,100,99575,100,100138,100,99571,100,100171,100,99344,200,100235,100,99168,100,100291,100,99151,100
2019-06-28 09:57:50.000000000,100060,287,100059,187,100082,187,100006,187,100091,187,99951,287,100095,187,99830,187,100102,100,99741,100,100122,100,99575,100,100138,100,99571,100,100171,100,99344,200,100235,100,99168,100,100291,100,99151,100
2019-06-28 09:57:59.910235620,100060,387,100059,187,100082,187,100006,187,100091,187,99951,287,100095,187,99830,187,100102,100,99741,100,100122,100,99575,100,100138,100,99571,100,100171,100,99344,200,100235,100,99168,100,100291,100,99151,100
2019-06-28 09:58:00.000000000,100060,649,100059,449,100082,100,100006,100,100091,100,99951,200,100095,100,99830,100,100102,100,99741,100,100122,100,99575,100,100138,100,99571,100,100171,100,99344,200,100235,100,99168,100,100291,100,99151,100
2019-06-28 09:58:02.802839528,100060,649,100059,449,100082,100,100006,100,100091,100,99951,200,100095,100,99939,100,100102,100,99830,100,100122,100,99741,100,100138,100,99575,100,100171,100,99571,100,100235,100,99344,200,100291,100,99168,100
2019-06-28 09:58:10.000000000,100060,387,100059,187,100082,187,100006,187,100091,187,99951,287,100095,187,99939,187,100102,100,99830,100,100122,100,99741,100,100138,100,99575,100,100171,100,99571,100,100235,100,99344,200,100291,100,99168,100
2019-06-28 09:58:17.048378983,100060,387,100059,187,100082,187,100006,187,100091,187,99951,287,100095,187,99939,187,100102,100,99830,100,100122,100,99741,100,100138,100,99575,100,100171,100,99571,100,100235,100,99344,200,100291,100,99168,100
2019-06-28 09:58:20.000000000,100060,474,100059,274,100082,274,100006,274,100091,100,99951,200,100095,100,99939,100,100102,100,99830,100,100122,100,99741,100,100138,100,99575,100,100171,100,99571,100,100235,100,99344,200,100291,100,99168,100
2019-06-28 09:58:28.065311038,100060,474,100059,274,100082,274,100053,100,100091,100,100006,274,100095,100,99951,200,100102,100,99939,100,100122,100,99830,100,100138,100,99741,100,100171,100,99575,100,100235,100,99571,100,100291,100,99344,200
2019-06-28 09:58:30.000000000,100060,649,100059,449,100082,100,100053,100,100091,100,100006,100,100095,100,99951,200,100102,100,99939,100,100122,100,99830,100,100138,100,99741,100,100171,100,99575,100,100235,100,99571,100,100291,100,99344,200
2019-06-28 09:58:40.000000000,100060,370,100059,170,100082,170,100053,170,100091,170,100006,170,100095,170,99951,270,100102,170,99939,170,100122,100,99830,100,100138,100,99741,100,100171,100,99575,100,100235,100,99571,100,100291,100,99344,200
2019-06-28 09:58:42.848820842,100060,370,100059,170,100082,170,100053,170,100091,170,100006,170,100095,170,99951,270,100102,170,99939,170,100122,100,99830,100,100138,100,99741,100,100171,100,99594,100,100235,100,99575,100,100291,100,99571,100
2019-06-28 09:58:50.000000000,100060,370,100059,170,100082,170,100053,170,100091,170,100006,170,100095,170,99951,270,100102,170,99939,170,100122,100,99830,100,100138,100,99741,100,100171,100,99594,100,100235,100,99575,100,100291,100,99571,100
2019-06-28 09:59:00.000000000,100060,370,100059,170,100082,170,100053,170,100091,170,100006,170,100095,170,99951,270,100102,170,99939,170,100122,100,99830,100,100138,100,99741,100,100171,100,99594,100,100235,100,99575,100,100291,100,99571,100
2019-06-28 09:59:01.008917363,100060,370,100059,170,100082,170,100053,170,100091,170,100006,170,100095,170,99951,270,100102,170,99939,170,100122,100,99830,100,100138,100,99741,100,100171,100,99608,100,100235,100,99594,100,100291,100,99575,100
2019-06-28 09:59:10.000000000,100060,370,100059,170,100082,170,100053,170,100091,170,100006,170,100095,170,99951,270,100102,170,99939,170,100122,100,99830,100,100138,100,99741,100,100171,100,99608,100,100235,100,99594,100,100291,100,99575,100
2019-06-28 09:59:20.000000000,100060,387,100059,187,100082,187,100053,187,100091,187,100006,187,100095,187,99951,287,100102,100,99939,100,100122,100,99830,100,100138,100,99741,100,100171,100,99608,100,100235,100,99594,100,100291,100,99575,100
2019-06-28 09:59:30.000000000,100060,419,100059,219,100082,215,100053,215,100091,215,100006,215,100095,100,99951,200,100102,100,99939,100,100122,100,99830,100,100138,100,99741,100,100171,100,99608,100,100235,100,99594,100,100291,100,99575,100
2019-06-28 09:59:40.000000000,100060,474,100059,274,100082,274,100053,274,100091,100,100006,100,100095,100,99951,200,100102,100,99939,100,100122,100,99830,100,100138,100,99741,100,100171,100,99608,100,100235,100,99594,100,100291,100,99575,100
2019-06-28 09:59:50.000000000,100060,474,100059,274,100082,274,100053,274,100091,100,100006,100,100095,100,99951,200,100102,100,99939,100,100122,100,99830,100,100138,100,99741,100,100171,100,99608,100,100235,100,99594,100,100291,100,99575,100
2019-06-28 10:00:00.000000000,100060,419,100059,219,100082,215,100053,215,100091,215,100006,215,100095,100,99951,200,100102,100,99939,100,100122,100,99830,100,100138,100,99741,100,100171,100,99608,100,100235,100,99594,100,100291,100,99575,100
2019-06-28 10:00:04.843304865,100060,519,100059,219,100082,215,100053,215,100091,215,100006,215,100095,100,99951,200,100102,100,99939,100,100122,100,99830,100,100138,100,99741,100,100171,100,99608,100,100235,100,99594,100,100291,100,99575,100
2019-06-28 10:00:06.879607850,100060,619,100059,219,100082,215,100053,215,100091,215,100006,215,100095,100,99951,200,100102,100,99939,100,100122,100,99830,100,100138,100,99741,100,100171,100,99608,100,100235,100,99594,100,100291,100,99575,100
2019-06-28 10:00:07.087337007,100060,719,100059,219,100082,215,100053,215,100091,215,100006,215,100095,100,99951,100,100102,100,99939,100,100122,100,99830,100,100138,100,99741,100,100171,100,99608,100,100235,100,99594,100,100291,100,99575,100
2019-06-28 10:00:10.000000000,100060,774,100059,274,100082,274,100053,274,100091,100,100006,100,100095,100,99951,100,100102,100,99939,100,100122,100,99830,100,100138,100,99741,100,100171,100,99608,100,100235,100,99594,100,100291,100,99575,100
2019-06-28 10:00:14.081828872,100060,774,100059,274,100075,100,100053,274,100082,274,100006,100,100091,100,99951,100,100095,100,99939,100,100102,100,99830,100,100122,100,99741,100,100138,100,99608,100,100171,100,99594,100,100235,100,99575,100
2019-06-28 10:00:20.000000000,100060,670,100059,170,100075,170,100053,170,100082,170,100006,170,100091,170,99951,170,100095,170,99939,170,100102,100,99830,100,100122,100,99741,100,100138,100,99608,100,100171,100,99594,100,100235,100,99575,100
2019-06-28 10:00:30.000000000,100060,670,100059,170,100075,170,100053,170,100082,170,100006,170,100091,170,99951,170,100095,170,99939,170,100102,100,99830,100,100122,100,99741,100,100138,100,99608,100,100171,100,99594,100,100235,100,99575,100
2019-06-28 10:00:40.000000000,100060,670,100059,170,100075,170,100053,170,100082,170,100006,170,100091,170,99951,170,100095,170,99939,170,100102,100,99830,100,100122,100,99741,100,100138,100,99608,100,100171,100,99594,100,100235,100,99575,100
2019-06-28 10:00:40.331414561,100060,570,100059,170,100075,170,100053,170,100082,170,100006,170,100091,170,99951,170,100095,170,99939,170,100102,100,99830,100,100122,100,99741,100,100138,100,99608,100,100171,100,99594,100,100235,100,99575,100
2019-06-28 10:00:50.000000000,100060,619,100059,219,100075,215,100053,215,100082,215,100006,215,100091,100,99951,100,100095,100,99939,100,100102,100,99830,100,100122,100,99741,100,100138,100,99608,100,100171,100,99594,100,100235,100,99575,100
2019-06-28 10:00:58.555374656,100060,619,100059,119,100075,215,100053,215,100082,215,100006,215,100091,100,99951,100,100095,100,99939,100,100102,100,99830,100,100122,100,99741,100,100138,100,99608,100,100171,100,99594,100,100235,100,99575,100
2019-06-28 10:01:00.000000000,100060,570,100053,170,100075,170,100006,170,100082,170,99951,170,100091,170,99939,170,100095,170,99830,170,100102,100,99741,100,100122,100,99608,100,100138,100,99594,100,100171,100,99575,100,100235,100,99571,100
2019-06-28 10:01:04.368313951,100060,470,100053,170,100075,170,100006,170,100082,170,99951,170,100091,70,99939,170,100095,170,99830,170,100102,100,99741,100,100122,100,99608,100,100138,100,99594,100,100171,100,99575,100,100235,100,99571,100
2019-06-28 10:01:05.154024509,100060,470,100053,170,100075,170,100006,170,100082,70,99951,170,100091,70,99939,170,100095,170,99830,170,100102,100,99741,100,100122,100,99608,100,100138,100,99594,100,100150,100,99575,100,100171,100,99571,100
2019-06-28 10:01:10.000000000,100060,470,100053,170,100075,170,100006,170,100095,170,99951,170,100102,170,99939,170,100122,170,99830,170,100138,100,99741,100,100150,100,99608,100,100171,100,99594,100,100235,100,99575,100,100291,100,99571,100
2019-06-28 10:01:20.000000000,100060,470,100053,170,100075,170,100006,170,100095,170,99951,170,100102,170,99939,170,100122,170,99830,170,100138,100,99741,100,100150,100,99608,100,100171,100,99594,100,100235,100,99575,100,100291,100,99571,100
2019-06-28 10:01:21.610736632,100059,100,100053,170,100060,470,100006,170,100075,170,99951,170,100095,170,99939,170,100102,170,99830,170,100122,170,99741,100,100138,100,99608,100,100150,100,99594,100,100171,100,99575,100,100235,100,99571,100
2019-06-28 10:01:30.000000000,100059,170,100053,170,100060,470,100006,170,100075,170,99951,170,100095,170,99939,170,100102,170,99830,170,100122,100,99741,100,100138,100,99608,100,100150,100,99594,100,100171,100,99575,100,100235,100,99571,100
2019-06-28 10:01:40.000000000,100059,449,100053,449,100060,400,100006,100,100075,100,99951,100,100095,100,99939,100,100102,100,99830,100,100122,100,99741,100,100138,100,99608,100,100150,100,99594,100,100171,100,99575,100,100235,100,99571,100
2019-06-28 10:01:44.423300193,100059,449,100053,449,100060,400,100006,100,100075,100,99939,100,100095,100,99830,100,100102,100,99741,100,100122,100,99608,100,100138,100,99594,100,100150,100,99575,100,100171,100,99571,100,100235,100,99344,100
2019-06-28 10:01:47.205055662,100059,449,100053,449,100060,400,100006,100,100075,100,99939,100,100095,100,99830,100,100102,100,99741,100,100122,100,99608,100,100138,100,99594,100,100150,100,99575,100,100171,100,99571,100,100235,100,99344,100
2019-06-28 10:01:50.000000000,100059,187,100053,187,100060,487,100006,187,100075,187,99939,187,100095,187,99830,187,100102,100,99741,100,100122,100,99608,100,100138,100,99594,100,100150,100,99575,100,100171,100,99571,100,100235,100,99344,100
2019-06-28 10:02:00.000000000,100059,449,100053,449,100060,400,100006,100,100075,100,99939,100,100095,100,99830,100,100102,100,99741,100,100122,100,99608,100,100138,100,99594,100,100150,100,99575,100,100171,100,99571,100,100235,100,99344,100
2019-06-28 10:02:10.000000000,100059,219,100053,219,100060,515,100006,215,100075,215,99939,215,100095,100,99830,100,100102,100,99741,100,100122,100,99608,100,100138,100,99594,100,100150,100,99575,100,100171,100,99571,100,100235,100,99344,100
2019-06-28 10:02:10.957197883,100059,119,100053,219,100060,515,100006,215,100075,215,99939,215,100095,100,99830,100,100102,100,99741,100,100122,100,99608,100,100138,100,99594,100,100150,100,99575,100,100171,100,99571,100,100235,100,99344,100
2019-06-28 10:02:20.000000000,100060,487,100053,187,100075,187,100006,187,100095,187,99939,187,100102,187,99830,187,100122,100,99741,100,100138,100,99608,100,100150,100,99594,100,100171,100,99575,100,100235,100,99571,100,100291,100,99344,100
2019-06-28 10:02:25.071718370,100058,100,100053,187,100060,487,100006,187,100075,187,99939,187,100095,187,99830,187,100102,187,99741,100,100122,100,99608,100,100138,100,99594,100,100150,100,99575,100,100171,100,99571,100,100235,100,99344,100
2019-06-28 10:02:30.000000000,100058,449,100053,449,100060,400,100006,100,100075,100,99939,100,100095,100,99830,100,100102,100,99741,100,100122,100,99608,100,100138,100,99594,100,100150,100,99575,100,100171,100,99571,100,100235,100,99344,100
2019-06-28 10:02:40.000000000,100058,449,100053,449,100060,400,100006,100,100075,100,99939,100,100095,100,99830,100,100102,100,99741,100,100122,100,99608,100,100138,100,99594,100,100150,100,99575,100,100171,100,99571,100,100235,100,99344,100
2019-06-28 10:02:50.000000000,100058,170,100053,170,100060,470,100006,170,100075,170,99939,170,100095,170,99830,170,100102,170,99741,170,100122,100,99608,100,100138,100,99594,100,100150,100,99575,100,100171,100,99571,100,100235,100,99344,100
2019-06-28 10:02:53.876155002,100058,170,100053,70,100060,470,100006,70,100075,170,99939,170,100095,170,99830,170,100102,170,99741,170,100122,100,99608,100,100138,100,99594,100,100150,100,99575,100,100171,100,99571,100,100235,100,99344,100
2019-06-28 10:03:00.000000000,100058,219,99939,219,100060,515,99830,215,100075,215,99741,215,100095,100,99608,100,100102,100,99594,100,100122,100,99575,100,100138,100,99571,100,100150,100,99344,100,100171,100,99168,100,100235,100,99151,100
2019-06-28 10:03:06.634789062,100058,219,99939,219,100060,515,99830,215,100075,215,99741,215,100095,100,99608,100,100102,100,99594,100,100122,100,99575,100,100138,100,99571,100,100150,100,99344,100,100171,100,99151,100,100235,100,,
2019-06-28 10:03:10.000000000,100058,187,99939,187,100060,487,99830,187,100075,187,99741,187,100095,187,99608,187,100102,100,99594,100,100122,100,99575,100,100138,100,99571,100,100150,100,99344,100,100171,100,99151,100,100235,100,,
2019-06-28 10:03:20.000000000,100058,187,99939,187,100060,487,99830,187,100075,187,99741,187,100095,187,99608,187,100102,100,99594,100,100122,100,99575,100,100138,100,99571,100,100150,100,99344,100,100171,100,99151,100,100235,100,,
2019-06-28 10:03:30.000000000,100058,170,99939,170,100060,470,99830,170,100075,170,99741,170,100095,170,99608,170,100102,170,99594,170,100122,100,99575,100,100138,100,99571,100,100150,100,99344,100,100171,100,99151,100,100235,100,,
2019-06-28 10:03:30.889446913,100058,70,99939,170,100060,470,99830,170,100075,170,99741,170,100095,170,99608,170,100102,170,99594,170,100122,100,99575,100,100138,100,99571,100,100150,100,99344,100,100171,100,99151,100,100235,100,,
2019-06-28 10:03:39.680687901,100058,70,100054,100,100060,470,99939,170,100075,170,99830,170,100095,170,99741,170,100102,170,99608,170,100122,100,99594,170,100138,100,99575,100,100150,100,99571,100,100171,100,99344,100,100235,100,99151,100
2019-06-28 10:03:40.000000000,100060,487,100054,187,100075,187,99939,187,100095,187,99830,187,100102,187,99741,187,100122,100,99608,100,100138,100,99594,100,100150,100,99575,100,100171,100,99571,100,100235,100,99344,100,100291,100,99151,100
2019-06-28 10:03:50.000000000,100060,470,100054,170,100075,170,99939,170,100095,170,99830,170,100102,170,99741,170,100122,170,99608,170,100138,100,99594,100,100150,100,99575,100,100171,100,99571,100,100235,100,99344,100,100291,100,99151,100
2019-06-28 10:03:55.997781147,100060,470,100054,170,100075,170,99939,170,100095,170,99830,170,100102,170,99741,170,100122,170,99608,170,100138,100,99594,100,100150,100,99575,100,100171,100,99344,100,100235,100,99151,100,100291,100,,
2019-06-28 10:04:00.000000000,100060,749,100054,449,100075,100,99939,100,100095,100,99830,100,100102,100,99741,100,100122,100,99608,100,100138,100,99594,100,100150,100,99575,100,100171,100,99344,100,100235,100,99151,100,100291,100,,
2019-06-28 10:04:01.431599472,100060,749,100054,449,100075,100,99939,100,100095,100,99830,100,100102,100,99741,100,100122,100,99608,100,100138,100,99594,100,100150,100,99575,100,100171,100,99344,100,100235,100,99151,100,100291,100,,
2019-06-28 10:04:10.000000000,100060,470,100054,170,100075,170,99939,170,100095,170,99830,170,100102,170,99741,170,100122,170,99608,170,100138,100,99594,100,100150,100,99575,100,100171,100,99344,100,100235,100,99151,100,100291,100,,
2019-06-28 10:04:16.548418284,100060,470,100054,170,100075,170,99939,170,100095,170,99830,170,100102,170,99741,170,100122,170,99608,170,100138,100,99594,100,100150,100,99575,100,100171,100,99344,100,100235,100,99151,100,100291,100,,
2019-06-28 10:04:20.000000000,100060,470,100054,170,100075,170,99939,170,100095,170,99830,170,100102,170,99741,170,100122,170,99608,170,100138,100,99594,100,100150,100,99575,100,100171,100,99344,100,100235,100,99151,100,100291,100,,
2019-06-28 10:04:30.000000000,100060,749,100054,449,100075,100,99939,100,100095,100,99830,100,100102,100,99741,100,100122,100,99608,100,100138,100,99594,100,100150,100,99575,100,100171,100,99344,100,100235,100,99151,100,100291,100,,
2019-06-28 10:04:31.064004915,100060,749,100054,449,100075,100,99939,100,100095,100,99830,100,100102,100,99741,100,100122,100,99608,100,100138,100,99594,100,100150,100,99344,100,100171,100,99151,100,100235,100,,,100291,100,,
2019-06-28 10:04:40.000000000,100060,487,100054,187,100075,187,99939,187,100095,187,99830,187,100102,187,99741,187,100122,100,99608,100,100138,100,99594,100,100150,100,99344,100,100171,100,99151,100,100235,100,,,100291,100,,
2019-06-28 10:04:45.458258564,100060,387,100054,187,100075,187,99939,187,100095,187,99830,187,100102,187,99741,187,100122,100,99608,100,100138,100,99594,100,100150,100,99344,100,100235,100,99151,100,100291,100,,,100311,100,,
2019-06-28 10:04:50.000000000,100060,419,100054,219,100075,215,99939,215,100095,215,99830,215,100102,100,99741,100,100122,100,99608,100,100138,100,99594,100,100150,100,99344,100,100235,100,99151,100,100291,100,,,100311,100,,
2019-06-28 10:05:00.000000000,100060,370,100054,170,100075,170,99939,170,100095,170,99830,170,100102,170,99741,170,100122,170,99608,170,100138,100,99594,100,100150,100,99344,100,100235,100,99151,100,100291,100,,,100311,100,,
2019-06-28 10:05:05.103548090,100060,370,100054,170,100075,170,99939,170,100095,170,99830,170,100102,170,99741,170,100122,170,99608,170,100138,100,99594,100,100150,100,99344,100,100235,100,99151,100,100291,100,,,100311,100,,
2019-06-28 10:05:10.000000000,100060,649,100054,449,100075,100,99939,100,100095,100,99830,100,100102,100,99741,100,100122,100,99608,100,100138,100,99594,100,100150,100,99344,100,100235,100,99151,100,100291,100,,,100311,100,,
2019-06-28 10:05:20.000000000,100060,387,100054,187,100075,187,99939,187,100095,187,99830,187,100102,187,99741,187,100122,100,99608,100,100138,100,99594,100,100150,100,99344,100,100235,100,99151,100,100291,100,,,100311,100,,
2019-06-28 10:05:21.730109172,100060,287,100054,187,100075,187,99939,87,100095,187,99830,187,100102,187,99741,187,100122,100,99608,100,100138,100,99594,100,100150,100,99344,100,100235,100,99151,100,100291,100,,,100311,100,,
2019-06-28 10:05:23.519336251,100060,187,100054,87,100075,187,99939,87,100095,187,99830,187,100102,187,99741,187,100122,100,99608,100,100138,100,99594,100,100150,100,99344,100,100235,100,99151,100,100291,100,,,100311,100,,
2019-06-28 10:05:30.000000000,100060,449,99830,449,100075,100,99741,100,100095,100,99608,100,100102,100,99594,100,100122,100,99344,100,100138,100,99151,100,100150,100,,,100235,100,,,100291,100,,,100311,100,,
2019-06-28 10:05:40.000000000,100060,449,99830,449,100075,100,99741,100,100095,100,99608,100,100102,100,99594,100,100122,100,99344,100,100138,100,99151,100,100150,100,,,100235,100,,,100291,100,,,100311,100,,
2019-06-28 10:05:50.000000000,100060,219,99830,219,100075,215,99741,215,100095,215,99608,215,100102,100,99594,100,100122,100,99344,100,100138,100,99151,100,100150,100,,,100235,100,,,100291,100,,,100311,100,,
2019-06-28 10:05:58.099574602,100060,219,99830,219,100075,215,99741,215,100095,215,99608,215,100102,100,99594,100,100122,100,99344,100,100150,100,99151,100,100235,100,,,100291,100,,,100311,100,,,100321,100,,
2019-06-28 10:06:00.000000000,100060,187,99830,187,100075,187,99741,187,100095,187,99608,187,100102,187,99594,187,100122,100,99344,100,100150,100,99151,100,100235,100,,,100291,100,,,100311,100,,,100321,100,,
2019-06-28 10:06:08.607421046,100060,87,99830,187,100075,187,99741,187,100095,187,99608,187,100102,187,99594,187,100122,100,99344,100,100150,100,99151,100,100235,100,,,100311,100,,,100321,100,,,100358,100,,
2019-06-28 10:06:10.000000000,100075,274,99830,274,100095,274,99741,274,100102,100,99608,100,100122,100,99594,100,100150,100,99344,100,100235,100,99151,100,100311,100,,,100321,100,,,100358,100,,,100401,100,,
2019-06-28 10:06:20.000000000,100075,274,99830,274,100095,274,99741,274,100102,100,99608,100,100122,100,99594,100,100150,100,99344,100,100235,100,99151,100,100311,100,,,100321,100,,,100358,100,,,100401,100,,
2019-06-28 10:06:30.000000000,100075,449,99830,449,100095,100,99741,100,100102,100,99608,100,100122,100,99594,100,100150,100,99344,100,100235,100,99151,100,100311,100,,,100321,100,,,100358,100,,,100401,100,,
2019-06-28 10:06:40.000000000,100075,187,99830,187,100095,187,99741,187,100102,187,99608,187,100122,187,99594,187,100150,100,99344,100,100235,100,99151,100,100311,100,,,100321,100,,,100358,100,,,100401,100,,
2019-06-28 10:06:50.000000000,100075,187,99830,187,100095,187,99741,187,100102,187,99608,187,100122,187,99594,187,100150,100,99344,100,100235,100,99151,100,100311,100,,,100321,100,,,100358,100,,,100401,100,,
2019-06-28 10:07:00.000000000,100075,274,99830,274,100095,274,99741,274,100102,100,99608,100,100122,100,99594,100,100150,100,99344,100,100235,100,99151,100,100311,100,,,100321,100,,,100358,100,,,100401,100,,
2019-06-28 10:07:01.464653735,100075,174,99830,274,100095,274,99741,274,100122,100,99608,100,100150,100,99594,100,100235,100,99344,100,100311,100,99151,100,100321,100,,,100358,100,,,100401,100,,,100441,100,,
2019-06-28 10:07:03.732293029,100075,174,100060,100,100095,274,99830,274,100122,100,99741,274,100150,100,99608,100,100235,100,99594,100,100311,100,99344,100,100321,100,99151,100,100358,100,,,100401,100,,,100441,100,,
2019-06-28 10:07:10.000000000,100095,170,100060,170,100122,170,99830,170,100150,170,99741,170,100235,170,99608,170,100311,170,99594,170,100321,100,99344,100,100358,100,99151,100,100401,100,,,100441,100,,,100504,100,,
2019-06-28 10:07:20.000000000,100095,274,100060,274,100122,274,99830,274,100150,100,99741,100,100235,100,99608,100,100311,100,99594,100,100321,100,99344,100,100358,100,99151,100,100401,100,,,100441,100,,,100504,100,,
2019-06-28 10:07:30.000000000,100095,187,100060,187,100122,187,99830,187,100150,187,99741,187,100235,187,99608,187,100311,100,99594,100,100321,100,99344,100,100358,100,99151,100,100401,100,,,100441,100,,,100504,100,,
2019-06-28 10:07:31.406224580,100095,87,100060,187,100122,187,99830,87,100150,187,99741,187,100235,187,99608,187,100311,100,99594,100,100321,100,99344,100,100358,100,99151,100,100401,100,,,100441,100,,,100504,100,,
2019-06-28 10:07:33.147575731,100095,87,100060,187,100122,187,99830,87,100150,187,99741,187,100235,187,99608,187,100311,100,99594,100,100321,100,99344,100,100401,100,99151,100,100441,100,,,100504,100,,,100543,100,,
2019-06-28 10:07:40.000000000,100122,219,100060,219,100150,215,99741,215,100235,215,99608,215,100311,100,99594,100,100321,100,99344,100,100401,100,99151,100,100441,100,,,100504,100,,,100543,100,,,100639,100,,
2019-06-28 10:07:49.686566157,100122,219,100075,100,100150,215,100060,219,100235,215,99741,215,100311,100,99608,215,100321,100,99594,100,100401,100,99344,100,100441,100,99151,100,100504,100,,,100543,100,,,100639,100,,
2019-06-28 10:07:50.000000000,100122,187,100075,187,100150,187,100060,187,100235,187,99741,187,100311,187,99608,187,100321,100,99594,100,100401,100,99344,100,100441,100,99151,100,100504,100,,,100543,100,,,100639,100,,
2019-06-28 10:07:55.041976048,100122,87,100075,187,100150,187,100060,187,100235,187,99741,187,100311,187,99608,187,100321,100,99594,100,100401,100,99344,100,100441,100,99151,100,100504,100,,,100543,100,,,100639,100,,
2019-06-28 10:08:00.000000000,100150,219,100075,219,100235,215,100060,215,100311,215,99741,215,100321,100,99608,100,100401,100,99594,100,100441,100,99344,100,100504,100,99151,100,100543,100,,,100639,100,,,100642,100,,
2019-06-28 10:08:10.000000000,100150,449,100075,449,100235,100,100060,100,100311,100,99741,100,100321,100,99608,100,100401,100,99594,100,100441,100,99344,100,100504,100,99151,100,100543,100,,,100639,100,,,100642,100,,
2019-06-28 10:08:20.000000000,100150,219,100075,219,100235,215,100060,215,100311,215,99741,215,100321,100,99608,100,100401,100,99594,100,100441,100,99344,100,100504,100,99151,100,100543,100,,,100639,100,,,100642,100,,
2019-06-28 10:08:20.024912745,100150,219,100095,100,100235,215,100075,219,100311,215,100060,215,100321,100,99741,215,100401,100,99608,100,100441,100,99594,100,100504,100,99344,100,100543,100,99151,100,100639,100,,,100642,100,,
2019-06-28 10:08:30.000000000,100150,219,100095,219,100235,215,100075,215,100311,215,100060,215,100321,100,99741,100,100401,100,99608,100,100441,100,99594,100,100504,100,99344,100,100543,100,99151,100,100639,100,,,100642,100,,
2019-06-28 10:08:40.000000000,100150,187,100095,187,100235,187,100075,187,100311,187,100060,187,100321,187,99741,187,100401,100,99608,100,100441,100,99594,100,100504,100,99344,100,100543,100,99151,100,100639,100,,,100642,100,,
2019-06-28 10:08:40.232823991,100150,187,100095,187,100208,100,100075,187,100235,187,100060,187,100311,187,99741,187,100321,187,99608,100,100401,100,99594,100,100441,100,99344,100,100504,100,99151,100,100543,100,,,100639,100,,
2019-06-28 10:08:40.860108690,100150,187,100095,287,100208,100,100075,187,100235,187,100060,187,100311,187,99741,187,100321,187,99608,100,100401,100,99594,100,100441,100,99344,100,100504,100,99151,100,100543,100,,,100639,100,,
2019-06-28 10:08:50.000000000,100150,170,100095,270,100208,170,100075,170,100235,170,100060,170,100311,170,99741,170,100321,170,99608,170,100401,100,99594,100,100441,100,99344,100,100504,100,99151,100,100543,100,,,100639,100,,
2019-06-28 10:09:00.000000000,100150,274,100095,374,100208,274,100075,274,100235,100,100060,100,100311,100,99741,100,100321,100,99608,100,100401,100,99594,100,100441,100,99344,100,100504,100,99151,100,100543,100,,,100639,100,,
2019-06-28 10:09:02.502578125,100150,274,100095,374,100208,274,100075,274,100235,100,100060,100,100311,100,100017,100,100321,100,99741,100,100441,100,99608,100,100504,100,99594,100,100543,100,99344,100,100639,100,99151,100,100642,100,,
2019-06-28 10:09:10.000000000,100150,170,100095,270,100208,170,100075,170,100235,170,100060,170,100311,170,100017,170,100321,170,99741,170,100441,100,99608,100,100504,100,99594,100,100543,100,99344,100,100639,100,99151,100,100642,100,,
2019-06-28 10:09:15.687274099,100150,70,100095,270,100208,170,100075,170,100235,170,100060,170,100311,170,100017,170,100321,170,99741,170,100441,100,99608,100,100504,100,99594,100,100543,100,99344,100,100639,100,99151,100,100642,100,,
2019-06-28 10:09:19.109785159,100150,70,100095,170,100208,170,100075,170,100235,170,100060,170,100311,170,100017,170,100321,170,99741,170,100441,100,99608,100,100504,100,99594,100,100543,100,99344,100,100639,100,99151,100,100642,100,,
2019-06-28 10:09:20.000000000,100208,219,100095,219,100235,215,100075,215,100311,215,100060,215,100321,100,100017,100,100441,100,99741,100,100504,100,99608,100,100543,100,99594,100,100639,100,99344,100,100642,100,99151,100,100684,100,,
2019-06-28 10:09:29.629565034,100208,119,100095,219,100235,215,100075,215,100311,215,100060,215,100321,100,100017,100,100441,100,99741,100,100504,100,99608,100,100543,100,99594,100,100639,100,99344,100,100642,100,99151,100,100684,100,,
2019-06-28 10:09:30.000000000,100235,187,100095,187,100311,187,100075,187,100321,187,100060,187,100441,187,100017,187,100504,100,99741,100,100543,100,99608,100,100639,100,99594,100,100642,100,99344,100,100684,100,99151,100,100776,100,,
2019-06-28 10:09:33.390421061,100235,187,100095,87,100311,187,100075,187,100321,187,100060,187,100441,187,100017,187,100504,100,99741,100,100543,100,99608,100,100639,100,99594,100,100642,100,99344,100,100684,100,99151,100,100776,100,,
2019-06-28 10:09:34.205721885,100235,187,100095,87,100311,187,100075,187,100321,187,100060,187,100374,100,100017,187,100441,187,99741,100,100504,100,99608,100,100543,100,99594,100,100639,100,99344,100,100642,100,99151,100,100684,100,,
2019-06-28 10:09:40.000000000,100235,449,100075,449,100311,100,100060,100,100321,100,100017,100,100374,100,99741,100,100441,100,99608,100,100504,100,99594,100,100543,100,99344,100,100639,100,99151,100,100642,100,,,100684,100,,
2019-06-28 10:09:42.153947694,100235,449,100075,449,100276,100,100060,100,100311,100,100017,100,100321,100,99741,100,100374,100,99608,100,100441,100,99594,100,100504,100,99344,100,100543,100,99151,100,100639,100,,,100642,100,,
2019-06-28 10:09:49.149368190,100235,449,100112,100,100276,100,100075,449,100311,100,100060,100,100321,100,100017,100,100374,100,99741,100,100441,100,99608,100,100504,100,99594,100,100543,100,99344,100,100639,100,99151,100,100642,100,,
2019-06-28 10:09:50.000000000,100235,219,100112,219,100276,215,100075,215,100311,215,100060,215,100321,100,100017,100,100374,100,99741,100,100441,100,99608,100,100504,100,99594,100,100543,100,99344,100,100639,100,99151,100,100642,100,,
2019-06-28 10:09:55.447580888,100235,219,100112,119,100276,215,100075,215,100311,215,100060,215,100321,100,100017,100,100374,100,99741,100,100441,100,99608,100,100504,100,99594,100,100543,100,99344,100,100639,100,99151,100,100642,100,,
2019-06-28 10:10:00.000000000,100235,170,100075,170,100276,170,100060,170,100311,170,100017,170,100321,170,99741,170,100374,170,99608,170,100441,100,99594,100,100504,100,99344,100,100543,100,99151,100,100639,100,,,100642,100,,
2019-06-28 10:10:02.540268083,100235,170,100075,170,100276,170,100060,170,100311,170,100017,170,100321,170,99816,100,100374,170,99741,170,100441,100,99608,170,100504,100,99594,100,100543,100,99344,100,100639,100,99151,100,100642,100,,
2019-06-28 10:10:10.000000000,100235,187,100075,187,100276,187,100060,187,100311,187,100017,187,100321,187,99816,187,100374,100,99741,100,100441,100,99608,100,100504,100,99594,100,100543,100,99344,100,100639,100,99151,100,100642,100,,
2019-06-28 10:10:14.910619514,100235,187,100114,100,100276,187,100075,187,100311,187,100060,187,100321,187,100017,187,100374,100,99816,187,100441,100,99741,100,100504,100,99608,100,100543,100,99594,100,100639,100,99344,100,100642,100,99151,100
2019-06-28 10:10:20.000000000,100235,219,100114,219,100276,215,100075,215,100311,215,100060,215,100321,100,100017,100,100374,100,99816,100,100441,100,99741,100,100504,100,99608,100,100543,100,99594,100,100639,100,99344,100,100642,100,99151,100
2019-06-28 10:10:20.472620315,100235,219,100114,119,100276,215,100075,215,100311,215,100060,215,100321,100,100017,100,100374,100,99816,100,100441,100,99741,100,100504,100,99608,100,100543,100,99594,100,100639,100,99344,100,100642,100,99151,100
2019-06-28 10:10:29.123891147,100235,219,100114,119,100276,215,100075,215,100311,215,100060,215,100321,100,100017,100,100374,100,99963,100,100441,100,99816,100,100504,100,99741,100,100543,100,99608,100,100639,100,99594,100,100642,100,99344,100
2019-06-28 10:10:30.000000000,100235,274,100075,274,100276,274,100060,274,100311,100,100017,100,100321,100,99963,100,100374,100,99816,100,100441,100,99741,100,100504,100,99608,100,100543,100,99594,100,100639,100,99344,100,100642,100,99151,100
2019-06-28 10:10:40.000000000,100235,219,100075,219,100276,215,100060,215,100311,215,100017,215,100321,100,99963,100,100374,100,99816,100,100441,100,99741,100,100504,100,99608,100,100543,100,99594,100,100639,100,99344,100,100642,100,99151,100
2019-06-28 10:10:50.000000000,100235,274,100075,274,100276,274,100060,274,100311,100,100017,100,100321,100,99963,100,100374,100,99816,100,100441,100,99741,100,100504,100,99608,100,100543,100,99594,100,100639,100,99344,100,100642,100,99151,100
2019-06-28 10:11:00.000000000,100235,449,100075,449,100276,100,100060,100,100311,100,100017,100,100321,100,99963,100,100374,100,99816,100,100441,100,99741,100,100504,100,99608,100,100543,100,99594,100,100639,100,99344,100,100642,100,99151,100
2019-06-28 10:11:05.592945524,100235,449,100075,449,100276,100,100060,100,100311,100,100017,100,100321,100,100014,100,100374,100,99963,100,100441,100,99816,100,100504,100,99741,100,100543,100,99608,100,100639,100,99594,100,100642,100,99344,100
2019-06-28 10:11:10.000000000,100235,187,100075,187,100276,187,100060,187,100311,187,100017,187,100321,187,100014,187,100374,100,99963,100,100441,100,99816,100,100504,100,99741,100,100543,100,99608,100,100639,100,99594,100,100642,100,99344,100
