,ask_price_1,ask_size_1,bid_price_1,bid_size_1,ask_price_2,ask_size_2,bid_price_2,bid_size_2,ask_price_3,ask_size_3,bid_price_3,bid_size_3,ask_price_4,ask_size_4,bid_price_4,bid_size_4,ask_price_5,ask_size_5,bid_price_5,bid_size_5,ask_price_6,ask_size_6,bid_price_6,bid_size_6,ask_price_7,ask_size_7,bid_price_7,bid_size_7,ask_price_8,ask_size_8,bid_price_8,bid_size_8,ask_price_9,ask_size_9,bid_price_9,bid_size_9,ask_price_10,ask_size_10,bid_price_10,bid_size_10
2019-06-28 09:30:00.000000000,,,99945,100,,,,,,,,,,,,,,,,,,,,,,,,,,,,,,,,,,,,
2019-06-28 09:30:00.000000003,100090,100,99945,100,,,99905,100,,,,,,,,,,,,,,,,,,,,,,,,,,,,,,,,
2019-06-28 09:30:00.000000006,100064,100,99954,100,100090,100,99945,100,,,99905,100,,,99888,100,,,,,,,,,,,,,,,,,,,,,,,,
2019-06-28 09:30:00.000000007,100041,100,99954,100,100064,100,99945,100,100090,100,99905,100,,,99888,100,,,,,,,,,,,,,,,,,,,,,,,,
2019-06-28 09:30:00.000000008,100041,100,99954,100,100064,100,99945,100,100090,100,99905,100,100202,100,99888,100,,,,,,,,,,,,,,,,,,,,,,,,
2019-06-28 09:30:00.000000009,100041,100,99954,100,100064,100,99946,100,100090,100,99945,100,100202,100,99905,100,,,99888,100,,,,,,,,,,,,,,,,,,,,
2019-06-28 09:30:00.000000010,100041,100,99954,100,100064,100,99946,100,100084,100,99945,100,100090,100,99905,100,100147,100,99888,100,100202,100,,,,,,,,,,,,,,,,,,
2019-06-28 09:30:00.000000012,100031,100,99954,100,100041,100,99946,100,100064,100,99945,100,100084,100,99905,100,100090,100,99888,100,100147,100,,,100202,100,,,,,,,,,,,,,,
2019-06-28 09:30:00.000000013,100031,100,99954,100,100041,100,99946,100,100064,100,99945,100,100084,100,99905,100,100090,100,99888,100,100107,100,99802,100,100147,100,,,100202,100,,,,,,,,,,
2019-06-28 09:30:00.000000015,100015,100,99954,100,100031,100,99946,100,100041,100,99945,100,100060,100,99905,100,100064,100,99888,100,100084,100,99802,100,100090,100,,,100107,100,,,100147,100,,,100202,100,,
2019-06-28 09:30:00.000000016,100015,100,99954,100,100031,100,99946,100,100041,100,99945,100,100060,100,99905,100,100064,100,99888,100,100084,100,99835,100,100090,100,99802,100,100107,100,,,100147,100,,,100202,100,,
2019-06-28 09:30:00.000000017,99990,100,99954,100,100015,100,99946,100,100031,100,99945,100,100041,100,99905,100,100060,100,99888,100,100064,100,99835,100,100084,100,99802,100,100090,100,,,100107,100,,,100147,100,,
2019-06-28 09:30:00.000000018,100031,100,99954,100,100041,100,99946,100,100060,100,99945,100,100064,100,99905,100,100084,100,99888,100,100090,100,99835,100,100107,100,99802,100,100147,100,,,100202,100,,,,,,
2019-06-28 09:30:00.000000020,100031,100,99954,100,100041,100,99946,100,100060,100,99945,100,100064,100,99905,100,100084,100,99888,100,100090,100,99835,100,100107,100,99802,100,100147,100,,,100176,100,,,100202,100,,
2019-06-28 09:30:00.000000023,100015,100,99954,100,100031,100,99946,100,100041,100,99945,100,100060,100,99924,100,100064,100,99905,100,100084,100,99888,100,100090,100,99835,100,100107,100,99802,100,100120,100,,,100147,100,,
2019-06-28 09:30:00.000000024,100015,200,99954,100,100031,100,99946,100,100041,100,99945,100,100060,100,99924,100,100064,100,99905,100,100084,100,99888,100,100090,100,99835,100,100107,100,99802,100,100120,100,,,100147,100,,
2019-06-28 09:30:00.000000032,100015,200,99990,100,100031,100,99954,100,100041,100,99946,100,100060,100,99945,100,100064,100,99924,100,100084,100,99905,100,100090,100,99888,100,100107,100,99835,100,100120,100,99802,100,100147,100,,
2019-06-28 09:30:00.000000037,100015,200,99990,100,100031,100,99954,100,100041,100,99946,100,100060,100,99945,100,100064,100,99924,100,100084,200,99905,100,100090,100,99888,100,100107,100,99835,100,100120,100,99802,100,100147,100,,
2019-06-28 09:30:00.000000041,100014,100,99990,100,100015,200,99954,100,100031,100,99946,100,100041,100,99945,100,100060,100,99924,100,100064,100,99905,100,100084,200,99888,100,100090,100,99835,100,100107,100,99802,100,100120,100,,
2019-06-28 09:30:00.000000042,100014,100,99990,100,100015,200,99955,100,100031,100,99954,100,100041,100,99946,100,100060,100,99945,100,100064,100,99924,100,100084,200,99905,100,100090,100,99888,100,100107,100,99835,100,100120,100,99802,100
2019-06-28 09:30:00.000000043,100014,100,99990,100,100015,200,99955,100,100031,100,99954,100,100041,100,99946,100,100043,100,99945,100,100060,100,99924,100,100064,100,99905,100,100084,200,99888,100,100090,100,99835,100,100107,100,99802,100
2019-06-28 09:30:00.000000046,100014,100,100005,100,100015,200,99990,100,100031,100,99955,100,100041,100,99954,100,100043,100,99946,100,100060,100,99945,100,100064,100,99924,100,100084,200,99905,100,100090,100,99888,100,100107,100,99835,100
2019-06-28 09:30:00.000000047,100014,100,100005,100,100015,200,99990,100,100031,100,99955,100,100041,100,99954,100,100043,100,99946,100,100060,100,99945,100,100064,100,99924,100,100071,100,99905,100,100084,200,99888,100,100090,100,99835,100
2019-06-28 09:30:00.000000048,100014,100,100005,100,100015,200,99990,100,100031,100,99955,100,100041,100,99954,100,100043,100,99946,100,100060,100,99945,100,100064,100,99924,100,100071,100,99905,100,100084,200,99888,100,100090,100,99835,100
2019-06-28 09:30:00.000000051,100014,100,100005,100,100015,200,99990,100,100031,100,99955,100,100041,100,99954,100,100043,100,99946,100,100060,100,99945,100,100064,100,99924,100,100071,100,99905,100,100084,200,99888,100,100090,100,99835,100
2019-06-28 09:30:00.000000052,100014,100,100005,100,100015,200,99990,100,100024,100,99955,100,100031,100,99954,100,100041,100,99946,100,100043,100,99945,100,100060,100,99924,100,100064,100,99905,100,100071,100,99888,100,100084,200,99835,100
2019-06-28 09:30:00.000000054,100014,100,99990,100,100015,200,99955,100,100024,100,99954,100,100031,100,99946,100,100041,100,99945,100,100043,100,99924,100,100048,100,99905,100,100060,100,99888,100,100064,100,99835,100,100071,100,99802,100
2019-06-28 09:30:00.000000055,100015,200,99990,100,100024,100,99955,100,100031,100,99954,100,100041,100,99946,100,100043,100,99945,100,100048,100,99924,100,100060,100,99905,100,100064,100,99888,100,100071,100,99835,100,100084,200,99802,100
2019-06-28 09:30:00.000000056,100014,100,99990,100,100015,200,99955,100,100024,100,99954,100,100031,100,99946,100,100041,100,99945,100,100043,100,99924,100,100048,100,99905,100,100060,100,99888,100,100064,100,99835,100,100071,100,99802,100
2019-06-28 09:30:00.000000058,100014,100,99990,100,100015,200,99955,100,100024,100,99954,100,100031,100,99946,100,100041,100,99945,100,100043,100,99924,100,100048,100,99905,100,100060,100,99888,100,100064,100,99835,100,100071,100,99802,100
2019-06-28 09:30:00.000000065,100014,100,99990,100,100015,200,99955,100,100024,100,99954,100,100031,100,99946,100,100041,100,99945,100,100043,100,99930,100,100048,100,99924,100,100060,100,99905,100,100064,100,99888,100,100071,100,99835,100
2019-06-28 09:30:00.000000067,100014,100,99955,100,100015,200,99954,100,100024,100,99946,100,100031,100,99945,100,100041,100,99930,100,100043,100,99924,100,100048,100,99905,100,100060,100,99888,100,100064,100,99835,100,100071,100,99802,100
2019-06-28 09:30:00.000000069,100014,100,99955,100,100015,200,99954,100,100024,100,99946,100,100031,100,99945,100,100041,100,99930,100,100043,100,99924,100,100048,100,99916,100,100060,100,99905,100,100064,100,99888,100,100071,100,99835,100
2019-06-28 09:30:00.000000070,100014,100,99955,100,100015,200,99954,100,100024,100,99946,100,100031,100,99945,100,100041,100,99930,100,100043,100,99924,100,100048,100,99916,100,100060,100,99905,100,100064,100,99904,100,100071,100,99888,100
2019-06-28 09:30:00.000000072,100014,100,99972,100,100015,200,99955,100,100024,100,99954,100,100031,100,99946,100,100041,100,99945,100,100043,100,99930,100,100048,100,99924,100,100060,100,99916,100,100064,100,99915,100,100071,100,99905,100
2019-06-28 09:30:00.000000074,100014,100,99978,100,100015,200,99972,100,100024,100,99955,100,100031,100,99954,100,100041,100,99946,100,100043,100,99945,100,100048,100,99930,100,100060,100,99924,100,100064,100,99916,100,100071,100,99915,100
2019-06-28 09:30:00.000000078,100014,100,99978,100,100015,200,99972,100,100024,100,99955,100,100031,100,99954,100,100041,100,99946,100,100043,100,99945,100,100048,100,99930,100,100060,100,99924,100,100064,100,99916,100,100071,100,99915,100
2019-06-28 09:30:00.000000079,100014,100,99978,100,100015,200,99972,100,100024,100,99955,100,100031,100,99954,100,100041,100,99946,100,100043,100,99945,100,100048,100,99930,100,100060,100,99924,100,100064,100,99916,100,100071,100,99915,100
2019-06-28 09:30:00.000000082,100014,100,99978,100,100015,200,99972,100,100024,100,99955,100,100031,100,99954,100,100041,100,99946,100,100043,100,99945,100,100048,100,99930,100,100060,100,99924,100,100064,100,99916,100,100071,100,99915,100
2019-06-28 09:30:00.000000083,100014,100,99978,100,100015,200,99972,100,100024,100,99955,100,100031,100,99954,200,100041,100,99946,100,100043,100,99945,100,100048,100,99930,100,100060,100,99924,100,100064,100,99916,100,100071,100,99915,100
2019-06-28 09:30:00.000000087,100014,100,99978,100,100015,200,99972,100,100024,100,99955,100,100031,100,99954,200,100041,100,99946,100,100043,100,99945,100,100048,100,99930,100,100060,100,99924,100,100064,100,99916,100,100071,100,99915,100
2019-06-28 09:30:00.000000089,100014,100,99978,100,100015,200,99972,100,100024,100,99955,100,100031,100,99954,200,100041,100,99946,100,100043,100,99945,100,100048,100,99930,100,100060,100,99924,100,100064,100,99916,100,100071,100,99915,100
2019-06-28 09:30:00.000000090,100014,100,99990,100,100015,200,99978,100,100024,100,99972,100,100031,100,99955,100,100041,100,99954,200,100043,100,99946,100,100048,100,99945,100,100060,100,99930,100,100064,100,99924,100,100071,100,99916,100
2019-06-28 09:30:00.000000091,100014,100,99990,100,100015,200,99978,100,100024,100,99972,100,100031,100,99955,100,100041,100,99954,200,100043,100,99946,100,100048,100,99945,100,100060,100,99930,100,100064,100,99924,100,100071,100,99916,100
2019-06-28 09:30:00.000000093,100013,100,99990,100,100014,100,99978,100,100015,200,99972,100,100024,100,99955,100,100031,100,99954,200,100041,100,99946,100,100043,100,99945,100,100048,100,99930,100,100060,100,99924,100,100064,100,99916,100
2019-06-28 09:30:00.000000095,100013,100,99990,100,100014,100,99978,100,100015,200,99972,100,100024,100,99955,100,100031,100,99954,200,100041,100,99946,100,100043,100,99945,100,100048,100,99930,100,100060,100,99924,100,100064,100,99916,100
2019-06-28 09:30:00.000000097,100013,100,99990,100,100014,100,99978,100,100015,200,99972,100,100024,100,99966,100,100031,100,99955,100,100041,100,99954,200,100043,100,99946,100,100048,100,99945,100,100060,100,99930,100,100064,100,99924,100
2019-06-28 09:30:00.000000098,100013,100,99990,100,100014,100,99978,100,100015,200,99972,100,100024,100,99966,100,100031,100,99955,100,100041,100,99954,200,100043,100,99946,100,100048,100,99945,100,100060,100,99930,100,100064,100,99924,100
2019-06-28 09:30:00.000000099,100013,100,99990,100,100014,100,99978,100,100015,200,99972,100,100024,100,99966,100,100031,100,99955,100,100041,100,99954,200,100043,100,99946,100,100048,100,99945,100,100060,100,99932,100,100064,100,99930,100
2019-06-28 09:30:10.000000000,100013,190,99990,190,100014,188,99978,188,100015,288,99972,188,100024,100,99966,100,100031,100,99955,100,100041,100,99954,200,100043,100,99946,100,100048,100,99945,100,100060,100,99932,100,100064,100,99930,100
2019-06-28 09:30:11.655880679,100013,190,99990,90,100014,188,99978,188,100015,288,99972,188,100024,100,99966,100,100031,100,99955,100,100041,100,99954,200,100043,100,99946,100,100048,100,99945,100,100060,100,99932,100,100064,100,99930,100
2019-06-28 09:30:20.000000000,100013,233,99978,233,100014,233,99972,233,100015,200,99966,100,100024,100,99955,100,100031,100,99954,200,100041,100,99946,100,100043,100,99945,100,100048,100,99932,100,100060,100,99930,100,100064,100,99924,100
2019-06-28 09:30:22.834893317,100013,233,99978,133,100014,233,99972,233,100015,200,99966,100,100024,100,99955,100,100041,100,99954,200,100043,100,99946,100,100048,100,99945,100,100060,100,99932,100,100064,100,99930,100,100071,100,99924,100
2019-06-28 09:30:30.000000000,100013,153,99972,153,100014,153,99966,153,100015,253,99955,153,100024,153,99954,253,100041,153,99946,153,100043,100,99945,100,100048,100,99932,100,100060,100,99930,100,100064,100,99924,100,100071,100,99916,100
2019-06-28 09:30:37.694752289,100013,153,99979,100,100014,153,99972,153,100015,253,99966,153,100024,153,99955,153,100041,153,99954,253,100043,100,99946,153,100048,100,99945,100,100060,100,99932,100,100064,100,99930,100,100071,100,99924,100
2019-06-28 09:30:40.000000000,100013,366,99979,366,100014,100,99972,100,100015,200,99966,100,100024,100,99955,100,100041,100,99954,200,100043,100,99946,100,100048,100,99945,100,100060,100,99932,100,100064,100,99930,100,100071,100,99924,100
2019-06-28 09:30:46.123403739,100013,366,99979,366,100014,100,99972,100,100015,200,99966,100,100024,100,99955,100,100041,100,99954,200,100043,100,99946,100,100048,100,99945,100,100060,100,99932,100,100064,100,99930,100,100071,100,99924,100
2019-06-28 09:30:50.000000000,100013,233,99979,233,100014,233,99972,233,100015,200,99966,100,100024,100,99955,100,100041,100,99954,200,100043,100,99946,100,100048,100,99945,100,100060,100,99932,100,100064,100,99930,100,100071,100,99924,100
2019-06-28 09:30:56.969828389,100013,233,99979,233,100014,233,99972,233,100015,200,99966,100,100024,100,99957,100,100041,100,99955,100,100043,100,99954,200,100048,100,99946,100,100060,100,99945,100,100064,100,99932,100,100071,100,99930,100
2019-06-28 09:31:00.000000000,100013,233,99979,233,100014,233,99972,233,100015,200,99966,100,100024,100,99957,100,100041,100,99955,100,100043,100,99954,200,100048,100,99946,100,100060,100,99945,100,100064,100,99932,100,100071,100,99930,100
2019-06-28 09:31:10.000000000,100013,190,99979,190,100014,188,99972,188,100015,288,99966,188,100024,100,99957,100,100041,100,99955,100,100043,100,99954,200,100048,100,99946,100,100060,100,99945,100,100064,100,99932,100,100071,100,99930,100
2019-06-28 09:31:20.000000000,100013,233,99979,233,100014,233,99972,233,100015,200,99966,100,100024,100,99957,100,100041,100,99955,100,100043,100,99954,200,100048,100,99946,100,100060,100,99945,100,100064,100,99932,100,100071,100,99930,100
2019-06-28 09:31:30.000000000,100013,366,99979,366,100014,100,99972,100,100015,200,99966,100,100024,100,99957,100,100041,100,99955,100,100043,100,99954,200,100048,100,99946,100,100060,100,99945,100,100064,100,99932,100,100071,100,99930,100
2019-06-28 09:31:40.000000000,100013,233,99979,233,100014,233,99972,233,100015,200,99966,100,100024,100,99957,100,100041,100,99955,100,100043,100,99954,200,100048,100,99946,100,100060,100,99945,100,100064,100,99932,100,100071,100,99930,100
2019-06-28 09:31:50.000000000,100013,233,99979,233,100014,233,99972,233,100015,200,99966,100,100024,100,99957,100,100041,100,99955,100,100043,100,99954,200,100048,100,99946,100,100060,100,99945,100,100064,100,99932,100,100071,100,99930,100
2019-06-28 09:31:54.847904942,100013,233,99979,233,100014,233,99972,233,100015,200,99966,100,100024,100,99957,100,100041,100,99955,100,100048,100,99954,200,100060,100,99946,100,100064,100,99945,100,100071,100,99932,100,100078,100,99930,100
2019-06-28 09:32:00.000000000,100013,166,99979,166,100014,166,99972,166,100015,266,99966,166,100024,166,99957,166,100041,100,99955,100,100048,100,99954,200,100060,100,99946,100,100064,100,99945,100,100071,100,99932,100,100078,100,99930,100
2019-06-28 09:32:10.000000000,100013,153,99979,153,100014,153,99972,153,100015,253,99966,153,100024,153,99957,153,100041,153,99955,153,100048,100,99954,200,100060,100,99946,100,100064,100,99945,100,100071,100,99932,100,100078,100,99930,100
2019-06-28 09:32:20.000000000,100013,153,99979,153,100014,153,99972,153,100015,253,99966,153,100024,153,99957,153,100041,153,99955,153,100048,100,99954,200,100060,100,99946,100,100064,100,99945,100,100071,100,99932,100,100078,100,99930,100
2019-06-28 09:32:21.300666024,100013,153,99979,153,100014,153,99972,153,100015,253,99966,153,100024,153,99957,153,100041,153,99955,153,100048,100,99954,200,100060,100,99946,100,100064,100,99945,100,100071,100,99932,100,100078,100,99930,100
2019-06-28 09:32:30.000000000,100013,166,99979,166,100014,166,99972,166,100015,266,99966,166,100024,166,99957,166,100041,100,99955,100,100048,100,99954,200,100060,100,99946,100,100064,100,99945,100,100071,100,99932,100,100078,100,99930,100
2019-06-28 09:32:40.000000000,100013,366,99979,366,100014,100,99972,100,100015,200,99966,100,100024,100,99957,100,100041,100,99955,100,100048,100,99954,200,100060,100,99946,100,100064,100,99945,100,100071,100,99932,100,100078,100,99930,100
2019-06-28 09:32:50.000000000,100013,166,99979,166,100014,166,99972,166,100015,266,99966,166,100024,166,99957,166,100041,100,99955,100,100048,100,99954,200,100060,100,99946,100,100064,100,99945,100,100071,100,99932,100,100078,100,99930,100
2019-06-28 09:32:55.945642699,100013,166,99991,100,100014,166,99979,166,100015,266,99972,166,100024,166,99966,166,100041,100,99957,166,100048,100,99955,100,100060,100,99954,200,100064,100,99946,100,100071,100,99945,100,100078,100,99932,100
2019-06-28 09:33:00.000000000,100013,153,99991,153,100014,153,99979,153,100015,253,99972,153,100024,153,99966,153,100041,153,99957,153,100048,100,99955,100,100060,100,99954,200,100064,100,99946,100,100071,100,99945,100,100078,100,99932,100
2019-06-28 09:33:02.267313743,100013,53,99991,153,100014,153,99979,153,100015,253,99972,153,100024,153,99966,153,100041,153,99957,153,100048,100,99955,100,100060,100,99954,200,100064,100,99946,100,100071,100,99945,100,100078,100,99932,100
2019-06-28 09:33:10.000000000,100014,233,99991,233,100015,333,99979,233,100024,100,99972,100,100041,100,99966,100,100048,100,99957,100,100060,100,99955,100,100064,100,99954,200,100071,100,99946,100,100078,100,99945,100,100080,100,99932,100
2019-06-28 09:33:19.964864563,100014,133,99991,233,100015,333,99979,233,100024,100,99972,100,100041,100,99966,100,100048,100,99957,100,100060,100,99955,100,100064,100,99954,200,100071,100,99946,100,100078,100,99945,100,100080,100,99932,100
2019-06-28 09:33:20.000000000,100015,333,99991,233,100024,233,99979,233,100041,100,99972,100,100048,100,99966,100,100060,100,99957,100,100064,100,99955,100,100071,100,99954,200,100078,100,99946,100,100080,100,99945,100,100084,100,99932,100
2019-06-28 09:33:30.000000000,100015,466,99991,366,100024,100,99979,100,100041,100,99972,100,100048,100,99966,100,100060,100,99957,100,100064,100,99955,100,100071,100,99954,200,100078,100,99946,100,100080,100,99945,100,100084,100,99932,100
2019-06-28 09:33:35.876206092,100015,466,99991,366,100024,100,99979,100,100041,100,99972,100,100048,100,99966,100,100060,100,99957,100,100064,100,99955,100,100071,100,99954,200,100078,100,99946,100,100080,100,99945,100,100084,100,99932,100
2019-06-28 09:33:40.000000000,100015,466,99991,366,100024,100,99979,100,100041,100,99972,100,100048,100,99966,100,100060,100,99957,100,100064,100,99955,100,100071,100,99954,200,100078,100,99946,100,100080,100,99945,100,100084,100,99932,100
2019-06-28 09:33:50.000000000,100015,266,99991,166,100024,166,99979,166,100041,166,99972,166,100048,166,99966,166,100060,100,99957,100,100064,100,99955,100,100071,100,99954,200,100078,100,99946,100,100080,100,99945,100,100084,100,99932,100
2019-06-28 09:34:00.000000000,100015,333,99991,233,100024,233,99979,233,100041,100,99972,100,100048,100,99966,100,100060,100,99957,100,100064,100,99955,100,100071,100,99954,200,100078,100,99946,100,100080,100,99945,100,100084,100,99932,100
2019-06-28 09:34:10.000000000,100015,253,99991,153,100024,153,99979,153,100041,153,99972,153,100048,153,99966,153,100060,153,99957,153,100064,100,99955,100,100071,100,99954,200,100078,100,99946,100,100080,100,99945,100,100084,100,99932,100
2019-06-28 09:34:11.260972267,100015,153,99991,153,100024,153,99979,153,100041,153,99972,153,100048,153,99966,153,100060,153,99957,153,100064,100,99955,100,100071,100,99954,200,100078,100,99946,100,100080,100,99945,100,100084,100,99932,100
2019-06-28 09:34:20.000000000,100015,190,99991,190,100024,188,99979,188,100041,188,99972,188,100048,100,99966,100,100060,100,99957,100,100064,100,99955,100,100071,100,99954,200,100078,100,99946,100,100080,100,99945,100,100084,100,99932,100
2019-06-28 09:34:30.000000000,100015,166,99991,166,100024,166,99979,166,100041,166,99972,166,100048,166,99966,166,100060,100,99957,100,100064,100,99955,100,100071,100,99954,200,100078,100,99946,100,100080,100,99945,100,100084,100,99932,100
2019-06-28 09:34:40.000000000,100015,153,99991,153,100024,153,99979,153,100041,153,99972,153,100048,153,99966,153,100060,153,99957,153,100064,100,99955,100,100071,100,99954,200,100078,100,99946,100,100080,100,99945,100,100084,100,99932,100
2019-06-28 09:34:50.000000000,100015,190,99991,190,100024,188,99979,188,100041,188,99972,188,100048,100,99966,100,100060,100,99957,100,100064,100,99955,100,100071,100,99954,200,100078,100,99946,100,100080,100,99945,100,100084,100,99932,100
2019-06-28 09:35:00.000000000,100015,190,99991,190,100024,188,99979,188,100041,188,99972,188,100048,100,99966,100,100060,100,99957,100,100064,100,99955,100,100071,100,99954,200,100078,100,99946,100,100080,100,99945,100,100084,100,99932,100
2019-06-28 09:35:10.000000000,100015,366,99991,366,100024,100,99979,100,100041,100,99972,100,100048,100,99966,100,100060,100,99957,100,100064,100,99955,100,100071,100,99954,200,100078,100,99946,100,100080,100,99945,100,100084,100,99932,100
2019-06-28 09:35:20.000000000,100015,233,99991,233,100024,233,99979,233,100041,100,99972,100,100048,100,99966,100,100060,100,99957,100,100064,100,99955,100,100071,100,99954,200,100078,100,99946,100,100080,100,99945,100,100084,100,99932,100
2019-06-28 09:35:30.000000000,100015,233,99991,233,100024,233,99979,233,100041,100,99972,100,100048,100,99966,100,100060,100,99957,100,100064,100,99955,100,100071,100,99954,200,100078,100,99946,100,100080,100,99945,100,100084,100,99932,100
2019-06-28 09:35:40.000000000,100015,166,99991,166,100024,166,99979,166,100041,166,99972,166,100048,166,99966,166,100060,100,99957,100,100064,100,99955,100,100071,100,99954,200,100078,100,99946,100,100080,100,99945,100,100084,100,99932,100
2019-06-28 09:35:48.643483630,100015,66,99991,166,100024,166,99979,166,100041,166,99972,166,100048,166,99966,166,100060,100,99957,100,100064,100,99955,100,100071,100,99954,200,100078,100,99946,100,100080,100,99945,100,100084,100,99932,100
2019-06-28 09:35:50.000000000,100024,190,99991,190,100041,188,99979,188,100048,188,99972,188,100060,100,99966,100,100064,100,99957,100,100071,100,99955,100,100078,100,99954,200,100080,100,99946,100,100084,100,99945,100,100090,100,99932,100
2019-06-28 09:36:00.000000000,100024,153,99991,153,100041,153,99979,153,100048,153,99972,153,100060,153,99966,153,100064,153,99957,153,100071,100,99955,100,100078,100,99954,200,100080,100,99946,100,100084,100,99945,100,100090,100,99932,100
2019-06-28 09:36:10.000000000,100024,166,99991,166,100041,166,99979,166,100048,166,99972,166,100060,166,99966,166,100064,100,99957,100,100071,100,99955,100,100078,100,99954,200,100080,100,99946,100,100084,100,99945,100,100090,100,99932,100
2019-06-28 09:36:20.000000000,100024,153,99991,153,100041,153,99979,153,100048,153,99972,153,100060,153,99966,153,100064,153,99957,153,100071,100,99955,100,100078,100,99954,200,100080,100,99946,100,100084,100,99945,100,100090,100,99932,100
2019-06-28 09:36:30.000000000,100024,233,99991,233,100041,233,99979,233,100048,100,99972,100,100060,100,99966,100,100064,100,99957,100,100071,100,99955,100,100078,100,99954,200,100080,100,99946,100,100084,100,99945,100,100090,100,99932,100
2019-06-28 09:36:34.202789064,100024,233,99991,233,100041,233,99979,233,100048,100,99972,100,100060,100,99966,100,100064,100,99957,100,100071,100,99955,100,100078,100,99954,200,100080,100,99946,100,100084,100,99945,100,100090,100,99932,100
2019-06-28 09:36:40.000000000,100024,153,99991,153,100041,153,99979,153,100048,153,99972,153,100060,153,99966,153,100064,153,99957,153,100071,100,99955,100,100078,100,99954,200,100080,100,99946,100,100084,100,99945,100,100090,100,99932,100
2019-06-28 09:36:50.000000000,100024,366,99991,366,100041,100,99979,100,100048,100,99972,100,100060,100,99966,100,100064,100,99957,100,100071,100,99955,100,100078,100,99954,200,100080,100,99946,100,100084,100,99945,100,100090,100,99932,100
2019-06-28 09:36:50.188278842,100024,366,99991,366,100041,100,99979,100,100048,100,99972,100,100060,100,99957,100,100064,100,99955,100,100071,100,99954,300,100078,100,99946,100,100080,100,99945,100,100084,100,99932,100,100090,100,99930,100
2019-06-28 09:37:00.000000000,100024,166,99991,166,100041,166,99979,166,100048,166,99972,166,100060,166,99957,166,100064,100,99955,100,100071,100,99954,300,100078,100,99946,100,100080,100,99945,100,100084,100,99932,100,100090,100,99930,100
2019-06-28 09:37:02.714969071,100024,66,99991,166,100041,166,99979,166,100048,166,99972,166,100060,166,99957,66,100064,100,99955,100,100071,100,99954,300,100078,100,99946,100,100080,100,99945,100,100084,100,99932,100,100090,100,99930,100
2019-06-28 09:37:05.742772512,100024,66,99991,166,100041,166,99979,166,100048,166,99972,166,100060,166,99957,66,100064,100,99955,100,100071,100,99954,300,100078,100,99946,100,100080,100,99945,100,100084,100,99932,100,100090,100,99930,100
2019-06-28 09:37:08.796928913,100024,66,99991,166,100041,166,99979,166,100048,166,99972,166,100060,166,99957,66,100064,200,99955,100,100071,100,99954,300,100078,100,99946,100,100080,100,99945,100,100084,100,99932,100,100090,100,99916,100
2019-06-28 09:37:10.000000000,100041,190,99991,190,100048,188,99979,188,100060,188,99972,188,100064,200,99955,100,100071,100,99954,300,100078,100,99946,100,100080,100,99945,100,100084,100,99932,100,100090,100,99916,100,100092,100,99915,100
2019-06-28 09:37:11.405257564,100041,190,99991,190,100048,188,99979,188,100060,188,99972,188,100064,200,99954,300,100071,100,99946,100,100078,100,99945,100,100080,100,99932,100,100084,100,99916,100,100090,100,99915,100,100092,100,99905,100
2019-06-28 09:37:12.475158942,100041,190,99991,190,100048,188,99979,188,100060,188,99972,188,100064,200,99954,300,100071,100,99946,100,100078,100,99945,100,100080,100,99932,100,100084,100,99916,100,100090,100,99915,100,100092,100,99905,100
2019-06-28 09:37:13.604504212,100041,90,99991,190,100048,188,99979,188,100060,188,99972,188,100064,200,99954,300,100078,100,99946,100,100080,100,99945,100,100084,100,99932,100,100090,100,99916,100,100092,100,99915,100,100107,100,99905,100
2019-06-28 09:37:20.000000000,100048,233,99991,233,100060,233,99979,233,100064,200,99972,100,100078,100,99954,300,100080,100,99946,100,100084,100,99945,100,100090,100,99932,100,100092,100,99916,100,100107,100,99915,100,100120,100,99905,100
2019-06-28 09:37:27.233756465,100048,233,99991,133,100060,233,99979,233,100064,200,99972,100,100078,100,99954,300,100080,100,99946,100,100084,100,99945,100,100090,100,99932,100,100092,100,99916,100,100107,100,99915,100,100120,100,99905,100
2019-06-28 09:37:30.000000000,100048,166,99979,166,100060,166,99972,166,100064,266,99954,366,100078,166,99946,166,100080,100,99945,100,100084,100,99932,100,100090,100,99916,100,100092,100,99915,100,100107,100,99905,100,100120,100,99904,100
2019-06-28 09:37:40.000000000,100048,233,99979,233,100060,233,99972,233,100064,200,99954,300,100078,100,99946,100,100080,100,99945,100,100084,100,99932,100,100090,100,99916,100,100092,100,99915,100,100107,100,99905,100,100120,100,99904,100
2019-06-28 09:37:47.166893457,100048,233,99992,100,100060,233,99979,233,100064,200,99972,233,100078,100,99954,300,100080,100,99945,100,100084,100,99932,100,100090,100,99916,100,100092,100,99915,100,100107,100,99905,100,100120,100,99904,100
2019-06-28 09:37:50.000000000,100048,233,99992,233,100060,233,99979,233,100064,200,99972,100,100078,100,99954,300,100080,100,99945,100,100084,100,99932,100,100090,100,99916,100,100092,100,99915,100,100107,100,99905,100,100120,100,99904,100
2019-06-28 09:38:00.000000000,100048,190,99992,190,100060,188,99979,188,100064,288,99972,188,100078,100,99954,300,100080,100,99945,100,100084,100,99932,100,100090,100,99916,100,100092,100,99915,100,100107,100,99905,100,100120,100,99904,100
2019-06-28 09:38:05.876408137,100048,190,99992,90,100060,188,99979,188,100064,288,99972,188,100078,100,99954,300,100080,100,99932,100,100084,100,99916,100,100090,100,99915,100,100092,100,99905,100,100107,100,99904,100,100120,100,99901,100
2019-06-28 09:38:10.000000000,100048,190,99979,190,100060,188,99972,188,100064,288,99954,388,100078,100,99932,100,100080,100,99916,100,100084,100,99915,100,100090,100,99905,100,100092,100,99904,100,100107,100,99901,100,100120,100,99898,100
2019-06-28 09:38:18.979896307,100048,190,99993,100,100060,188,99979,190,100064,288,99972,188,100078,100,99954,388,100080,100,99932,100,100084,100,99916,100,100090,100,99915,100,100092,100,99905,100,100107,100,99904,100,100120,100,99901,100
2019-06-28 09:38:20.000000000,100048,366,99993,366,100060,100,99979,100,100064,200,99972,100,100078,100,99954,300,100080,100,99932,100,100084,100,99916,100,100090,100,99915,100,100092,100,99905,100,100107,100,99904,100,100120,100,99901,100
2019-06-28 09:38:30.000000000,100048,366,99993,366,100060,100,99979,100,100064,200,99972,100,100078,100,99954,300,100080,100,99932,100,100084,100,99916,100,100090,100,99915,100,100092,100,99905,100,100107,100,99904,100,100120,100,99901,100
2019-06-28 09:38:31.070418760,100048,366,99993,366,100060,100,99979,100,100064,200,99972,100,100078,100,99954,300,100080,100,99932,100,100084,100,99916,100,100090,100,99915,100,100092,100,99905,100,100107,100,99904,100,100120,100,99901,100
2019-06-28 09:38:40.000000000,100048,166,99993,166,100060,166,99979,166,100064,266,99972,166,100078,166,99954,366,100080,100,99932,100,100084,100,99916,100,100090,100,99915,100,100092,100,99905,100,100107,100,99904,100,100120,100,99901,100
2019-06-28 09:38:50.000000000,100048,166,99993,166,100060,166,99979,166,100064,266,99972,166,100078,166,99954,366,100080,100,99932,100,100084,100,99916,100,100090,100,99915,100,100092,100,99905,100,100107,100,99904,100,100120,100,99901,100
2019-06-28 09:38:56.241698338,100048,166,99993,66,100060,166,99979,166,100064,266,99972,166,100078,166,99954,366,100080,100,99932,100,100084,100,99916,100,100090,100,99915,100,100092,100,99905,100,100107,100,99904,100,100120,100,99901,100
2019-06-28 09:39:00.000000000,100048,190,99979,190,100060,188,99972,188,100064,288,99954,388,100078,100,99932,100,100080,100,99916,100,100084,100,99915,100,100090,100,99905,100,100092,100,99904,100,100107,100,99901,100,100120,100,99898,100
2019-06-28 09:39:10.000000000,100048,233,99979,233,100060,233,99972,233,100064,200,99954,300,100078,100,99932,100,100080,100,99916,100,100084,100,99915,100,100090,100,99905,100,100092,100,99904,100,100107,100,99901,100,100120,100,99898,100
2019-06-28 09:39:20.000000000,100048,233,99979,233,100060,233,99972,233,100064,200,99954,300,100078,100,99932,100,100080,100,99916,100,100084,100,99915,100,100090,100,99905,100,100092,100,99904,100,100107,100,99901,100,100120,100,99898,100
2019-06-28 09:39:30.000000000,100048,366,99979,366,100060,100,99972,100,100064,200,99954,300,100078,100,99932,100,100080,100,99916,100,100084,100,99915,100,100090,100,99905,100,100092,100,99904,100,100107,100,99901,100,100120,100,99898,100
2019-06-28 09:39:40.000000000,100048,166,99979,166,100060,166,99972,166,100064,266,99954,366,100078,166,99932,166,100080,100,99916,100,100084,100,99915,100,100090,100,99905,100,100092,100,99904,100,100107,100,99901,100,100120,100,99898,100
2019-06-28 09:39:47.209866383,100048,166,99979,166,100060,166,99972,166,100064,266,99954,366,100078,166,99932,166,100080,100,99916,100,100084,100,99915,100,100090,100,99905,100,100092,100,99904,100,100107,100,99901,100,100120,100,99898,100
2019-06-28 09:39:50.000000000,100048,233,99979,233,100060,233,99972,233,100064,200,99954,300,100078,100,99932,100,100080,100,99916,100,100084,100,99915,100,100090,100,99905,100,100092,100,99904,100,100107,100,99901,100,100120,100,99898,100
2019-06-28 09:40:00.000000000,100048,153,99979,153,100060,153,99972,153,100064,253,99954,353,100078,153,99932,153,100080,153,99916,153,100084,100,99915,100,100090,100,99905,100,100092,100,99904,100,100107,100,99901,100,100120,100,99898,100
2019-06-28 09:40:09.165308279,100048,153,99979,153,100060,153,99972,153,100064,253,99954,353,100078,153,99932,153,100080,153,99916,153,100084,100,99915,100,100090,100,99905,100,100092,100,99901,100,100107,100,99898,100,100120,100,99880,100
2019-06-28 09:40:10.000000000,100048,366,99979,366,100060,100,99972,100,100064,200,99954,300,100078,100,99932,100,100080,100,99916,100,100084,100,99915,100,100090,100,99905,100,100092,100,99901,100,100107,100,99898,100,100120,100,99880,100
2019-06-28 09:40:16.240118376,99993,100,99979,366,100048,366,99972,100,100060,100,99954,300,100064,200,99932,100,100078,100,99916,100,100080,100,99915,100,100084,100,99905,100,100090,100,99901,100,100092,100,99898,100,100107,100,99880,100
2019-06-28 09:40:20.000000000,99993,190,99979,190,100048,188,99972,188,100060,188,99954,388,100064,200,99932,100,100078,100,99916,100,100080,100,99915,100,100084,100,99905,100,100090,100,99901,100,100092,100,99898,100,100107,100,99880,100
2019-06-28 09:40:23.352142724,99993,190,99979,190,100048,188,99972,188,100060,188,99954,388,100064,200,99932,100,100078,100,99916,100,100080,100,99915,100,100084,100,99905,100,100090,100,99901,100,100092,100,99898,100,100107,100,99880,100
2019-06-28 09:40:30.000000000,99993,190,99979,190,100048,188,99972,188,100060,188,99954,388,100064,200,99932,100,100078,100,99916,100,100080,100,99915,100,100084,100,99905,100,100090,100,99901,100,100092,100,99898,100,100107,100,99880,100
2019-06-28 09:40:40.000000000,99993,366,99979,366,100048,100,99972,100,100060,100,99954,300,100064,200,99932,100,100078,100,99916,100,100080,100,99915,100,100084,100,99905,100,100090,100,99901,100,100092,100,99898,100,100107,100,99880,100
2019-06-28 09:40:50.000000000,99993,190,99979,190,100048,188,99972,188,100060,188,99954,388,100064,200,99932,100,100078,100,99916,100,100080,100,99915,100,100084,100,99905,100,100090,100,99901,100,100092,100,99898,100,100107,100,99880,100
2019-06-28 09:41:00.000000000,99993,166,99979,166,100048,166,99972,166,100060,166,99954,366,100064,266,99932,166,100078,100,99916,100,100080,100,99915,100,100084,100,99905,100,100090,100,99901,100,100092,100,99898,100,100107,100,99880,100
2019-06-28 09:41:10.000000000,99993,190,99979,190,100048,188,99972,188,100060,188,99954,388,100064,200,99932,100,100078,100,99916,100,100080,100,99915,100,100084,100,99905,100,100090,100,99901,100,100092,100,99898,100,100107,100,99880,100
2019-06-28 09:41:11.101999892,99993,190,99979,90,100048,188,99972,188,100060,188,99954,388,100064,200,99932,100,100078,100,99916,100,100080,100,99915,100,100084,100,99905,100,100090,100,99901,100,100092,100,99898,100,100107,100,99880,100
2019-06-28 09:41:20.000000000,99993,190,99972,190,100048,188,99954,388,100060,188,99932,188,100064,200,99916,100,100078,100,99915,100,100080,100,99905,100,100084,100,99901,100,100090,100,99898,100,100092,100,99880,100,100107,100,99835,100
2019-06-28 09:41:21.391944858,99993,190,99972,190,100048,188,99954,388,100060,188,99932,188,100064,200,99916,100,100078,100,99915,100,100080,100,99905,100,100084,100,99901,100,100090,100,99898,100,100092,100,99880,100,100107,100,99835,100
2019-06-28 09:41:21.402307752,99993,190,99972,190,100048,188,99954,388,100060,188,99932,188,100064,200,99916,100,100078,100,99915,100,100080,100,99905,100,100084,100,99901,100,100090,100,99898,100,100092,100,99880,100,100107,100,99835,100
2019-06-28 09:41:22.846227348,99993,190,99972,190,100048,188,99954,388,100060,188,99932,188,100064,200,99916,100,100078,100,99915,100,100080,100,99905,100,100084,100,99901,100,100090,100,99898,100,100092,100,99880,100,100107,100,99835,100
2019-06-28 09:41:30.000000000,99993,166,99972,166,100048,166,99954,366,100060,166,99932,166,100064,266,99916,166,100078,100,99915,100,100080,100,99905,100,100084,100,99901,100,100090,100,99898,100,100092,100,99880,100,100107,100,99835,100
2019-06-28 09:41:40.000000000,99993,153,99972,153,100048,153,99954,353,100060,153,99932,153,100064,253,99916,153,100078,153,99915,153,100080,100,99905,100,100084,100,99901,100,100090,100,99898,100,100092,100,99880,100,100107,100,99835,100
2019-06-28 09:41:45.187514574,99993,153,99972,53,100048,153,99954,353,100060,153,99932,153,100064,253,99916,153,100078,153,99915,153,100080,100,99905,100,100084,100,99901,100,100090,100,99898,100,100092,100,99880,100,100107,100,99835,100
2019-06-28 09:41:50.000000000,99993,233,99954,433,100048,233,99932,233,100060,100,99916,100,100064,200,99915,100,100078,100,99905,100,100080,100,99901,100,100084,100,99898,100,100090,100,99880,100,100092,100,99835,100,100107,100,99828,100
2019-06-28 09:41:54.785277409,99993,233,99954,433,100048,233,99932,233,100060,100,99916,100,100064,200,99915,100,100078,100,99905,100,100080,100,99901,100,100084,100,99898,100,100090,100,99880,100,100092,100,99835,100,100107,100,99828,100
2019-06-28 09:42:00.000000000,99993,166,99954,366,100048,166,99932,166,100060,166,99916,166,100064,266,99915,166,100078,100,99905,100,100080,100,99901,100,100084,100,99898,100,100090,100,99880,100,100092,100,99835,100,100107,100,99828,100
2019-06-28 09:42:10.000000000,99993,190,99954,390,100048,188,99932,188,100060,188,99916,188,100064,200,99915,100,100078,100,99905,100,100080,100,99901,100,100084,100,99898,100,100090,100,99880,100,100092,100,99835,100,100107,100,99828,100
2019-06-28 09:42:10.841766755,99993,190,99954,290,100048,188,99932,188,100060,188,99916,188,100064,200,99915,100,100078,100,99905,100,100080,100,99901,100,100084,100,99898,100,100090,100,99880,100,100092,100,99835,100,100107,100,99828,100
2019-06-28 09:42:17.947090306,99993,190,99954,190,100048,88,99932,188,100060,188,99916,188,100064,200,99915,100,100078,100,99905,100,100080,100,99901,100,100084,100,99898,100,100090,100,99880,100,100092,100,99835,100,100107,100,99828,100
2019-06-28 09:42:20.000000000,99993,166,99954,166,100060,166,99932,166,100064,266,99916,166,100078,166,99915,166,100080,100,99905,100,100084,100,99901,100,100090,100,99898,100,100092,100,99880,100,100107,100,99835,100,100120,100,99828,100
2019-06-28 09:42:30.000000000,99993,190,99954,190,100060,188,99932,188,100064,288,99916,188,100078,100,99915,100,100080,100,99905,100,100084,100,99901,100,100090,100,99898,100,100092,100,99880,100,100107,100,99835,100,100120,100,99828,100
2019-06-28 09:42:30.532964972,99993,190,99954,190,100060,188,99932,188,100064,288,99916,188,100078,100,99915,100,100080,100,99905,100,100084,100,99901,100,100090,100,99898,100,100092,100,99835,100,100107,100,99828,100,100120,100,99801,100
2019-06-28 09:42:33.973578212,99993,190,99954,90,100060,188,99932,188,100064,288,99916,188,100078,100,99915,100,100080,100,99905,100,100084,100,99901,100,100090,100,99898,100,100092,100,99835,100,100107,100,99828,100,100120,100,99801,100
2019-06-28 09:42:40.000000000,99993,153,99932,153,100060,153,99916,153,100064,253,99915,153,100078,153,99905,153,100080,153,99901,153,100084,100,99898,100,100090,100,99835,100,100092,100,99828,100,100107,100,99801,100,100120,100,99493,100
2019-06-28 09:42:50.000000000,99993,153,99932,153,100060,153,99916,153,100064,253,99915,153,100078,153,99905,153,100080,153,99901,153,100084,100,99898,100,100090,100,99835,100,100092,100,99828,100,100107,100,99801,100,100120,100,99493,100
2019-06-28 09:42:56.888254886,99993,153,99932,53,100060,153,99916,153,100064,253,99915,153,100078,153,99905,153,100080,153,99901,153,100084,100,99898,100,100090,100,99835,100,100092,100,99828,100,100107,100,99801,100,100120,100,99493,100
2019-06-28 09:42:59.861300911,99932,47,99916,153,99993,153,99915,153,100060,153,99905,153,100064,253,99901,153,100078,153,99898,100,100080,153,99835,100,100084,100,99828,100,100090,100,99801,100,100092,100,99493,100,100107,100,98546,100
2019-06-28 09:43:00.000000000,99932,100,99916,153,99993,153,99915,153,100060,153,99905,153,100064,253,99901,153,100078,153,99898,153,100080,100,99835,100,100084,100,99828,100,100090,100,99801,100,100092,100,99493,100,100107,100,98546,100
2019-06-28 09:43:10.000000000,99932,137,99916,190,99993,188,99915,188,100060,188,99905,188,100064,200,99901,100,100078,100,99898,100,100080,100,99835,100,100084,100,99828,100,100090,100,99801,100,100092,100,99493,100,100107,100,98546,100
2019-06-28 09:43:17.777341221,99932,37,99916,190,99993,188,99915,188,100060,188,99905,188,100064,200,99901,100,100078,100,99898,100,100080,100,99835,100,100084,100,99828,100,100090,100,99801,100,100092,100,99493,100,100107,100,98546,100
2019-06-28 09:43:20.000000000,99993,166,99916,166,100060,166,99915,166,100064,266,99905,166,100078,166,99901,166,100080,100,99898,100,100084,100,99835,100,100090,100,99828,100,100092,100,99801,100,100107,100,99493,100,100120,100,98546,100
2019-06-28 09:43:30.000000000,99993,153,99916,153,100060,153,99915,153,100064,253,99905,153,100078,153,99901,153,100080,153,99898,153,100084,100,99835,100,100090,100,99828,100,100092,100,99801,100,100107,100,99493,100,100120,100,98546,100
2019-06-28 09:43:35.703529216,99993,153,99932,100,100060,153,99916,153,100064,253,99915,153,100078,153,99905,153,100080,153,99901,153,100084,100,99898,153,100090,100,99828,100,100092,100,99801,100,100107,100,99493,100,100120,100,98546,100
2019-06-28 09:43:37.847268669,99993,153,99932,100,100060,153,99916,153,100064,253,99915,153,100078,153,99905,153,100080,153,99901,153,100084,100,99898,153,100090,100,99828,100,100092,100,99801,100,100107,100,99493,100,100120,100,98546,100
2019-06-28 09:43:40.000000000,99993,153,99932,153,100060,153,99916,153,100064,253,99915,153,100078,153,99905,153,100080,153,99901,153,100084,100,99898,100,100090,100,99828,100,100092,100,99801,100,100107,100,99493,100,100120,100,98546,100
2019-06-28 09:43:45.661389580,99993,53,99932,153,100060,153,99916,153,100064,253,99915,153,100078,153,99905,153,100080,153,99901,153,100084,100,99898,100,100090,100,99828,100,100092,100,99801,100,100107,100,99493,100,100120,100,98546,100
2019-06-28 09:43:50.000000000,100060,166,99932,166,100064,266,99916,166,100078,166,99915,166,100080,166,99905,166,100084,100,99901,100,100090,100,99898,100,100092,100,99828,100,100107,100,99801,100,100120,100,99493,100,100147,100,98546,100
2019-06-28 09:44:00.000000000,100060,166,99932,166,100064,266,99916,166,100078,166,99915,166,100080,166,99905,166,100084,100,99901,100,100090,100,99898,100,100092,100,99828,100,100107,100,99801,100,100120,100,99493,100,100147,100,98546,100
2019-06-28 09:44:10.000000000,100060,190,99932,190,100064,288,99916,188,100078,188,99915,188,100080,100,99905,100,100084,100,99901,100,100090,100,99898,100,100092,100,99828,100,100107,100,99801,100,100120,100,99493,100,100147,100,98546,100
2019-06-28 09:44:20.000000000,100060,233,99932,233,100064,333,99916,233,100078,100,99915,100,100080,100,99905,100,100084,100,99901,100,100090,100,99898,100,100092,100,99828,100,100107,100,99801,100,100120,100,99493,100,100147,100,98546,100
2019-06-28 09:44:20.371438982,99945,100,99932,233,100060,233,99916,233,100064,333,99915,100,100078,100,99905,100,100080,100,99901,100,100084,100,99898,100,100090,100,99828,100,100092,100,99801,100,100107,100,99493,100,100120,100,98546,100
2019-06-28 09:44:22.773971818,99945,100,99932,233,100060,233,99916,233,100064,333,99915,100,100078,100,99905,100,100080,200,99901,100,100084,100,99898,100,100090,100,99828,100,100092,100,99801,100,100120,100,99493,100,100147,100,98546,100
2019-06-28 09:44:29.872364446,99945,100,99932,133,100060,233,99916,233,100064,333,99915,100,100078,100,99901,100,100080,200,99898,100,100084,100,99828,100,100090,100,99801,100,100092,100,99493,100,100120,100,98546,100,100147,100,98491,100
2019-06-28 09:44:30.000000000,99945,153,99916,153,100060,153,99915,153,100064,253,99901,153,100078,153,99898,153,100080,253,99828,153,100084,100,99801,100,100090,100,99493,100,100092,100,98546,100,100120,100,98491,100,100147,100,98415,100
2019-06-28 09:44:40.000000000,99945,233,99916,233,100060,233,99915,233,100064,200,99901,100,100078,100,99898,100,100080,200,99828,100,100084,100,99801,100,100090,100,99493,100,100092,100,98546,100,100120,100,98491,100,100147,100,98415,100
2019-06-28 09:44:50.000000000,99945,153,99916,153,100060,153,99915,153,100064,253,99901,153,100078,153,99898,153,100080,253,99828,153,100084,100,99801,100,100090,100,99493,100,100092,100,98546,100,100120,100,98491,100,100147,100,98415,100
2019-06-28 09:45:00.000000000,99945,153,99916,153,100060,153,99915,153,100064,253,99901,153,100078,153,99898,153,100080,253,99828,153,100084,100,99801,100,100090,100,99493,100,100092,100,98546,100,100120,100,98491,100,100147,100,98415,100
2019-06-28 09:45:10.000000000,99945,153,99916,153,100060,153,99915,153,100064,253,99901,153,100078,153,99898,153,100080,253,99828,153,100084,100,99801,100,100090,100,99493,100,100092,100,98546,100,100120,100,98491,100,100147,100,98415,100
2019-06-28 09:45:20.000000000,99945,166,99916,166,100060,166,99915,166,100064,266,99901,166,100078,166,99898,166,100080,200,99828,100,100084,100,99801,100,100090,100,99493,100,100092,100,98546,100,100120,100,98491,100,100147,100,98415,100
2019-06-28 09:45:20.491865252,99945,166,99916,166,100060,166,99915,166,100064,266,99901,166,100078,166,99898,166,100080,200,99828,100,100084,100,99801,100,100090,100,99493,100,100092,100,98546,100,100120,100,98491,100,100147,100,98415,100
2019-06-28 09:45:30.000000000,99945,233,99916,233,100060,233,99915,233,100064,200,99901,100,100078,100,99898,100,100080,200,99828,100,100084,100,99801,100,100090,100,99493,100,100092,100,98546,100,100120,100,98491,100,100147,100,98415,100
2019-06-28 09:45:40.000000000,99945,166,99916,166,100060,166,99915,166,100064,266,99901,166,100078,166,99898,166,100080,200,99828,100,100084,100,99801,100,100090,100,99493,100,100092,100,98546,100,100120,100,98491,100,100147,100,98415,100
2019-06-28 09:45:50.000000000,99945,233,99916,233,100060,233,99915,233,100064,200,99901,100,100078,100,99898,100,100080,200,99828,100,100084,100,99801,100,100090,100,99493,100,100092,100,98546,100,100120,100,98491,100,100147,100,98415,100
2019-06-28 09:46:00.000000000,99945,153,99916,153,100060,153,99915,153,100064,253,99901,153,100078,153,99898,153,100080,253,99828,153,100084,100,99801,100,100090,100,99493,100,100092,100,98546,100,100120,100,98491,100,100147,100,98415,100
2019-06-28 09:46:00.352630995,99944,100,99916,153,99945,153,99915,153,100060,153,99901,153,100064,253,99898,153,100078,153,99828,153,100080,253,99801,100,100084,100,99493,100,100090,100,98546,100,100092,100,98491,100,100120,100,98415,100
2019-06-28 09:46:10.000000000,99944,366,99916,366,99945,100,99915,100,100060,100,99901,100,100064,200,99898,100,100078,100,99828,100,100080,200,99801,100,100084,100,99493,100,100090,100,98546,100,100092,100,98491,100,100120,100,98415,100
2019-06-28 09:46:20.000000000,99944,233,99916,233,99945,233,99915,233,100060,100,99901,100,100064,200,99898,100,100078,100,99828,100,100080,200,99801,100,100084,100,99493,100,100090,100,98546,100,100092,100,98491,100,100120,100,98415,100
2019-06-28 09:46:30.000000000,99944,366,99916,366,99945,100,99915,100,100060,100,99901,100,100064,200,99898,100,100078,100,99828,100,100080,200,99801,100,100084,100,99493,100,100090,100,98546,100,100092,100,98491,100,100120,100,98415,100
2019-06-28 09:46:38.686013602,99944,366,99916,366,99945,100,99915,100,100064,200,99901,100,100078,100,99898,100,100080,200,99828,100,100084,100,99801,100,100090,100,99493,100,100092,100,98546,100,100120,100,98491,100,100147,100,98415,100
2019-06-28 09:46:40.000000000,99944,190,99916,190,99945,188,99915,188,100064,288,99901,188,100078,100,99898,100,100080,200,99828,100,100084,100,99801,100,100090,100,99493,100,100092,100,98546,100,100120,100,98491,100,100147,100,98415,100
2019-06-28 09:46:45.878032844,99944,190,99916,190,99945,188,99915,188,100021,100,99901,188,100064,288,99898,100,100078,100,99828,100,100080,200,99801,100,100084,100,99493,100,100090,100,98546,100,100092,100,98491,100,100120,100,98415,100
2019-06-28 09:46:48.673766234,99944,190,99933,100,99945,188,99916,190,100021,100,99915,188,100064,288,99901,188,100078,100,99898,100,100080,200,99828,100,100084,100,99801,100,100090,100,99493,100,100092,100,98546,100,100120,100,98491,100
2019-06-28 09:46:50.000000000,99944,366,99933,366,99945,100,99916,100,100021,100,99915,100,100064,200,99901,100,100078,100,99898,100,100080,200,99828,100,100084,100,99801,100,100090,100,99493,100,100092,100,98546,100,100120,100,98491,100
2019-06-28 09:46:57.682799254,99944,266,99933,466,99945,100,99916,100,100021,100,99915,100,100064,200,99901,100,100078,100,99898,100,100080,200,99828,100,100084,100,99801,100,100090,100,99493,100,100092,100,98546,100,100120,100,98491,100
2019-06-28 09:47:00.000000000,99945,166,99933,266,100021,166,99916,166,100064,266,99915,166,100078,166,99901,166,100080,200,99898,100,100084,100,99828,100,100090,100,99801,100,100092,100,99493,100,100120,100,98546,100,100147,100,98491,100
2019-06-28 09:47:10.000000000,99945,190,99933,290,100021,188,99916,188,100064,288,99915,188,100078,100,99901,100,100080,200,99898,100,100084,100,99828,100,100090,100,99801,100,100092,100,99493,100,100120,100,98546,100,100147,100,98491,100
2019-06-28 09:47:10.337020847,99945,90,99933,290,100021,188,99916,188,100064,288,99915,188,100078,100,99901,100,100080,200,99898,100,100084,100,99828,100,100090,100,99801,100,100092,100,99493,100,100120,100,98546,100,100147,100,98491,100
2019-06-28 09:47:20.000000000,100021,366,99933,466,100064,200,99916,100,100078,100,99915,100,100080,200,99901,100,100084,100,99898,100,100090,100,99828,100,100092,100,99801,100,100120,100,99493,100,100147,100,98546,100,100154,100,98491,100
2019-06-28 09:47:27.656299112,100021,366,99933,466,100064,100,99916,100,100078,100,99915,100,100080,200,99901,100,100084,100,99898,100,100090,100,99828,100,100092,100,99801,100,100120,100,99493,100,100147,100,98546,100,100154,100,98491,100
2019-06-28 09:47:30.000000000,100021,153,99933,253,100064,153,99916,153,100078,153,99915,153,100080,253,99901,153,100084,153,99898,153,100090,100,99828,100,100092,100,99801,100,100120,100,99493,100,100147,100,98546,100,100154,100,98491,100
2019-06-28 09:47:40.000000000,100021,233,99933,333,100064,233,99916,233,100078,100,99915,100,100080,200,99901,100,100084,100,99898,100,100090,100,99828,100,100092,100,99801,100,100120,100,99493,100,100147,100,98546,100,100154,100,98491,100
2019-06-28 09:47:41.485755506,100021,133,99933,333,100064,233,99916,233,100078,100,99915,100,100080,200,99901,100,100084,100,99898,100,100090,100,99828,100,100092,100,99801,100,100120,100,99493,100,100147,100,98546,100,100154,100,98491,100
2019-06-28 09:47:46.575587038,100021,133,99944,100,100064,233,99933,333,100078,100,99916,233,100080,200,99915,100,100084,100,99901,100,100090,100,99898,100,100092,100,99828,100,100120,100,99801,100,100147,100,99493,100,100154,100,98546,100
2019-06-28 09:47:50.000000000,100064,166,99944,166,100078,166,99933,266,100080,266,99916,166,100084,166,99915,166,100090,100,99901,100,100092,100,99898,100,100120,100,99828,100,100147,100,99801,100,100154,100,99493,100,100176,100,98546,100
2019-06-28 09:47:54.968402350,100064,166,99944,166,100078,166,99933,266,100080,266,99916,166,100084,166,99915,166,100090,100,99901,100,100092,100,99898,100,100120,100,99828,100,100147,100,99801,100,100154,100,99493,100,100176,100,98546,100
2019-06-28 09:48:00.000000000,100064,190,99944,190,100078,188,99933,288,100080,288,99916,188,100084,100,99915,100,100090,100,99901,100,100092,100,99898,100,100120,100,99828,100,100147,100,99801,100,100154,100,99493,100,100176,100,98546,100
2019-06-28 09:48:10.000000000,100064,153,99944,153,100078,153,99933,253,100080,253,99916,153,100084,153,99915,153,100090,153,99901,153,100092,100,99898,100,100120,100,99828,100,100147,100,99801,100,100154,100,99493,100,100176,100,98546,100
2019-06-28 09:48:20.000000000,100064,233,99944,233,100078,233,99933,333,100080,200,99916,100,100084,100,99915,100,100090,100,99901,100,100092,100,99898,100,100120,100,99828,100,100147,100,99801,100,100154,100,99493,100,100176,100,98546,100
2019-06-28 09:48:23.476007827,100064,233,99944,333,100078,233,99933,333,100080,200,99916,100,100084,100,99915,100,100090,100,99901,100,100092,100,99898,100,100120,100,99828,100,100147,100,99801,100,100154,100,99493,100,100176,100,98546,100
2019-06-28 09:48:30.000000000,100064,366,99944,466,100078,100,99933,200,100080,200,99916,100,100084,100,99915,100,100090,100,99901,100,100092,100,99898,100,100120,100,99828,100,100147,100,99801,100,100154,100,99493,100,100176,100,98546,100
2019-06-28 09:48:40.000000000,100064,233,99944,333,100078,233,99933,333,100080,200,99916,100,100084,100,99915,100,100090,100,99901,100,100092,100,99898,100,100120,100,99828,100,100147,100,99801,100,100154,100,99493,100,100176,100,98546,100
2019-06-28 09:48:50.000000000,100064,233,99944,333,100078,233,99933,333,100080,200,99916,100,100084,100,99915,100,100090,100,99901,100,100092,100,99898,100,100120,100,99828,100,100147,100,99801,100,100154,100,99493,100,100176,100,98546,100
2019-06-28 09:48:58.482070513,100064,233,99944,433,100078,233,99933,333,100080,200,99916,100,100084,100,99915,100,100090,100,99901,100,100092,100,99898,100,100120,100,99828,100,100147,100,99801,100,100154,100,99493,100,100176,100,98546,100
2019-06-28 09:49:00.000000000,100064,190,99944,390,100078,188,99933,288,100080,288,99916,188,100084,100,99915,100,100090,100,99901,100,100092,100,99898,100,100120,100,99828,100,100147,100,99801,100,100154,100,99493,100,100176,100,98546,100
2019-06-28 09:49:10.000000000,100064,153,99944,353,100078,153,99933,253,100080,253,99916,153,100084,153,99915,153,100090,153,99901,153,100092,100,99898,100,100120,100,99828,100,100147,100,99801,100,100154,100,99493,100,100176,100,98546,100
2019-06-28 09:49:20.000000000,100064,190,99944,390,100078,188,99933,288,100080,288,99916,188,100084,100,99915,100,100090,100,99901,100,100092,100,99898,100,100120,100,99828,100,100147,100,99801,100,100154,100,99493,100,100176,100,98546,100
2019-06-28 09:49:20.873823072,100064,190,99944,390,100078,188,99933,288,100080,288,99916,188,100084,100,99915,100,100090,100,99901,100,100092,100,99898,100,100120,100,99828,100,100147,100,99801,100,100154,100,99493,100,100176,100,98546,100
2019-06-28 09:49:29.899465064,100064,190,99944,390,100078,188,99933,288,100080,288,99916,188,100084,100,99915,100,100090,100,99901,100,100092,100,99898,100,100120,100,99828,100,100147,100,99801,100,100154,100,99493,100,100176,100,98546,100
2019-06-28 09:49:30.000000000,100064,233,99944,433,100078,233,99933,333,100080,200,99916,100,100084,100,99915,100,100090,100,99901,100,100092,100,99898,100,100120,100,99828,100,100147,100,99801,100,100154,100,99493,100,100176,100,98546,100
2019-06-28 09:49:40.000000000,100064,190,99944,390,100078,188,99933,288,100080,288,99916,188,100084,100,99915,100,100090,100,99901,100,100092,100,99898,100,100120,100,99828,100,100147,100,99801,100,100154,100,99493,100,100176,100,98546,100
2019-06-28 09:49:50.000000000,100064,233,99944,433,100078,233,99933,333,100080,200,99916,100,100084,100,99915,100,100090,100,99901,100,100092,100,99898,100,100120,100,99828,100,100147,100,99801,100,100154,100,99493,100,100176,100,98546,100
2019-06-28 09:50:00.000000000,100064,366,99944,566,100078,100,99933,200,100080,200,99916,100,100084,100,99915,100,100090,100,99901,100,100092,100,99898,100,100120,100,99828,100,100147,100,99801,100,100154,100,99493,100,100176,100,98546,100
2019-06-28 09:50:04.076491188,100064,266,99944,566,100078,100,99933,200,100080,200,99916,100,100084,100,99915,100,100090,100,99901,100,100092,100,99898,100,100120,100,99828,100,100147,100,99801,100,100154,100,99493,100,100176,100,98546,100
2019-06-28 09:50:10.000000000,100078,233,99944,433,100080,333,99933,333,100084,100,99916,100,100090,100,99915,100,100092,100,99901,100,100120,100,99898,100,100147,100,99828,100,100154,100,99801,100,100176,100,99493,100,100188,100,98546,100
2019-06-28 09:50:20.000000000,100078,366,99944,566,100080,200,99933,200,100084,100,99916,100,100090,100,99915,100,100092,100,99901,100,100120,100,99898,100,100147,100,99828,100,100154,100,99801,100,100176,100,99493,100,100188,100,98546,100
2019-06-28 09:50:30.000000000,100078,366,99944,566,100080,200,99933,200,100084,100,99916,100,100090,100,99915,100,100092,100,99901,100,100120,100,99898,100,100147,100,99828,100,100154,100,99801,100,100176,100,99493,100,100188,100,98546,100
2019-06-28 09:50:30.932312294,100078,366,99944,566,100080,200,99933,200,100084,100,99916,100,100090,100,99915,100,100092,100,99901,100,100120,100,99898,100,100147,100,99828,100,100154,100,99801,100,100176,100,99493,100,100188,100,98546,100
2019-06-28 09:50:37.972772894,100078,366,100021,100,100080,200,99944,566,100084,100,99933,200,100090,100,99916,100,100092,100,99915,100,100120,100,99901,100,100147,100,99898,100,100154,100,99828,100,100176,100,99801,100,100188,100,99493,100
2019-06-28 09:50:40.000000000,100078,233,100021,233,100080,333,99944,433,100084,100,99933,200,100090,100,99916,100,100092,100,99915,100,100120,100,99901,100,100147,100,99898,100,100154,100,99828,100,100176,100,99801,100,100188,100,99493,100
2019-06-28 09:50:49.605663385,100078,233,100021,333,100080,333,99944,433,100084,100,99933,200,100090,100,99916,100,100092,100,99915,100,100120,100,99901,100,100154,100,99898,100,100176,100,99828,100,100188,100,99801,100,100202,100,99493,100
2019-06-28 09:50:50.000000000,100078,233,100021,333,100080,333,99944,433,100084,100,99933,200,100090,100,99916,100,100092,100,99915,100,100120,100,99901,100,100154,100,99898,100,100176,100,99828,100,100188,100,99801,100,100202,100,99493,100
2019-06-28 09:50:56.760485597,100078,233,100021,433,100080,333,99944,433,100084,100,99933,100,100090,100,99916,100,100092,100,99915,100,100120,100,99901,100,100154,100,99898,100,100176,100,99828,100,100188,100,99801,100,100202,100,99493,100
2019-06-28 09:51:00.000000000,100078,233,100021,433,100080,333,99944,433,100084,100,99933,100,100090,100,99916,100,100092,100,99915,100,100120,100,99901,100,100154,100,99898,100,100176,100,99828,100,100188,100,99801,100,100202,100,99493,100
2019-06-28 09:51:03.418381030,100078,133,100021,433,100080,333,99944,433,100084,100,99933,100,100090,100,99916,100,100092,100,99915,100,100120,100,99901,100,100154,100,99898,100,100176,100,99828,100,100188,100,99801,100,100202,100,98546,100
2019-06-28 09:51:05.700125161,100078,133,100064,100,100080,333,100021,433,100084,100,99944,433,100090,100,99933,100,100092,100,99916,100,100120,100,99915,100,100154,100,99901,100,100176,100,99898,100,100188,100,99828,100,100202,100,99801,100
2019-06-28 09:51:07.377099380,100078,133,100064,100,100080,333,100021,433,100084,100,99944,433,100090,100,99933,100,100092,100,99916,100,100120,100,99915,100,100154,100,99901,100,100176,100,99898,100,100188,100,99828,100,100202,100,99801,100
2019-06-28 09:51:10.000000000,100080,290,100064,190,100084,188,100021,388,100090,188,99944,388,100092,100,99933,100,100120,100,99916,100,100154,100,99915,100,100176,100,99901,100,100188,100,99898,100,100202,100,99828,100,100313,100,99801,100
2019-06-28 09:51:11.440211903,100080,190,100064,190,100084,188,100021,388,100090,188,99944,388,100092,100,99933,100,100120,100,99916,100,100154,100,99915,100,100176,100,99901,100,100188,100,99828,100,100202,100,99801,100,100313,100,98546,100
2019-06-28 09:51:20.000000000,100080,233,100064,233,100084,233,100021,433,100090,100,99944,300,100092,100,99933,100,100120,100,99916,100,100154,100,99915,100,100176,100,99901,100,100188,100,99828,100,100202,100,99801,100,100313,100,98546,100
2019-06-28 09:51:30.000000000,100080,366,100064,366,100084,100,100021,300,100090,100,99944,300,100092,100,99933,100,100120,100,99916,100,100154,100,99915,100,100176,100,99901,100,100188,100,99828,100,100202,100,99801,100,100313,100,98546,100
2019-06-28 09:51:36.966872514,100080,266,100064,366,100084,100,100021,300,100090,100,99944,300,100092,100,99933,100,100120,100,99916,100,100154,100,99915,100,100176,100,99901,100,100188,100,99828,100,100202,100,99801,100,100313,100,98546,100
2019-06-28 09:51:40.000000000,100084,153,100064,153,100090,153,100021,353,100092,153,99944,353,100120,153,99933,153,100154,153,99916,153,100176,100,99915,100,100188,100,99901,100,100202,100,99828,100,100313,100,99801,100,100321,100,98546,100
2019-06-28 09:51:41.825720499,100084,53,100064,153,100090,153,100021,353,100092,153,99944,353,100120,153,99933,153,100154,153,99916,153,100176,100,99915,100,100188,100,99901,100,100202,100,99828,100,100313,100,99801,100,100321,100,98546,100
2019-06-28 09:51:50.000000000,100090,233,100064,233,100092,233,100021,433,100120,100,99944,300,100154,100,99933,100,100176,100,99916,100,100188,100,99915,100,100202,100,99901,100,100313,100,99828,100,100321,100,99801,100,100331,100,98546,100
2019-06-28 09:52:00.000000000,100090,190,100064,190,100092,188,100021,388,100120,188,99944,388,100154,100,99933,100,100176,100,99916,100,100188,100,99915,100,100202,100,99901,100,100313,100,99828,100,100321,100,99801,100,100331,100,98546,100
2019-06-28 09:52:00.609116205,100090,190,100064,190,100092,188,100021,388,100120,188,99944,388,100154,100,99933,100,100176,100,99916,100,100188,100,99915,100,100202,100,99901,100,100313,100,99828,100,100321,100,99801,100,100331,100,98546,100
2019-06-28 09:52:10.000000000,100090,233,100064,233,100092,233,100021,433,100120,100,99944,300,100154,100,99933,100,100176,100,99916,100,100188,100,99915,100,100202,100,99901,100,100313,100,99828,100,100321,100,99801,100,100331,100,98546,100
2019-06-28 09:52:20.000000000,100090,190,100064,190,100092,188,100021,388,100120,188,99944,388,100154,100,99933,100,100176,100,99916,100,100188,100,99915,100,100202,100,99901,100,100313,100,99828,100,100321,100,99801,100,100331,100,98546,100
2019-06-28 09:52:24.573844126,100090,190,100080,100,100092,188,100064,190,100120,188,100021,388,100154,100,99944,388,100176,100,99933,100,100188,100,99916,100,100202,100,99915,100,100313,100,99901,100,100321,100,99828,100,100331,100,99801,100
2019-06-28 09:52:30.000000000,100090,153,100080,153,100092,153,100064,153,100120,153,100021,353,100154,153,99944,353,100176,153,99933,153,100188,100,99916,100,100202,100,99915,100,100313,100,99901,100,100321,100,99828,100,100331,100,99801,100
2019-06-28 09:52:33.186190186,100090,153,100080,153,100092,153,100064,153,100120,153,100021,353,100154,53,99944,353,100176,153,99933,153,100188,100,99916,100,100202,100,99915,100,100313,100,99901,100,100321,100,99828,100,100331,100,99801,100
2019-06-28 09:52:34.310318267,100090,153,100080,153,100092,153,100064,153,100120,153,100021,353,100154,53,99944,353,100176,153,99933,153,100188,100,99915,100,100202,100,99901,100,100313,100,99828,100,100321,100,99801,100,100331,100,98546,100
2019-06-28 09:52:40.000000000,100090,190,100080,190,100092,188,100064,188,100120,188,100021,388,100176,100,99944,300,100188,100,99933,100,100202,100,99915,100,100313,100,99901,100,100321,100,99828,100,100331,100,99801,100,100409,100,98546,100
2019-06-28 09:52:46.470185226,100090,90,100080,190,100092,188,100064,188,100120,188,100021,388,100176,100,99944,300,100188,100,99933,100,100202,100,99915,100,100313,100,99901,100,100321,100,99828,100,100331,100,99801,100,100409,100,98546,100
2019-06-28 09:52:50.000000000,100092,166,100080,166,100120,166,100064,166,100176,166,100021,366,100188,166,99944,366,100202,100,99933,100,100313,100,99915,100,100321,100,99901,100,100331,100,99828,100,100409,100,99801,100,100424,100,98546,100
2019-06-28 09:52:55.092024638,100092,166,100080,166,100120,166,100064,166,100176,166,100021,366,100188,166,99944,366,100202,100,99933,100,100313,100,99915,100,100321,100,99901,100,100409,100,99828,100,100424,100,99801,100,100522,100,98546,100
2019-06-28 09:53:00.000000000,100092,153,100080,153,100120,153,100064,153,100176,153,100021,353,100188,153,99944,353,100202,153,99933,153,100313,100,99915,100,100321,100,99901,100,100409,100,99828,100,100424,100,99801,100,100522,100,98546,100
2019-06-28 09:53:10.000000000,100092,153,100080,153,100120,153,100064,153,100176,153,100021,353,100188,153,99944,353,100202,153,99933,153,100313,100,99915,100,100321,100,99901,100,100409,100,99828,100,100424,100,99801,100,100522,100,98546,100
2019-06-28 09:53:20.000000000,100092,190,100080,190,100120,188,100064,188,100176,188,100021,388,100188,100,99944,300,100202,100,99933,100,100313,100,99915,100,100321,100,99901,100,100409,100,99828,100,100424,100,99801,100,100522,100,98546,100
2019-06-28 09:53:30.000000000,100092,153,100080,153,100120,153,100064,153,100176,153,100021,353,100188,153,99944,353,100202,153,99933,153,100313,100,99915,100,100321,100,99901,100,100409,100,99828,100,100424,100,99801,100,100522,100,98546,100
2019-06-28 09:53:40.000000000,100092,153,100080,153,100120,153,100064,153,100176,153,100021,353,100188,153,99944,353,100202,153,99933,153,100313,100,99915,100,100321,100,99901,100,100409,100,99828,100,100424,100,99801,100,100522,100,98546,100
2019-06-28 09:53:49.537005712,100092,53,100080,153,100120,153,100064,153,100176,153,100021,353,100188,153,99944,353,100202,153,99933,153,100313,100,99915,100,100321,100,99901,100,100409,100,99828,100,100522,100,99801,100,100613,100,98546,100
2019-06-28 09:53:50.000000000,100120,166,100080,166,100176,166,100064,166,100188,166,100021,366,100202,166,99944,366,100313,100,99933,100,100321,100,99915,100,100409,100,99901,100,100522,100,99828,100,100613,100,99801,100,100812,100,98546,100
2019-06-28 09:54:00.000000000,100120,153,100080,153,100176,153,100064,153,100188,153,100021,353,100202,153,99944,353,100313,153,99933,153,100321,100,99915,100,100409,100,99901,100,100522,100,99828,100,100613,100,99801,100,100812,100,98546,100
2019-06-28 09:54:09.980996083,100120,153,100090,100,100176,153,100080,153,100188,153,100064,153,100202,153,100021,353,100313,153,99944,353,100321,100,99933,153,100409,100,99915,100,100522,100,99901,100,100613,100,99828,100,100812,100,99801,100
2019-06-28 09:54:10.000000000,100120,153,100090,153,100176,153,100080,153,100188,153,100064,153,100202,153,100021,353,100313,153,99944,353,100321,100,99933,100,100409,100,99915,100,100522,100,99901,100,100613,100,99828,100,100812,100,99801,100
2019-06-28 09:54:14.324386034,100120,153,100090,153,100176,153,100080,153,100188,153,100064,153,100202,153,100021,353,100313,153,99944,353,100319,100,99933,100,100321,100,99915,100,100409,100,99901,100,100522,100,99828,100,100613,100,99801,100
2019-06-28 09:54:20.000000000,100120,233,100090,233,100176,233,100080,233,100188,100,100064,100,100202,100,100021,300,100313,100,99944,300,100319,100,99933,100,100321,100,99915,100,100409,100,99901,100,100522,100,99828,100,100613,100,99801,100
2019-06-28 09:54:30.000000000,100120,190,100090,190,100176,188,100080,188,100188,188,100064,188,100202,100,100021,300,100313,100,99944,300,100319,100,99933,100,100321,100,99915,100,100409,100,99901,100,100522,100,99828,100,100613,100,99801,100
2019-06-28 09:54:33.082022367,100120,90,100090,190,100176,88,100080,188,100188,188,100064,188,100202,100,100021,300,100313,100,99944,300,100319,100,99933,100,100321,100,99915,100,100409,100,99901,100,100522,100,99828,100,100613,100,99801,100
2019-06-28 09:54:40.000000000,100188,233,100090,233,100202,233,100080,233,100313,100,100064,100,100319,100,100021,300,100321,100,99944,300,100409,100,99933,100,100522,100,99915,100,100613,100,99901,100,100812,100,99828,100,101299,100,99801,100
2019-06-28 09:54:47.610292615,100091,100,100090,133,100188,233,100080,233,100202,233,100064,100,100313,100,100021,300,100319,100,99944,300,100321,100,99933,100,100409,100,99915,100,100522,100,99901,100,100613,100,99828,100,100812,100,99801,100
2019-06-28 09:54:47.666661865,100091,200,100090,133,100188,233,100080,233,100202,233,100064,100,100313,100,100021,300,100319,100,99944,300,100321,100,99933,100,100409,100,99915,100,100522,100,99901,100,100613,100,99828,100,100812,100,99801,100
2019-06-28 09:54:49.520858874,100091,200,100090,133,100188,233,100080,233,100202,233,100064,100,100313,100,100021,300,100319,100,99944,200,100321,100,99933,100,100409,100,99915,100,100522,100,99901,100,100613,100,99828,100,100812,100,99801,100
2019-06-28 09:54:50.000000000,100091,290,100080,190,100188,188,100064,188,100202,188,100021,388,100313,100,99944,200,100319,100,99933,100,100321,100,99915,100,100409,100,99901,100,100522,100,99828,100,100613,100,99801,100,100812,100,98546,100
2019-06-28 09:55:00.000000000,100091,290,100080,190,100188,188,100064,188,100202,188,100021,388,100313,100,99944,200,100319,100,99933,100,100321,100,99915,100,100409,100,99901,100,100522,100,99828,100,100613,100,99801,100,100812,100,98546,100
2019-06-28 09:55:01.559905276,100091,290,100080,90,100188,188,100064,188,100202,188,100021,388,100313,100,99944,200,100319,100,99933,100,100321,100,99915,100,100409,100,99901,100,100522,100,99828,100,100613,100,99801,100,100812,100,98546,100
2019-06-28 09:55:10.000000000,100091,266,100064,166,100188,166,100021,366,100202,166,99944,266,100313,166,99933,166,100319,100,99915,100,100321,100,99901,100,100409,100,99828,100,100522,100,99801,100,100613,100,98546,100,100812,100,98491,100
2019-06-28 09:55:19.928434956,100091,266,100064,166,100188,166,100021,366,100202,166,99944,266,100313,166,99933,166,100319,100,99915,100,100321,100,99901,100,100409,100,99849,100,100522,100,99828,100,100613,100,99801,100,100812,100,98546,100
2019-06-28 09:55:20.000000000,100091,290,100064,190,100188,188,100021,388,100202,188,99944,288,100313,100,99933,100,100319,100,99915,100,100321,100,99901,100,100409,100,99849,100,100522,100,99828,100,100613,100,99801,100,100812,100,98546,100
2019-06-28 09:55:30.000000000,100091,253,100064,153,100188,153,100021,353,100202,153,99944,253,100313,153,99933,153,100319,153,99915,153,100321,100,99901,100,100409,100,99849,100,100522,100,99828,100,100613,100,99801,100,100812,100,98546,100
2019-06-28 09:55:40.000000000,100091,290,100064,190,100188,188,100021,388,100202,188,99944,288,100313,100,99933,100,100319,100,99915,100,100321,100,99901,100,100409,100,99849,100,100522,100,99828,100,100613,100,99801,100,100812,100,98546,100
2019-06-28 09:55:41.032586780,100091,290,100064,190,100188,188,100021,388,100202,188,99977,100,100313,100,99944,288,100319,100,99933,100,100409,100,99915,100,100522,100,99901,100,100613,100,99849,100,100812,100,99828,100,101299,100,99801,100
2019-06-28 09:55:50.000000000,100091,253,100064,153,100188,153,100021,353,100202,153,99977,153,100313,153,99944,253,100319,153,99933,153,100409,100,99915,100,100522,100,99901,100,100613,100,99849,100,100812,100,99828,100,101299,100,99801,100
2019-06-28 09:56:00.000000000,100091,333,100064,233,100188,233,100021,433,100202,100,99977,100,100313,100,99944,200,100319,100,99933,100,100409,100,99915,100,100522,100,99901,100,100613,100,99849,100,100812,100,99828,100,101299,100,99801,100
2019-06-28 09:56:10.000000000,100091,290,100064,190,100188,188,100021,388,100202,188,99977,188,100313,100,99944,200,100319,100,99933,100,100409,100,99915,100,100522,100,99901,100,100613,100,99849,100,100812,100,99828,100,101299,100,99801,100
2019-06-28 09:56:20.000000000,100091,266,100064,166,100188,166,100021,366,100202,166,99977,166,100313,166,99944,266,100319,100,99933,100,100409,100,99915,100,100522,100,99901,100,100613,100,99849,100,100812,100,99828,100,101299,100,99801,100
2019-06-28 09:56:30.000000000,100091,333,100064,233,100188,233,100021,433,100202,100,99977,100,100313,100,99944,200,100319,100,99933,100,100409,100,99915,100,100522,100,99901,100,100613,100,99849,100,100812,100,99828,100,101299,100,99801,100
2019-06-28 09:56:31.851876188,100091,333,100064,233,100188,233,100021,433,100202,100,99977,100,100313,100,99944,200,100319,100,99933,100,100409,100,99915,100,100522,100,99901,100,100613,100,99849,100,100812,100,99828,100,101299,100,99801,100
2019-06-28 09:56:40.000000000,100091,333,100064,233,100188,233,100021,433,100202,100,99977,100,100313,100,99944,200,100319,100,99933,100,100409,100,99915,100,100522,100,99901,100,100613,100,99849,100,100812,100,99828,100,101299,100,99801,100
2019-06-28 09:56:50.000000000,100091,466,100064,366,100188,100,100021,300,100202,100,99977,100,100313,100,99944,200,100319,100,99933,100,100409,100,99915,100,100522,100,99901,100,100613,100,99849,100,100812,100,99828,100,101299,100,99801,100
2019-06-28 09:57:00.000000000,100091,466,100064,366,100188,100,100021,300,100202,100,99977,100,100313,100,99944,200,100319,100,99933,100,100409,100,99915,100,100522,100,99901,100,100613,100,99849,100,100812,100,99828,100,101299,100,99801,100
2019-06-28 09:57:06.700901566,100091,466,100064,366,100188,100,100021,300,100313,100,99977,100,100319,100,99944,200,100409,100,99933,100,100522,100,99915,100,100613,100,99901,100,100812,100,99849,100,101299,100,99828,100,101404,100,99801,100
2019-06-28 09:57:10.000000000,100091,333,100064,233,100188,233,100021,433,100313,100,99977,100,100319,100,99944,200,100409,100,99933,100,100522,100,99915,100,100613,100,99901,100,100812,100,99849,100,101299,100,99828,100,101404,100,99801,100
2019-06-28 09:57:20.000000000,100091,253,100064,153,100188,153,100021,353,100313,153,99977,153,100319,153,99944,253,100409,153,99933,153,100522,100,99915,100,100613,100,99901,100,100812,100,99849,100,101299,100,99828,100,101404,100,99801,100
2019-06-28 09:57:28.875301101,100091,253,100064,153,100188,153,100021,353,100313,153,99977,153,100319,153,99944,153,100409,153,99933,153,100522,100,99915,100,100613,100,99901,100,100812,100,99849,100,101299,100,99828,100,101404,100,99801,100
2019-06-28 09:57:30.000000000,100091,266,100064,166,100188,166,100021,366,100313,166,99977,166,100319,166,99944,166,100409,100,99933,100,100522,100,99915,100,100613,100,99901,100,100812,100,99849,100,101299,100,99828,100,101404,100,99801,100
2019-06-28 09:57:31.249981019,100091,266,100064,66,100188,166,100021,366,100313,166,99977,166,100319,166,99944,166,100409,100,99933,100,100522,100,99915,100,100613,100,99901,100,100812,100,99849,100,101299,100,99828,100,,,99801,100
2019-06-28 09:57:39.751580180,100091,266,100064,66,100188,166,100021,366,100313,166,99977,166,100319,166,99944,166,100409,100,99933,100,100522,100,99915,100,100613,100,99901,100,100812,100,99849,100,101299,100,99828,100,,,99801,100
2019-06-28 09:57:40.000000000,100091,290,100021,390,100188,188,99977,188,100313,188,99944,188,100319,100,99933,100,100409,100,99915,100,100522,100,99901,100,100613,100,99849,100,100812,100,99828,100,101299,100,99801,100,,,99540,100
2019-06-28 09:57:50.000000000,100091,466,100021,566,100188,100,99977,100,100313,100,99944,100,100319,100,99933,100,100409,100,99915,100,100522,100,99901,100,100613,100,99849,100,100812,100,99828,100,101299,100,99801,100,,,99540,100
2019-06-28 09:57:55.459669527,100091,466,100021,566,100188,100,99977,100,100313,100,99944,100,100319,100,99933,100,100409,100,99915,100,100522,100,99901,100,100613,100,99849,100,100812,100,99828,100,,,99801,100,,,99540,100
2019-06-28 09:58:00.000000000,100091,333,100021,433,100188,233,99977,233,100313,100,99944,100,100319,100,99933,100,100409,100,99915,100,100522,100,99901,100,100613,100,99849,100,100812,100,99828,100,,,99801,100,,,99540,100
2019-06-28 09:58:10.000000000,100091,266,100021,366,100188,166,99977,166,100313,166,99944,166,100319,166,99933,166,100409,100,99915,100,100522,100,99901,100,100613,100,99849,100,100812,100,99828,100,,,99801,100,,,99540,100
2019-06-28 09:58:20.000000000,100091,266,100021,366,100188,166,99977,166,100313,166,99944,166,100319,166,99933,166,100409,100,99915,100,100522,100,99901,100,100613,100,99849,100,100812,100,99828,100,,,99801,100,,,99540,100
2019-06-28 09:58:26.357075872,100091,266,100021,366,100188,166,99977,166,100313,166,99944,166,100319,166,99933,166,100409,100,99915,100,100522,100,99901,100,100613,100,99849,100,100812,100,99828,100,,,99801,100,,,99540,100
2019-06-28 09:58:30.000000000,100091,253,100021,353,100188,153,99977,153,100313,153,99944,153,100319,153,99933,153,100409,153,99915,153,100522,100,99901,100,100613,100,99849,100,100812,100,99828,100,,,99801,100,,,99540,100
2019-06-28 09:58:40.000000000,100091,266,100021,366,100188,166,99977,166,100313,166,99944,166,100319,166,99933,166,100409,100,99915,100,100522,100,99901,100,100613,100,99849,100,100812,100,99828,100,,,99801,100,,,99540,100
2019-06-28 09:58:44.439932249,100091,266,100021,366,100188,166,99977,166,100313,166,99944,166,100319,166,99933,66,100409,100,99915,100,100522,100,99901,100,100613,100,99849,100,100812,100,99828,100,,,99801,100,,,99540,100
2019-06-28 09:58:50.000000000,100091,266,100021,366,100188,166,99977,166,100313,166,99944,166,100319,166,99915,166,100409,100,99901,100,100522,100,99849,100,100613,100,99828,100,100812,100,99801,100,,,99540,100,,,99113,100
2019-06-28 09:58:56.449190337,100091,266,100021,366,100188,166,99977,166,100313,166,99944,166,100319,166,99915,166,100409,100,99901,100,100522,100,99849,100,100613,100,99828,100,100812,100,99801,100,,,99540,100,,,99178,100
2019-06-28 09:59:00.000000000,100091,253,100021,353,100188,153,99977,153,100313,153,99944,153,100319,153,99915,153,100409,153,99901,153,100522,100,99849,100,100613,100,99828,100,100812,100,99801,100,,,99540,100,,,99178,100
2019-06-28 09:59:00.346276841,100091,253,100021,353,100188,153,99977,153,100313,153,99944,153,100319,153,99915,153,100409,153,99901,153,100522,100,99849,100,100613,100,99828,100,100812,100,99801,100,,,99540,100,,,99178,100
2019-06-28 09:59:03.737440928,100091,253,100021,253,100188,153,99977,153,100313,153,99944,153,100319,153,99915,153,100409,153,99901,153,100522,100,99849,100,100613,100,99828,100,100812,100,99801,100,,,99540,100,,,99178,100
2019-06-28 09:59:05.003790002,100091,253,100021,253,100188,153,99977,153,100313,153,99944,153,100319,153,99915,153,100409,153,99901,153,100522,100,99849,100,100613,100,99801,100,100812,100,99540,100,,,99178,100,,,99113,100
2019-06-28 09:59:10.000000000,100091,290,100021,290,100188,188,99977,188,100313,188,99944,188,100319,100,99915,100,100409,100,99901,100,100522,100,99849,100,100613,100,99801,100,100812,100,99540,100,,,99178,100,,,99113,100
2019-06-28 09:59:20.000000000,100091,290,100021,290,100188,188,99977,188,100313,188,99944,188,100319,100,99915,100,100409,100,99901,100,100522,100,99849,100,100613,100,99801,100,100812,100,99540,100,,,99178,100,,,99113,100
2019-06-28 09:59:20.601955225,100091,290,100021,190,100188,188,99977,188,100313,188,99944,188,100319,100,99915,100,100409,100,99901,100,100522,100,99849,100,100613,100,99801,100,100812,100,99540,100,,,99178,100,,,99113,100
2019-06-28 09:59:30.000000000,100091,290,100021,190,100188,188,99977,188,100313,188,99944,188,100319,100,99915,100,100409,100,99901,100,100522,100,99849,100,100613,100,99801,100,100812,100,99540,100,,,99178,100,,,99113,100
2019-06-28 09:59:40.000000000,100091,333,100021,233,100188,233,99977,233,100313,100,99944,100,100319,100,99915,100,100409,100,99901,100,100522,100,99849,100,100613,100,99801,100,100812,100,99540,100,,,99178,100,,,99113,100
2019-06-28 09:59:50.000000000,100091,266,100021,166,100188,166,99977,166,100313,166,99944,166,100319,166,99915,166,100409,100,99901,100,100522,100,99849,100,100613,100,99801,100,100812,100,99540,100,,,99178,100,,,99113,100
2019-06-28 10:00:00.000000000,100091,290,100021,190,100188,188,99977,188,100313,188,99944,188,100319,100,99915,100,100409,100,99901,100,100522,100,99849,100,100613,100,99801,100,100812,100,99540,100,,,99178,100,,,99113,100
2019-06-28 10:00:00.406582651,100091,290,100021,90,100188,188,99977,188,100313,188,99944,188,100319,100,99915,100,100409,100,99901,100,100522,100,99849,100,100613,100,99801,100,100812,100,99540,100,,,99178,100,,,99113,100
2019-06-28 10:00:10.000000000,100091,290,99977,190,100188,188,99944,188,100313,188,99915,188,100319,100,99901,100,100409,100,99849,100,100522,100,99801,100,100613,100,99540,100,100812,100,99178,100,,,99113,100,,,99063,100
2019-06-28 10:00:20.000000000,100091,466,99977,366,100188,100,99944,100,100313,100,99915,100,100319,100,99901,100,100409,100,99849,100,100522,100,99801,100,100613,100,99540,100,100812,100,99178,100,,,99113,100,,,99063,100
2019-06-28 10:00:23.876539978,100091,466,99977,366,100120,100,99944,100,100188,100,99915,100,100313,100,99901,100,100319,100,99849,100,100409,100,99801,100,100522,100,99178,100,100613,100,99113,100,100812,100,99063,100,,,99057,100
2019-06-28 10:00:27.194427769,100091,466,99977,366,100120,100,99944,100,100188,100,99915,100,100313,100,99901,100,100319,100,99876,100,100409,100,99849,100,100522,100,99801,100,100613,100,99178,100,100812,100,99113,100,,,99063,100
2019-06-28 10:00:30.000000000,100091,266,99977,166,100120,166,99944,166,100188,166,99915,166,100313,166,99901,166,100319,100,99876,100,100409,100,99849,100,100522,100,99801,100,100613,100,99178,100,100812,100,99113,100,,,99063,100
2019-06-28 10:00:32.278818942,100091,266,99977,166,100120,166,99970,100,100188,166,99944,166,100313,166,99915,166,100319,100,99901,166,100409,100,99876,100,100522,100,99849,100,100613,100,99801,100,100812,100,99178,100,,,99113,100
2019-06-28 10:00:40.000000000,100091,466,99977,366,100120,100,99970,100,100188,100,99944,100,100313,100,99915,100,100319,100,99901,100,100409,100,99876,100,100522,100,99849,100,100613,100,99801,100,100812,100,99178,100,,,99113,100
2019-06-28 10:00:50.000000000,100091,466,99977,366,100120,100,99970,100,100188,100,99944,100,100313,100,99915,100,100319,100,99901,100,100409,100,99876,100,100522,100,99849,100,100613,100,99801,100,100812,100,99178,100,,,99113,100
2019-06-28 10:01:00.000000000,100091,290,99977,190,100120,188,99970,188,100188,188,99944,188,100313,100,99915,100,100319,100,99901,100,100409,100,99876,100,100522,100,99849,100,100613,100,99801,100,100812,100,99178,100,,,99113,100
2019-06-28 10:01:10.000000000,100091,333,99977,233,100120,233,99970,233,100188,100,99944,100,100313,100,99915,100,100319,100,99901,100,100409,100,99876,100,100522,100,99849,100,100613,100,99801,100,100812,100,99178,100,,,99113,100
2019-06-28 10:01:20.000000000,100091,266,99977,166,100120,166,99970,166,100188,166,99944,166,100313,166,99915,166,100319,100,99901,100,100409,100,99876,100,100522,100,99849,100,100613,100,99801,100,100812,100,99178,100,,,99113,100
2019-06-28 10:01:25.527248414,100091,266,99977,166,100120,166,99970,166,100188,166,99944,166,100313,166,99915,166,100319,100,99901,100,100409,100,99876,100,100522,100,99849,100,100527,100,99801,100,100613,100,99178,100,100812,100,99113,100
2019-06-28 10:01:30.000000000,100091,253,99977,153,100120,153,99970,153,100188,153,99944,153,100313,153,99915,153,100319,153,99901,153,100409,100,99876,100,100522,100,99849,100,100527,100,99801,100,100613,100,99178,100,100812,100,99113,100
2019-06-28 10:01:31.235975779,100091,153,99977,153,100120,153,99970,153,100188,153,99944,153,100313,153,99915,153,100319,153,99901,153,100409,100,99876,100,100522,100,99849,100,100527,100,99801,100,100613,100,99178,100,100812,100,99113,100
2019-06-28 10:01:39.137141202,100091,153,99977,153,100120,153,99970,153,100188,153,99944,153,100313,153,99915,153,100319,153,99901,153,100409,100,99876,100,100522,100,99849,100,100527,100,99801,100,100612,100,99178,100,100613,100,99113,100
2019-06-28 10:01:40.000000000,100091,366,99977,366,100120,100,99970,100,100188,100,99944,100,100313,100,99915,100,100319,100,99901,100,100409,100,99876,100,100522,100,99849,100,100527,100,99801,100,100612,100,99178,100,100613,100,99113,100
2019-06-28 10:01:50.000000000,100091,366,99977,366,100120,100,99970,100,100188,100,99944,100,100313,100,99915,100,100319,100,99901,100,100409,100,99876,100,100522,100,99849,100,100527,100,99801,100,100612,100,99178,100,100613,100,99113,100
2019-06-28 10:02:00.000000000,100091,190,99977,190,100120,188,99970,188,100188,188,99944,188,100313,100,99915,100,100319,100,99901,100,100409,100,99876,100,100522,100,99849,100,100527,100,99801,100,100612,100,99178,100,100613,100,99113,100
2019-06-28 10:02:10.000000000,100091,153,99977,153,100120,153,99970,153,100188,153,99944,153,100313,153,99915,153,100319,153,99901,153,100409,100,99876,100,100522,100,99849,100,100527,100,99801,100,100612,100,99178,100,100613,100,99113,100
2019-06-28 10:02:13.345669696,100091,53,99977,153,100120,153,99970,153,100188,153,99944,153,100313,153,99915,153,100319,153,99901,153,100409,100,99876,100,100522,100,99849,100,100527,100,99801,100,100612,100,99178,100,100613,100,99113,100
2019-06-28 10:02:20.000000000,100120,166,99977,166,100188,166,99970,166,100313,166,99944,166,100319,166,99915,166,100409,100,99901,100,100522,100,99876,100,100527,100,99849,100,100612,100,99801,100,100613,100,99178,100,100812,100,99113,100
2019-06-28 10:02:30.000000000,100120,190,99977,190,100188,188,99970,188,100313,188,99944,188,100319,100,99915,100,100409,100,99901,100,100522,100,99876,100,100527,100,99849,100,100612,100,99801,100,100613,100,99178,100,100812,100,99113,100
2019-06-28 10:02:40.000000000,100120,233,99977,233,100188,233,99970,233,100313,100,99944,100,100319,100,99915,100,100409,100,99901,100,100522,100,99876,100,100527,100,99849,100,100612,100,99801,100,100613,100,99178,100,100812,100,99113,100
2019-06-28 10:02:47.873211299,100120,133,99977,233,100188,233,99970,233,100313,100,99944,100,100319,100,99915,100,100409,100,99901,100,100522,100,99876,100,100527,100,99849,100,100613,100,99801,100,100812,100,99178,100,,,99113,100
2019-06-28 10:02:50.000000000,100188,366,99977,366,100313,100,99970,100,100319,100,99944,100,100409,100,99915,100,100522,100,99901,100,100527,100,99876,100,100613,100,99849,100,100812,100,99801,100,,,99178,100,,,99113,100
2019-06-28 10:02:50.578497639,100188,366,100149,100,100313,100,99977,366,100319,100,99970,100,100409,100,99944,100,100522,100,99915,100,100527,100,99901,100,100613,100,99876,100,100812,100,99849,100,,,99801,100,,,99178,100
2019-06-28 10:02:59.981606228,100188,266,100149,100,100313,100,99977,366,100319,100,99970,100,100409,100,99944,100,100522,100,99915,100,100527,100,99901,100,100613,100,99876,100,100812,100,99849,100,,,99801,100,,,99178,100
2019-06-28 10:03:00.000000000,100313,153,100149,153,100319,153,99977,153,100409,153,99970,153,100522,153,99944,153,100527,153,99915,153,100613,100,99901,100,100812,100,99876,100,,,99849,100,,,99801,100,,,99178,100
2019-06-28 10:03:06.410196878,100313,153,100149,153,100319,153,99977,153,100409,153,99970,153,100463,100,99944,153,100522,153,99915,153,100527,153,99901,100,100613,100,99876,100,100812,100,99849,100,,,99801,100,,,99178,100
2019-06-28 10:03:10.000000000,100313,153,100149,153,100319,153,99977,153,100409,153,99970,153,100463,153,99944,153,100522,153,99915,153,100527,100,99901,100,100613,100,99876,100,100812,100,99849,100,,,99801,100,,,99178,100
2019-06-28 10:03:20.000000000,100313,366,100149,366,100319,100,99977,100,100409,100,99970,100,100463,100,99944,100,100522,100,99915,100,100527,100,99901,100,100613,100,99876,100,100812,100,99849,100,,,99801,100,,,99178,100
2019-06-28 10:03:30.000000000,100313,233,100149,233,100319,233,99977,233,100409,100,99970,100,100463,100,99944,100,100522,100,99915,100,100527,100,99901,100,100613,100,99876,100,100812,100,99849,100,,,99801,100,,,99178,100
2019-06-28 10:03:31.145674835,100313,233,100149,233,100319,233,99977,233,100372,100,99970,100,100409,100,99944,100,100463,100,99915,100,100522,100,99901,100,100527,100,99876,100,100613,100,99849,100,100812,100,99801,100,,,99178,100
2019-06-28 10:03:40.000000000,100313,166,100149,166,100319,166,99977,166,100372,166,99970,166,100409,166,99944,166,100463,100,99915,100,100522,100,99901,100,100527,100,99876,100,100613,100,99849,100,100812,100,99801,100,,,99178,100
2019-06-28 10:03:50.000000000,100313,233,100149,233,100319,233,99977,233,100372,100,99970,100,100409,100,99944,100,100463,100,99915,100,100522,100,99901,100,100527,100,99876,100,100613,100,99849,100,100812,100,99801,100,,,99178,100
2019-06-28 10:04:00.000000000,100313,153,100149,153,100319,153,99977,153,100372,153,99970,153,100409,153,99944,153,100463,153,99915,153,100522,100,99901,100,100527,100,99876,100,100613,100,99849,100,100812,100,99801,100,,,99178,100
2019-06-28 10:04:02.902200765,100313,53,100149,153,100319,153,99977,153,100372,153,99970,153,100409,153,99944,153,100463,153,99915,153,100522,100,99901,100,100527,100,99876,100,100812,100,99849,100,,,99801,100,,,99178,100
2019-06-28 10:04:10.000000000,100319,233,100149,233,100372,233,99977,233,100409,100,99970,100,100463,100,99944,100,100522,100,99915,100,100527,100,99901,100,100812,100,99876,100,,,99849,100,,,99801,100,,,99178,100
2019-06-28 10:04:20.000000000,100319,153,100149,153,100372,153,99977,153,100409,153,99970,153,100463,153,99944,153,100522,153,99915,153,100527,100,99901,100,100812,100,99876,100,,,99849,100,,,99801,100,,,99178,100
2019-06-28 10:04:26.682585451,100319,53,100149,153,100372,153,99977,153,100409,153,99970,153,100463,153,99944,153,100522,153,99915,153,100527,100,99901,100,100812,100,99876,100,,,99849,100,,,99801,100,,,99178,100
2019-06-28 10:04:30.000000000,100372,166,100149,166,100409,166,99977,166,100463,166,99970,166,100522,166,99944,166,100527,100,99915,100,100812,100,99901,100,,,99876,100,,,99849,100,,,99801,100,,,99178,100
2019-06-28 10:04:30.222865017,100372,166,100149,166,100409,166,99977,166,100463,166,99970,166,100489,100,99944,166,100522,166,99915,100,100527,100,99901,100,100812,100,99876,100,,,99849,100,,,99801,100,,,99178,100
2019-06-28 10:04:40.000000000,100372,190,100149,190,100409,188,99977,188,100463,188,99970,188,100489,100,99944,100,100522,100,99915,100,100527,100,99901,100,100812,100,99876,100,,,99849,100,,,99801,100,,,99178,100
2019-06-28 10:04:43.238593263,100372,190,100149,90,100409,188,99977,188,100463,188,99970,188,100489,100,99944,100,100522,100,99915,100,100524,100,99901,100,100527,100,99876,100,100812,100,99849,100,,,99801,100,,,99178,100
2019-06-28 10:04:43.554248216,100372,190,100149,90,100409,188,99977,188,100463,188,99970,188,100489,100,99944,100,100507,100,99915,100,100522,100,99901,100,100524,100,99876,100,100527,100,99849,100,100812,100,99801,100,,,99178,100
2019-06-28 10:04:48.201675570,100372,190,100308,100,100409,188,100149,90,100463,188,99977,188,100489,100,99970,188,100507,100,99944,100,100522,100,99915,100,100524,100,99901,100,100527,100,99876,100,100812,100,99849,100,,,99801,100
2019-06-28 10:04:50.000000000,100372,166,100308,166,100409,166,99977,166,100463,166,99970,166,100489,166,99944,166,100507,100,99915,100,100522,100,99901,100,100524,100,99876,100,100527,100,99849,100,100812,100,99801,100,,,99178,100
2019-06-28 10:05:00.000000000,100372,190,100308,190,100409,188,99977,188,100463,188,99970,188,100489,100,99944,100,100507,100,99915,100,100522,100,99901,100,100524,100,99876,100,100527,100,99849,100,100812,100,99801,100,,,99178,100
2019-06-28 10:05:00.046913258,100372,90,100308,190,100409,188,99977,88,100463,188,99970,188,100489,100,99944,100,100507,100,99915,100,100522,100,99901,100,100524,100,99876,100,100527,100,99849,100,100812,100,99801,100,,,99178,100
2019-06-28 10:05:10.000000000,100409,190,100308,190,100463,188,99970,188,100489,188,99944,188,100507,100,99915,100,100522,100,99901,100,100524,100,99876,100,100527,100,99849,100,100812,100,99801,100,,,99178,100,,,99063,100
2019-06-28 10:05:20.000000000,100409,166,100308,166,100463,166,99970,166,100489,166,99944,166,100507,166,99915,166,100522,100,99901,100,100524,100,99876,100,100527,100,99849,100,100812,100,99801,100,,,99178,100,,,99063,100
2019-06-28 10:05:30.000000000,100409,233,100308,233,100463,233,99970,233,100489,100,99944,100,100507,100,99915,100,100522,100,99901,100,100524,100,99876,100,100527,100,99849,100,100812,100,99801,100,,,99178,100,,,99063,100
2019-06-28 10:05:37.914435551,100409,233,100319,100,100463,233,100308,233,100489,100,99970,233,100507,100,99944,100,100522,100,99915,100,100524,100,99901,100,100527,100,99876,100,100812,100,99849,100,,,99801,100,,,99178,100
2019-06-28 10:05:40.000000000,100409,233,100319,233,100463,233,100308,233,100489,100,99970,100,100507,100,99944,100,100522,100,99915,100,100524,100,99901,100,100527,100,99876,100,100812,100,99849,100,,,99801,100,,,99178,100
2019-06-28 10:05:40.964897029,100409,233,100319,233,100463,233,100308,233,100489,100,99970,100,100507,100,99944,100,100511,100,99915,100,100522,100,99901,100,100524,100,99876,100,100527,100,99849,100,100812,100,99801,100,,,99178,100
2019-06-28 10:05:41.200445831,100409,233,100319,233,100463,233,100308,233,100489,100,100162,100,100507,100,99970,100,100511,100,99944,100,100524,100,99915,100,100527,100,99901,100,100812,100,99876,100,,,99849,100,,,99801,100
2019-06-28 10:05:50.000000000,100409,166,100319,166,100463,166,100308,166,100489,166,100162,166,100507,166,99970,166,100511,100,99944,100,100524,100,99915,100,100527,100,99901,100,100812,100,99876,100,,,99849,100,,,99801,100
2019-06-28 10:05:53.589925942,100409,166,100319,166,100463,66,100308,166,100472,100,100162,166,100489,166,99970,166,100507,166,99944,100,100511,100,99915,100,100524,100,99901,100,100527,100,99876,100,100812,100,99849,100,,,99801,100
2019-06-28 10:06:00.000000000,100409,190,100319,190,100472,188,100308,188,100489,188,100162,188,100507,100,99970,100,100511,100,99944,100,100524,100,99915,100,100527,100,99901,100,100812,100,99876,100,,,99849,100,,,99801,100
2019-06-28 10:06:10.000000000,100409,366,100319,366,100472,100,100308,100,100489,100,100162,100,100507,100,99970,100,100511,100,99944,100,100524,100,99915,100,100527,100,99901,100,100812,100,99876,100,,,99849,100,,,99801,100
2019-06-28 10:06:20.000000000,100409,153,100319,153,100472,153,100308,153,100489,153,100162,153,100507,153,99970,153,100511,153,99944,153,100524,100,99915,100,100527,100,99901,100,100812,100,99876,100,,,99849,100,,,99801,100
2019-06-28 10:06:30.000000000,100409,233,100319,233,100472,233,100308,233,100489,100,100162,100,100507,100,99970,100,100511,100,99944,100,100524,100,99915,100,100527,100,99901,100,100812,100,99876,100,,,99849,100,,,99801,100
2019-06-28 10:06:39.619780211,100409,233,100319,233,100472,233,100308,233,100489,100,100162,100,100507,100,99970,100,100511,100,99944,100,100524,100,99915,100,100527,100,99901,100,100812,100,99876,100,100822,100,99849,100,,,99801,100
2019-06-28 10:06:40.000000000,100409,366,100319,366,100472,100,100308,100,100489,100,100162,100,100507,100,99970,100,100511,100,99944,100,100524,100,99915,100,100527,100,99901,100,100812,100,99876,100,100822,100,99849,100,,,99801,100
2019-06-28 10:06:43.855661458,100409,266,100319,366,100472,100,100308,100,100489,100,100162,100,100507,100,99970,100,100511,100,99944,100,100524,100,99915,100,100527,100,99901,100,100812,100,99876,100,100822,100,99849,100,,,99178,100
2019-06-28 10:06:49.761858397,100409,266,100372,100,100472,100,100319,366,100489,100,100308,100,100507,100,100162,100,100511,100,99970,100,100524,100,99944,100,100527,100,99915,100,100812,100,99901,100,100822,100,99876,100,,,99849,100
2019-06-28 10:06:50.000000000,100472,166,100372,166,100489,166,100319,166,100507,166,100308,166,100511,166,100162,166,100524,100,99970,100,100527,100,99944,100,100812,100,99915,100,100822,100,99901,100,,,99876,100,,,99849,100
2019-06-28 10:07:00.000000000,100472,233,100372,233,100489,233,100319,233,100507,100,100308,100,100511,100,100162,100,100524,100,99970,100,100527,100,99944,100,100812,100,99915,100,100822,100,99901,100,,,99876,100,,,99849,100
2019-06-28 10:07:01.224861642,100472,233,100372,233,100489,233,100319,233,100507,100,100308,100,100511,100,100162,100,100524,100,99970,100,100527,100,99944,100,100812,100,99915,100,100822,100,99901,100,100832,100,99876,100,,,99849,100
2019-06-28 10:07:10.000000000,100472,166,100372,166,100489,166,100319,166,100507,166,100308,166,100511,166,100162,166,100524,100,99970,100,100527,100,99944,100,100812,100,99915,100,100822,100,99901,100,100832,100,99876,100,,,99849,100
2019-06-28 10:07:20.000000000,100472,166,100372,166,100489,166,100319,166,100507,166,100308,166,100511,166,100162,166,100524,100,99970,100,100527,100,99944,100,100812,100,99915,100,100822,100,99901,100,100832,100,99876,100,,,99849,100
2019-06-28 10:07:20.431273298,100472,66,100372,166,100489,166,100319,166,100507,166,100308,166,100511,166,100162,166,100524,100,99970,100,100527,100,99944,100,100812,100,99915,100,100822,100,99901,100,100832,100,99876,100,,,99849,100
2019-06-28 10:07:30.000000000,100489,166,100372,166,100507,166,100319,166,100511,166,100308,166,100524,166,100162,166,100527,100,99970,100,100812,100,99944,100,100822,100,99915,100,100832,100,99901,100,,,99876,100,,,99849,100
2019-06-28 10:07:40.000000000,100489,190,100372,190,100507,188,100319,188,100511,188,100308,188,100524,100,100162,100,100527,100,99970,100,100812,100,99944,100,100822,100,99915,100,100832,100,99901,100,,,99876,100,,,99849,100
2019-06-28 10:07:50.000000000,100489,366,100372,366,100507,100,100319,100,100511,100,100308,100,100524,100,100162,100,100527,100,99970,100,100812,100,99944,100,100822,100,99915,100,100832,100,99901,100,,,99876,100,,,99849,100
2019-06-28 10:07:50.162661432,100489,366,100372,366,100507,100,100319,100,100511,100,100308,100,100524,100,100162,100,100527,100,99970,100,100812,100,99944,100,100822,100,99921,100,100832,100,99915,100,,,99901,100,,,99876,100
2019-06-28 10:07:51.935671971,100489,366,100372,366,100507,100,100319,100,100511,100,100308,100,100524,100,100162,100,100527,100,99988,100,100812,100,99970,100,100822,100,99944,100,100832,100,99921,100,,,99915,100,,,99901,100
2019-06-28 10:07:54.114203311,100489,366,100372,366,100507,100,100319,100,100511,100,100308,100,100524,100,100162,100,100527,100,99988,100,100812,100,99970,100,100822,100,99944,100,100832,100,99921,100,,,99919,100,,,99915,100
2019-06-28 10:08:00.000000000,100489,153,100372,153,100507,153,100319,153,100511,153,100308,153,100524,153,100162,153,100527,153,99988,153,100812,100,99970,100,100822,100,99944,100,100832,100,99921,100,,,99919,100,,,99915,100
2019-06-28 10:08:10.000000000,100489,190,100372,190,100507,188,100319,188,100511,188,100308,188,100524,100,100162,100,100527,100,99988,100,100812,100,99970,100,100822,100,99944,100,100832,100,99921,100,,,99919,100,,,99915,100
2019-06-28 10:08:15.423991984,100489,190,100372,90,100507,188,100319,188,100511,188,100308,188,100524,100,100162,100,100527,100,99988,100,100812,100,99970,100,100822,100,99944,100,100832,100,99921,100,,,99919,100,,,99915,100
2019-06-28 10:08:20.000000000,100489,153,100319,153,100507,153,100308,153,100511,153,100162,153,100524,153,99988,153,100527,153,99970,153,100812,100,99944,100,100822,100,99921,100,100832,100,99919,100,,,99915,100,,,99901,100
2019-06-28 10:08:24.319202480,100489,153,100319,53,100507,153,100308,153,100511,153,100162,153,100524,153,99988,153,100527,153,99970,53,100812,100,99944,100,100822,100,99921,100,100832,100,99919,100,,,99915,100,,,99901,100
2019-06-28 10:08:30.000000000,100489,233,100308,233,100507,233,100162,233,100511,100,99988,100,100524,100,99944,100,100527,100,99921,100,100812,100,99919,100,100822,100,99915,100,100832,100,99901,100,,,99876,100,,,99849,100
2019-06-28 10:08:35.724979633,100372,100,100308,233,100489,233,100162,233,100507,233,99988,100,100511,100,99944,100,100524,100,99921,100,100527,100,99919,100,100812,100,99915,100,100822,100,99901,100,100832,100,99876,100,,,99849,100
2019-06-28 10:08:40.000000000,100372,153,100308,153,100489,153,100162,153,100507,153,99988,153,100511,153,99944,153,100524,153,99921,153,100527,100,99919,100,100812,100,99915,100,100822,100,99901,100,100832,100,99876,100,,,99849,100
2019-06-28 10:08:50.000000000,100372,233,100308,233,100489,233,100162,233,100507,100,99988,100,100511,100,99944,100,100524,100,99921,100,100527,100,99919,100,100812,100,99915,100,100822,100,99901,100,100832,100,99876,100,,,99849,100
2019-06-28 10:09:00.000000000,100372,166,100308,166,100489,166,100162,166,100507,166,99988,166,100511,166,99944,166,100524,100,99921,100,100527,100,99919,100,100812,100,99915,100,100822,100,99901,100,100832,100,99876,100,,,99849,100
2019-06-28 10:09:10.000000000,100372,166,100308,166,100489,166,100162,166,100507,166,99988,166,100511,166,99944,166,100524,100,99921,100,100527,100,99919,100,100812,100,99915,100,100822,100,99901,100,100832,100,99876,100,,,99849,100
2019-06-28 10:09:12.347008786,100372,166,100308,166,100489,166,100162,166,100507,166,100152,100,100511,166,99988,166,100524,100,99944,166,100527,100,99921,100,100812,100,99919,100,100822,100,99915,100,100832,100,99901,100,,,99876,100
