,ask_price_1,ask_size_1,bid_price_1,bid_size_1,ask_price_2,ask_size_2,bid_price_2,bid_size_2,ask_price_3,ask_size_3,bid_price_3,bid_size_3,ask_price_4,ask_size_4,bid_price_4,bid_size_4,ask_price_5,ask_size_5,bid_price_5,bid_size_5,ask_price_6,ask_size_6,bid_price_6,bid_size_6,ask_price_7,ask_size_7,bid_price_7,bid_size_7,ask_price_8,ask_size_8,bid_price_8,bid_size_8,ask_price_9,ask_size_9,bid_price_9,bid_size_9,ask_price_10,ask_size_10,bid_price_10,bid_size_10
2019-06-28 09:30:00.000000002,99943,100,,,,,,,,,,,,,,,,,,,,,,,,,,,,,,,,,,,,,,
2019-06-28 09:30:00.000000007,99943,100,99922,100,,,,,,,,,,,,,,,,,,,,,,,,,,,,,,,,,,,,
2019-06-28 09:30:00.000000008,99943,100,99922,100,100061,100,,,,,,,,,,,,,,,,,,,,,,,,,,,,,,,,,,
2019-06-28 09:30:00.000000009,99943,100,99922,100,100027,100,,,100061,100,,,,,,,,,,,,,,,,,,,,,,,,,,,,,,
2019-06-28 09:30:00.000000010,99943,100,99922,100,100027,100,99872,100,100061,100,,,,,,,,,,,,,,,,,,,,,,,,,,,,,,
2019-06-28 09:30:00.000000013,100027,100,99922,100,100061,100,99872,100,100075,100,,,,,,,,,,,,,,,,,,,,,,,,,,,,,,
2019-06-28 09:30:00.000000017,100027,100,99922,100,100038,100,99912,100,100061,100,99872,100,100075,100,,,100143,100,,,,,,,,,,,,,,,,,,,,,,
2019-06-28 09:30:00.000000018,100027,100,99982,100,100038,100,99971,100,100061,100,99922,100,100075,100,99912,100,100143,100,99872,100,,,,,,,,,,,,,,,,,,,,
2019-06-28 09:30:00.000000021,100027,100,99982,100,100038,100,99971,100,100061,100,99932,100,100075,100,99922,100,100143,100,99912,100,,,99889,100,,,99872,100,,,,,,,,,,,,
2019-06-28 09:30:00.000000022,100027,100,99982,100,100038,100,99971,100,100061,100,99932,100,100075,100,99922,100,100143,100,99914,100,,,99912,100,,,99896,100,,,99889,100,,,99872,100,,,,
2019-06-28 09:30:00.000000023,100027,100,99982,100,100038,100,99971,100,100061,100,99946,100,100075,100,99932,100,100143,100,99922,100,,,99914,100,,,99912,100,,,99896,100,,,99889,100,,,99872,100
2019-06-28 09:30:00.000000024,100027,100,99982,100,100038,100,99971,100,100061,100,99946,100,100075,100,99932,100,100143,100,99922,100,,,99920,100,,,99914,100,,,99912,100,,,99896,100,,,99889,100
2019-06-28 09:30:00.000000025,100038,100,99982,100,100047,100,99971,100,100061,100,99946,100,100075,100,99932,100,100143,100,99922,100,,,99920,100,,,99914,100,,,99912,100,,,99896,100,,,99889,100
2019-06-28 09:30:00.000000026,100038,100,99983,100,100047,100,99982,100,100061,100,99971,100,100075,100,99946,100,100143,100,99932,100,,,99922,100,,,99920,100,,,99914,100,,,99912,100,,,99896,100
2019-06-28 09:30:00.000000027,100038,100,99982,100,100047,100,99971,100,100061,100,99946,100,100075,100,99932,100,100143,100,99922,100,,,99920,100,,,99914,100,,,99912,100,,,99896,100,,,99889,100
2019-06-28 09:30:00.000000028,100038,100,99997,100,100047,100,99982,100,100061,100,99971,100,100075,100,99946,100,100143,100,99932,100,,,99922,100,,,99920,100,,,99914,100,,,99912,100,,,99896,100
2019-06-28 09:30:00.000000029,100047,100,99997,100,100061,100,99983,100,100075,100,99982,100,100143,100,99971,100,,,99946,100,,,99932,100,,,99922,100,,,99920,100,,,99914,100,,,99912,100
2019-06-28 09:30:00.000000033,100047,100,99997,100,100061,100,99983,100,100075,100,99982,100,100098,100,99971,100,100101,100,99946,100,100143,100,99932,100,,,99922,100,,,99920,100,,,99914,100,,,99912,100
2019-06-28 09:30:00.000000035,100002,100,99997,100,100047,100,99983,100,100061,100,99982,100,100075,100,99971,100,100098,100,99946,100,100101,100,99932,100,100143,100,99922,100,,,99920,100,,,99914,100,,,99912,100
2019-06-28 09:30:00.000000036,100002,100,99997,100,100047,100,99983,100,100061,100,99982,100,100075,100,99971,100,100081,100,99946,100,100098,100,99932,100,100101,100,99922,100,100143,100,99920,100,,,99914,100,,,99912,100
2019-06-28 09:30:00.000000039,100002,100,99997,100,100047,100,99983,100,100061,100,99982,100,100075,100,99971,100,100081,100,99969,100,100098,100,99946,100,100101,100,99932,100,100143,100,99922,100,,,99920,100,,,99914,100
2019-06-28 09:30:00.000000041,100002,100,99997,100,100047,100,99983,100,100061,100,99982,100,100075,100,99971,100,100081,100,99969,100,100098,100,99946,100,100101,100,99932,100,100141,100,99922,100,100143,100,99920,100,,,99914,100
2019-06-28 09:30:00.000000042,100002,100,99997,100,100038,100,99983,100,100047,100,99982,100,100061,100,99971,100,100075,100,99969,100,100081,100,99946,100,100098,100,99932,100,100101,100,99922,100,100141,100,99920,100,100143,100,99914,100
2019-06-28 09:30:00.000000046,100002,100,99997,100,100023,100,99983,100,100038,100,99982,100,100047,100,99971,100,100061,100,99969,100,100075,100,99946,100,100081,100,99932,100,100098,100,99922,100,100101,100,99920,100,100141,100,99914,100
2019-06-28 09:30:00.000000049,100002,100,99997,100,100023,100,99983,100,100037,100,99982,100,100038,100,99971,100,100047,100,99969,100,100061,100,99946,100,100075,100,99932,100,100081,100,99922,100,100098,100,99920,100,100101,100,99914,100
2019-06-28 09:30:00.000000055,100002,100,99997,100,100023,100,99983,100,100037,100,99982,100,100038,100,99971,100,100047,100,99969,100,100061,100,99946,100,100075,100,99932,100,100081,100,99926,100,100098,100,99922,100,100101,100,99920,100
2019-06-28 09:30:00.000000056,100002,100,99997,100,100023,100,99983,100,100037,100,99982,100,100038,100,99971,100,100047,100,99969,100,100061,100,99946,100,100075,100,99932,100,100081,100,99926,100,100098,100,99922,100,100101,100,99920,100
2019-06-28 09:30:00.000000057,100002,100,99997,100,100023,100,99983,100,100037,100,99982,100,100038,100,99971,100,100047,100,99969,100,100061,100,99946,100,100075,100,99940,100,100081,100,99932,100,100098,100,99926,100,100101,100,99922,100
2019-06-28 09:30:00.000000060,100002,100,99997,100,100023,100,99996,100,100037,100,99983,200,100038,100,99982,100,100047,100,99971,100,100061,100,99969,100,100075,100,99946,100,100081,100,99940,100,100098,100,99932,100,100101,100,99926,100
2019-06-28 09:30:00.000000061,100002,100,99997,100,100023,100,99996,100,100037,100,99983,200,100038,100,99982,100,100047,100,99971,100,100059,100,99969,100,100061,100,99946,100,100075,100,99940,100,100081,100,99932,100,100098,100,99926,100
2019-06-28 09:30:00.000000063,100002,100,99997,100,100023,100,99996,100,100037,100,99983,200,100038,100,99982,100,100047,100,99971,100,100059,100,99969,100,100061,100,99946,100,100075,100,99941,100,100081,100,99940,100,100098,100,99932,100
2019-06-28 09:30:00.000000064,100002,100,99997,100,100023,100,99996,100,100037,100,99983,300,100038,100,99982,100,100047,100,99971,100,100059,100,99969,100,100061,100,99946,100,100075,100,99941,100,100081,100,99940,100,100098,100,99932,100
2019-06-28 09:30:00.000000066,100002,100,99997,100,100023,100,99996,100,100037,100,99983,300,100038,100,99982,100,100047,100,99971,100,100059,100,99969,100,100061,100,99946,100,100075,100,99944,100,100081,100,99941,100,100098,100,99940,100
2019-06-28 09:30:00.000000068,100002,100,99997,100,100023,100,99996,100,100037,100,99983,300,100038,100,99982,100,100047,100,99971,100,100059,100,99969,100,100061,100,99954,100,100075,100,99946,100,100081,100,99944,100,100098,100,99941,100
2019-06-28 09:30:00.000000072,100002,100,99998,100,100023,100,99997,100,100037,100,99996,100,100038,100,99983,300,100047,100,99982,100,100048,100,99971,100,100059,100,99969,100,100061,100,99954,100,100075,100,99946,100,100077,100,99944,100
2019-06-28 09:30:00.000000074,100002,100,99997,100,100023,100,99996,100,100037,100,99983,300,100038,100,99982,100,100047,100,99971,100,100048,100,99969,100,100059,100,99954,100,100061,100,99946,100,100075,100,99944,100,100077,100,99941,100
2019-06-28 09:30:00.000000075,100002,100,99997,100,100023,100,99996,100,100037,100,99983,300,100038,100,99982,100,100047,100,99971,100,100048,100,99969,100,100059,100,99954,100,100061,100,99946,100,100075,100,99944,100,100077,100,99941,100
2019-06-28 09:30:00.000000078,100002,100,99997,100,100023,100,99996,100,100037,100,99983,300,100038,100,99982,100,100047,100,99972,100,100048,100,99971,100,100059,100,99969,100,100061,100,99954,100,100075,100,99946,100,100077,100,99944,100
2019-06-28 09:30:00.000000083,100002,100,99997,100,100023,100,99996,100,100037,100,99983,300,100038,100,99982,100,100047,100,99972,100,100048,100,99971,100,100059,100,99969,100,100061,100,99954,100,100075,100,99947,100,100077,100,99946,100
2019-06-28 09:30:00.000000085,100002,100,99997,100,100023,100,99996,100,100037,100,99983,300,100038,100,99982,100,100047,100,99972,100,100048,100,99971,100,100059,100,99969,100,100061,100,99954,100,100075,100,99947,100,100077,100,99946,100
2019-06-28 09:30:00.000000086,100002,100,99997,100,100023,100,99996,100,100037,100,99983,300,100038,100,99982,100,100047,100,99972,100,100048,100,99971,100,100059,100,99969,100,100061,100,99954,100,100075,100,99947,100,100077,100,99946,100
2019-06-28 09:30:00.000000093,100023,100,99997,100,100037,100,99996,100,100038,100,99983,300,100047,100,99982,100,100048,100,99972,100,100059,100,99971,100,100061,100,99969,100,100075,100,99954,100,100077,100,99947,100,100081,100,99946,100
2019-06-28 09:30:00.000000097,100002,100,99997,100,100023,100,99996,100,100037,100,99983,300,100038,100,99982,100,100047,100,99972,100,100048,100,99971,100,100059,100,99969,100,100061,100,99954,100,100075,100,99947,100,100077,100,99946,100
2019-06-28 09:30:00.000000098,100002,100,99997,100,100023,100,99996,100,100037,100,99983,300,100038,100,99982,100,100047,100,99972,100,100048,100,99971,100,100059,100,99969,100,100061,100,99954,100,100075,100,99947,100,100077,100,99946,100
2019-06-28 09:30:00.000000099,100002,100,99997,100,100023,100,99996,100,100037,100,99983,300,100038,100,99982,100,100047,100,99972,100,100048,100,99971,100,100059,100,99969,100,100061,100,99954,100,100075,100,99947,100,100077,100,99946,100
2019-06-28 09:30:01.715413460,100002,100,99996,100,100037,100,99983,300,100038,100,99982,100,100047,100,99972,100,100048,100,99971,100,100059,100,99969,100,100061,100,99954,100,100075,100,99947,100,100077,100,99946,100,100081,200,99944,100
2019-06-28 09:30:02.804257407,100002,100,99996,100,100037,100,99983,300,100038,100,99982,100,100047,100,99972,100,100048,100,99971,100,100059,100,99969,100,100061,100,99954,100,100075,100,99947,100,100077,100,99946,100,100081,200,99944,100
2019-06-28 09:30:10.000000000,100002,259,99996,259,100037,255,99983,455,100038,255,99982,255,100047,100,99972,100,100048,100,99971,100,100059,100,99969,100,100061,100,99954,100,100075,100,99947,100,100077,100,99946,100,100081,200,99944,100
2019-06-28 09:30:15.584509946,100002,259,99996,259,100037,255,99983,455,100038,255,99982,255,100047,100,99972,100,100048,100,99971,100,100059,100,99969,100,100061,100,99954,100,100075,100,99947,100,100077,100,99946,100,100081,200,99944,100
2019-06-28 09:30:19.298459702,100001,100,99996,259,100002,259,99983,455,100037,255,99982,255,100038,255,99972,100,100047,100,99971,100,100048,100,99969,100,100059,100,99954,100,100061,100,99947,100,100075,100,99946,100,100077,100,99944,100
2019-06-28 09:30:20.000000000,100001,259,99996,259,100002,255,99983,455,100037,255,99982,255,100038,100,99972,100,100047,100,99971,100,100048,100,99969,100,100059,100,99954,100,100061,100,99947,100,100075,100,99946,100,100077,100,99944,100
2019-06-28 09:30:29.364369763,100001,259,99996,159,100002,255,99983,455,100037,255,99982,255,100038,100,99972,100,100047,100,99971,100,100048,100,99969,100,100059,100,99954,100,100061,100,99947,100,100075,100,99946,100,100077,100,99944,100
2019-06-28 09:30:30.000000000,100001,194,99983,394,100002,194,99982,194,100037,194,99972,194,100038,194,99971,194,100047,194,99969,194,100048,100,99954,100,100059,100,99947,100,100061,100,99946,100,100075,100,99944,100,100077,100,99940,100
2019-06-28 09:30:40.000000000,100001,259,99983,459,100002,255,99982,255,100037,255,99972,255,100038,100,99971,100,100047,100,99969,100,100048,100,99954,100,100059,100,99947,100,100061,100,99946,100,100075,100,99944,100,100077,100,99940,100
2019-06-28 09:30:43.363042240,100001,259,99983,359,100002,255,99982,255,100037,255,99972,255,100038,100,99969,100,100047,100,99954,100,100048,100,99947,100,100059,100,99946,100,100061,100,99944,100,100075,100,99940,100,100077,100,99933,200
2019-06-28 09:30:45.886591104,100001,259,99983,259,100002,255,99982,255,100037,255,99972,255,100038,100,99969,100,100047,100,99954,100,100048,100,99947,100,100059,100,99946,100,100061,100,99944,100,100075,100,99940,100,100077,100,99933,200
2019-06-28 09:30:50.000000000,100001,334,99983,334,100002,334,99982,334,100037,100,99972,100,100038,100,99969,100,100047,100,99954,100,100048,100,99947,100,100059,100,99946,100,100061,100,99944,100,100075,100,99940,100,100077,100,99933,200
2019-06-28 09:31:00.000000000,100001,334,99983,334,100002,334,99982,334,100037,100,99972,100,100038,100,99969,100,100047,100,99954,100,100048,100,99947,100,100059,100,99946,100,100061,100,99944,100,100075,100,99940,100,100077,100,99933,200
2019-06-28 09:31:08.775714488,100001,334,99983,334,100002,334,99982,234,100037,100,99972,100,100038,100,99969,100,100047,100,99954,100,100048,100,99947,100,100059,100,99946,100,100061,100,99944,100,100075,100,99940,100,100077,100,99933,200
2019-06-28 09:31:10.000000000,100001,217,99983,217,100002,217,99972,217,100037,217,99969,217,100038,217,99954,217,100047,100,99947,100,100048,100,99946,100,100059,100,99944,100,100061,100,99940,100,100075,100,99933,200,100077,100,99932,100
2019-06-28 09:31:18.603903584,100001,217,99983,217,100002,217,99972,217,100037,217,99969,217,100038,217,99954,217,100047,100,99947,100,100048,100,99946,100,100059,100,99944,100,100061,100,99940,100,100075,100,99933,200,100077,100,99932,100
2019-06-28 09:31:20.000000000,100001,569,99983,569,100002,100,99972,100,100037,100,99969,100,100038,100,99954,100,100047,100,99947,100,100048,100,99946,100,100059,100,99944,100,100061,100,99940,100,100075,100,99933,200,100077,100,99932,100
2019-06-28 09:31:29.679843614,100001,569,99983,569,100002,100,99972,100,100037,100,99969,100,100038,100,99954,100,100048,100,99947,100,100059,100,99946,100,100061,100,99944,100,100075,100,99940,100,100077,100,99933,200,100081,200,99932,100
2019-06-28 09:31:30.000000000,100001,217,99983,217,100002,217,99972,217,100037,217,99969,217,100038,217,99954,217,100048,100,99947,100,100059,100,99946,100,100061,100,99944,100,100075,100,99940,100,100077,100,99933,200,100081,200,99932,100
2019-06-28 09:31:40.000000000,100001,569,99983,569,100002,100,99972,100,100037,100,99969,100,100038,100,99954,100,100048,100,99947,100,100059,100,99946,100,100061,100,99944,100,100075,100,99940,100,100077,100,99933,200,100081,200,99932,100
2019-06-28 09:31:48.368014750,100001,569,99983,569,100002,100,99972,100,100037,100,99969,100,100038,100,99954,100,100048,100,99947,100,100059,100,99946,100,100061,100,99944,100,100075,100,99940,100,100077,100,99933,200,100081,200,99932,100
2019-06-28 09:31:50.000000000,100001,569,99983,569,100002,100,99972,100,100037,100,99969,100,100038,100,99954,100,100048,100,99947,100,100059,100,99946,100,100061,100,99944,100,100075,100,99940,100,100077,100,99933,200,100081,200,99932,100
2019-06-28 09:32:00.000000000,100001,569,99983,569,100002,100,99972,100,100037,100,99969,100,100038,100,99954,100,100048,100,99947,100,100059,100,99946,100,100061,100,99944,100,100075,100,99940,100,100077,100,99933,200,100081,200,99932,100
2019-06-28 09:32:10.000000000,100001,217,99983,217,100002,217,99972,217,100037,217,99969,217,100038,217,99954,217,100048,100,99947,100,100059,100,99946,100,100061,100,99944,100,100075,100,99940,100,100077,100,99933,200,100081,200,99932,100
2019-06-28 09:32:20.000000000,100001,569,99983,569,100002,100,99972,100,100037,100,99969,100,100038,100,99954,100,100048,100,99947,100,100059,100,99946,100,100061,100,99944,100,100075,100,99940,100,100077,100,99933,200,100081,200,99932,100
2019-06-28 09:32:30.000000000,100001,259,99983,259,100002,255,99972,255,100037,255,99969,255,100038,100,99954,100,100048,100,99947,100,100059,100,99946,100,100061,100,99944,100,100075,100,99940,100,100077,100,99933,200,100081,200,99932,100
2019-06-28 09:32:40.000000000,100001,334,99983,334,100002,334,99972,334,100037,100,99969,100,100038,100,99954,100,100048,100,99947,100,100059,100,99946,100,100061,100,99944,100,100075,100,99940,100,100077,100,99933,200,100081,200,99932,100
2019-06-28 09:32:50.000000000,100001,259,99983,259,100002,255,99972,255,100037,255,99969,255,100038,100,99954,100,100048,100,99947,100,100059,100,99946,100,100061,100,99944,100,100075,100,99940,100,100077,100,99933,200,100081,200,99932,100
2019-06-28 09:33:00.000000000,100001,334,99983,334,100002,334,99972,334,100037,100,99969,100,100038,100,99954,100,100048,100,99947,100,100059,100,99946,100,100061,100,99944,100,100075,100,99940,100,100077,100,99933,200,100081,200,99932,100
2019-06-28 09:33:08.333755040,100001,334,99983,334,100002,334,99972,334,100037,100,99969,100,100038,100,99954,100,100048,100,99947,100,100059,100,99946,100,100061,100,99944,100,100075,100,99940,100,100077,100,99933,200,100081,200,99932,100
2019-06-28 09:33:10.000000000,100001,569,99983,569,100002,100,99972,100,100037,100,99969,100,100038,100,99954,100,100048,100,99947,100,100059,100,99946,100,100061,100,99944,100,100075,100,99940,100,100077,100,99933,200,100081,200,99932,100
2019-06-28 09:33:20.000000000,100001,569,99983,569,100002,100,99972,100,100037,100,99969,100,100038,100,99954,100,100048,100,99947,100,100059,100,99946,100,100061,100,99944,100,100075,100,99940,100,100077,100,99933,200,100081,200,99932,100
2019-06-28 09:33:30.000000000,100001,569,99983,569,100002,100,99972,100,100037,100,99969,100,100038,100,99954,100,100048,100,99947,100,100059,100,99946,100,100061,100,99944,100,100075,100,99940,100,100077,100,99933,200,100081,200,99932,100
2019-06-28 09:33:34.509420271,100001,569,99983,569,100002,100,99972,100,100037,100,99969,100,100038,100,99954,100,100048,100,99947,100,100059,100,99946,100,100061,100,99944,100,100077,100,99940,100,100081,200,99933,200,100094,100,99932,100
2019-06-28 09:33:40.000000000,100001,569,99983,569,100002,100,99972,100,100037,100,99969,100,100038,100,99954,100,100048,100,99947,100,100059,100,99946,100,100061,100,99944,100,100077,100,99940,100,100081,200,99933,200,100094,100,99932,100
2019-06-28 09:33:50.000000000,100001,217,99983,217,100002,217,99972,217,100037,217,99969,217,100038,217,99954,217,100048,100,99947,100,100059,100,99946,100,100061,100,99944,100,100077,100,99940,100,100081,200,99933,200,100094,100,99932,100
2019-06-28 09:34:00.000000000,100001,259,99983,259,100002,255,99972,255,100037,255,99969,255,100038,100,99954,100,100048,100,99947,100,100059,100,99946,100,100061,100,99944,100,100077,100,99940,100,100081,200,99933,200,100094,100,99932,100
2019-06-28 09:34:10.000000000,100001,194,99983,194,100002,194,99972,194,100037,194,99969,194,100038,194,99954,194,100048,194,99947,194,100059,100,99946,100,100061,100,99944,100,100077,100,99940,100,100081,200,99933,200,100094,100,99932,100
2019-06-28 09:34:20.000000000,100001,217,99983,217,100002,217,99972,217,100037,217,99969,217,100038,217,99954,217,100048,100,99947,100,100059,100,99946,100,100061,100,99944,100,100077,100,99940,100,100081,200,99933,200,100094,100,99932,100
2019-06-28 09:34:30.000000000,100001,217,99983,217,100002,217,99972,217,100037,217,99969,217,100038,217,99954,217,100048,100,99947,100,100059,100,99946,100,100061,100,99944,100,100077,100,99940,100,100081,200,99933,200,100094,100,99932,100
2019-06-28 09:34:40.000000000,100001,569,99983,569,100002,100,99972,100,100037,100,99969,100,100038,100,99954,100,100048,100,99947,100,100059,100,99946,100,100061,100,99944,100,100077,100,99940,100,100081,200,99933,200,100094,100,99932,100
2019-06-28 09:34:50.000000000,100001,334,99983,334,100002,334,99972,334,100037,100,99969,100,100038,100,99954,100,100048,100,99947,100,100059,100,99946,100,100061,100,99944,100,100077,100,99940,100,100081,200,99933,200,100094,100,99932,100
2019-06-28 09:35:00.000000000,100001,217,99983,217,100002,217,99972,217,100037,217,99969,217,100038,217,99954,217,100048,100,99947,100,100059,100,99946,100,100061,100,99944,100,100077,100,99940,100,100081,200,99933,200,100094,100,99932,100
2019-06-28 09:35:04.641748860,100001,217,99984,100,100002,217,99983,217,100037,217,99972,217,100038,217,99969,217,100048,100,99954,217,100059,100,99947,100,100061,100,99946,100,100077,100,99944,100,100081,200,99940,100,100094,100,99933,200
2019-06-28 09:35:10.000000000,100001,569,99984,569,100002,100,99983,100,100037,100,99972,100,100038,100,99969,100,100048,100,99954,100,100059,100,99947,100,100061,100,99946,100,100077,100,99944,100,100081,200,99940,100,100094,100,99933,200
2019-06-28 09:35:11.267303544,100001,569,99984,569,100002,100,99972,100,100037,100,99969,100,100038,100,99954,100,100048,100,99947,100,100059,100,99946,100,100061,100,99944,100,100077,100,99940,100,100081,200,99933,200,100094,100,99932,100
2019-06-28 09:35:17.699071883,100001,469,99984,569,100002,100,99972,100,100037,100,99969,100,100038,100,99954,100,100048,100,99947,100,100059,100,99946,100,100061,100,99944,100,100077,100,99940,100,100081,200,99933,200,100094,100,99932,100
2019-06-28 09:35:20.000000000,100002,334,99984,334,100037,334,99972,334,100038,100,99969,100,100048,100,99954,100,100059,100,99947,100,100061,100,99946,100,100077,100,99944,100,100081,200,99940,100,100094,100,99933,200,100098,100,99932,100
2019-06-28 09:35:24.045366560,100002,334,99984,334,100037,334,99972,334,100038,100,99969,100,100048,100,99954,100,100059,100,99947,100,100061,100,99946,100,100077,100,99944,100,100081,200,99940,100,100094,100,99933,200,100098,100,99932,100
2019-06-28 09:35:26.966554858,100002,334,99984,334,100037,334,99972,334,100038,100,99969,100,100048,100,99954,100,100059,100,99947,100,100061,100,99946,100,100077,100,99944,100,100081,200,99940,100,100094,100,99933,200,100098,100,99932,100
2019-06-28 09:35:30.000000000,100002,217,99984,217,100037,217,99972,217,100038,217,99969,217,100048,217,99954,217,100059,100,99947,100,100061,100,99946,100,100077,100,99944,100,100081,200,99940,100,100094,100,99933,200,100098,100,99932,100
2019-06-28 09:35:30.809109598,100002,217,99984,217,100037,217,99972,217,100038,217,99969,217,100048,217,99954,217,100059,100,99947,100,100061,100,99946,100,100077,100,99944,100,100081,200,99940,100,100094,100,99933,200,100098,100,99932,100
2019-06-28 09:35:34.623497910,100002,217,99984,217,100037,217,99972,217,100038,217,99969,217,100048,217,99954,217,100059,100,99947,100,100061,100,99946,100,100077,100,99944,100,100081,200,99940,100,100094,100,99933,200,100098,100,99932,100
2019-06-28 09:35:40.000000000,100002,334,99984,334,100037,334,99972,334,100038,100,99969,100,100048,100,99954,100,100059,100,99947,100,100061,100,99946,100,100077,100,99944,100,100081,200,99940,100,100094,100,99933,200,100098,100,99932,100
2019-06-28 09:35:42.180610729,100002,334,99984,334,100037,334,99972,334,100038,100,99969,100,100048,100,99954,100,100061,100,99947,100,100077,100,99946,100,100081,200,99944,100,100094,100,99940,100,100098,100,99933,200,100101,100,99932,100
2019-06-28 09:35:50.000000000,100002,259,99984,259,100037,255,99972,255,100038,255,99969,255,100048,100,99954,100,100061,100,99947,100,100077,100,99946,100,100081,200,99944,100,100094,100,99940,100,100098,100,99933,200,100101,100,99932,100
2019-06-28 09:35:53.123182258,100002,259,99984,259,100037,255,99972,255,100038,255,99969,255,100048,100,99954,100,100061,100,99947,100,100077,100,99946,100,100081,200,99944,100,100094,100,99940,100,100098,100,99933,200,100101,100,99932,100
2019-06-28 09:35:57.327007666,100002,259,99984,259,100037,255,99972,255,100038,255,99969,255,100048,100,99954,100,100061,100,99947,100,100077,100,99946,100,100081,200,99944,100,100094,100,99940,100,100098,100,99933,200,100101,100,99932,100
2019-06-28 09:36:00.000000000,100002,334,99984,334,100037,334,99972,334,100038,100,99969,100,100048,100,99954,100,100061,100,99947,100,100077,100,99946,100,100081,200,99944,100,100094,100,99940,100,100098,100,99933,200,100101,100,99932,100
2019-06-28 09:36:08.334874543,100002,234,99984,334,100037,334,99972,334,100038,100,99969,100,100048,100,99954,100,100061,100,99947,100,100077,100,99946,100,100081,200,99944,100,100094,100,99940,100,100098,100,99933,200,100101,100,99932,100
2019-06-28 09:36:10.000000000,100037,194,99984,194,100038,194,99972,194,100048,194,99969,194,100061,194,99954,194,100077,194,99947,194,100081,200,99946,100,100094,100,99944,100,100098,100,99940,100,100101,100,99933,200,100106,100,99932,100
2019-06-28 09:36:13.298605364,100037,194,100001,100,100038,194,99984,194,100048,194,99972,194,100061,194,99969,194,100077,194,99954,194,100081,200,99947,194,100094,100,99946,100,100098,100,99944,100,100101,100,99940,100,100106,100,99933,200
2019-06-28 09:36:20.000000000,100037,259,100001,259,100038,255,99984,255,100048,255,99972,255,100061,100,99969,100,100077,100,99954,100,100081,200,99947,100,100094,100,99946,100,100098,100,99944,100,100101,100,99940,100,100106,100,99933,200
2019-06-28 09:36:27.667561204,100037,159,100001,259,100038,255,99984,255,100048,255,99972,255,100061,100,99969,100,100077,100,99954,100,100081,200,99947,100,100094,100,99946,100,100098,100,99944,100,100101,100,99940,100,100106,100,99933,200
2019-06-28 09:36:30.000000000,100038,217,100001,217,100048,217,99984,217,100061,217,99972,217,100077,217,99969,217,100081,200,99954,100,100094,100,99947,100,100098,100,99946,100,100101,100,99944,100,100106,100,99940,100,100121,100,99933,200
2019-06-28 09:36:32.028752405,100038,117,100001,217,100048,217,99984,217,100061,217,99972,217,100077,217,99969,217,100081,200,99954,100,100094,100,99947,100,100098,100,99946,100,100101,100,99944,100,100121,100,99940,100,100141,100,99933,200
2019-06-28 09:36:39.106964784,100038,17,100001,217,100048,217,99984,217,100061,217,99972,217,100077,217,99969,217,100081,200,99954,100,100094,100,99947,100,100098,100,99946,100,100101,100,99944,100,100121,100,99940,100,100141,100,99933,200
2019-06-28 09:36:40.000000000,100048,217,100001,217,100061,217,99984,217,100077,217,99972,217,100081,317,99969,217,100094,100,99954,100,100098,100,99947,100,100101,100,99946,100,100121,100,99944,100,100141,100,99940,100,100158,100,99933,200
2019-06-28 09:36:50.000000000,100048,334,100001,334,100061,334,99984,334,100077,100,99972,100,100081,200,99969,100,100094,100,99954,100,100098,100,99947,100,100101,100,99946,100,100121,100,99944,100,100141,100,99940,100,100158,100,99933,200
2019-06-28 09:36:54.410721435,100048,234,100001,334,100061,334,99984,334,100077,100,99972,100,100081,200,99969,100,100094,100,99954,100,100098,100,99947,100,100101,100,99946,100,100121,100,99944,100,100141,100,99940,100,100158,100,99933,200
2019-06-28 09:37:00.000000000,100061,217,100001,217,100077,217,99984,217,100081,317,99972,217,100094,217,99969,217,100098,100,99954,100,100101,100,99947,100,100121,100,99946,100,100141,100,99944,100,100158,100,99940,100,100172,100,99933,200
2019-06-28 09:37:10.000000000,100061,194,100001,194,100077,194,99984,194,100081,294,99972,194,100094,194,99969,194,100098,194,99954,194,100101,100,99947,100,100121,100,99946,100,100141,100,99944,100,100158,100,99940,100,100172,100,99933,200
2019-06-28 09:37:15.326016269,100061,94,100001,194,100077,194,99984,194,100081,294,99972,194,100094,194,99969,194,100098,194,99954,194,100101,100,99947,100,100121,100,99946,100,100141,100,99944,100,100158,100,99940,100,100172,100,99933,100
2019-06-28 09:37:15.451965470,100061,94,100001,194,100077,194,99984,194,100081,294,99972,194,100094,194,99969,194,100098,194,99954,194,100101,100,99947,100,100121,100,99946,100,100141,100,99944,100,100158,100,99940,100,100172,100,99933,100
2019-06-28 09:37:20.000000000,100077,217,100001,217,100081,317,99984,217,100094,217,99972,217,100098,217,99969,217,100101,100,99954,100,100121,100,99947,100,100141,100,99946,100,100158,100,99944,100,100172,100,99940,100,101233,100,99933,100
2019-06-28 09:37:30.000000000,100077,217,100001,217,100081,317,99984,217,100094,217,99972,217,100098,217,99969,217,100101,100,99954,100,100121,100,99947,100,100141,100,99946,100,100158,100,99944,100,100172,100,99940,100,101233,100,99933,100
2019-06-28 09:37:40.000000000,100077,217,100001,217,100081,317,99984,217,100094,217,99972,217,100098,217,99969,217,100101,100,99954,100,100121,100,99947,100,100141,100,99946,100,100158,100,99944,100,100172,100,99940,100,101233,100,99933,100
2019-06-28 09:37:43.083962520,100077,217,100001,217,100081,317,99984,217,100094,217,99972,217,100098,217,99969,217,100101,100,99954,100,100121,100,99947,100,100141,100,99946,100,100158,100,99944,100,100172,100,99940,100,101233,100,99933,100
2019-06-28 09:37:47.339281445,100077,217,100001,217,100081,317,99984,217,100094,217,99972,217,100098,217,99969,217,100101,100,99954,100,100121,100,99947,100,100141,100,99946,100,100158,100,99944,100,100172,100,99940,100,101233,100,99933,100
2019-06-28 09:37:50.000000000,100077,334,100001,334,100081,434,99984,334,100094,100,99972,100,100098,100,99969,100,100101,100,99954,100,100121,100,99947,100,100141,100,99946,100,100158,100,99944,100,100172,100,99940,100,101233,100,99933,100
2019-06-28 09:37:50.651291775,100077,234,100001,334,100081,434,99984,334,100094,100,99972,100,100098,100,99969,100,100101,100,99954,100,100121,100,99947,100,100141,100,99946,100,100158,100,99944,100,100172,100,99940,100,101233,100,99933,100
2019-06-28 09:37:59.283607747,100077,234,100061,100,100081,434,100001,334,100094,100,99984,334,100098,100,99972,100,100101,100,99969,100,100121,100,99954,100,100141,100,99947,100,100158,100,99946,100,100172,100,99944,100,101233,100,99940,100
2019-06-28 09:38:00.000000000,100081,669,100061,569,100094,100,100001,100,100098,100,99984,100,100101,100,99972,100,100121,100,99969,100,100141,100,99954,100,100158,100,99947,100,100172,100,99946,100,101233,100,99944,100,101505,100,99940,100
2019-06-28 09:38:10.000000000,100081,669,100061,569,100094,100,100001,100,100098,100,99984,100,100101,100,99972,100,100121,100,99969,100,100141,100,99954,100,100158,100,99947,100,100172,100,99946,100,101233,100,99944,100,101505,100,99940,100
2019-06-28 09:38:20.000000000,100081,669,100061,569,100094,100,100001,100,100098,100,99984,100,100101,100,99972,100,100121,100,99969,100,100141,100,99954,100,100158,100,99947,100,100172,100,99946,100,101233,100,99944,100,101505,100,99940,100
2019-06-28 09:38:30.000000000,100081,434,100061,334,100094,334,100001,334,100098,100,99984,100,100101,100,99972,100,100121,100,99969,100,100141,100,99954,100,100158,100,99947,100,100172,100,99946,100,101233,100,99944,100,101505,100,99940,100
2019-06-28 09:38:40.000000000,100081,317,100061,217,100094,217,100001,217,100098,217,99984,217,100101,217,99972,217,100121,100,99969,100,100141,100,99954,100,100158,100,99947,100,100172,100,99946,100,101233,100,99944,100,101505,100,99940,100
2019-06-28 09:38:47.655476700,100081,317,100061,317,100094,217,100001,217,100098,217,99984,217,100101,217,99972,217,100121,100,99969,100,100141,100,99954,100,100158,100,99947,100,100172,100,99946,100,101233,100,99944,100,101505,100,99940,100
2019-06-28 09:38:50.000000000,100081,294,100061,294,100094,194,100001,194,100098,194,99984,194,100101,194,99972,194,100121,194,99969,194,100141,100,99954,100,100158,100,99947,100,100172,100,99946,100,101233,100,99944,100,101505,100,99940,100
2019-06-28 09:39:00.000000000,100081,434,100061,434,100094,334,100001,334,100098,100,99984,100,100101,100,99972,100,100121,100,99969,100,100141,100,99954,100,100158,100,99947,100,100172,100,99946,100,101233,100,99944,100,101505,100,99940,100
2019-06-28 09:39:01.599193292,100081,434,100061,434,100094,334,100001,334,100098,100,99984,100,100101,100,99972,100,100121,100,99969,100,100141,100,99954,100,100158,100,99947,100,100172,100,99946,100,101233,100,99944,100,101505,100,99940,100
2019-06-28 09:39:10.000000000,100081,317,100061,317,100094,217,100001,217,100098,217,99984,217,100101,217,99972,217,100121,100,99969,100,100141,100,99954,100,100158,100,99947,100,100172,100,99946,100,101233,100,99944,100,101505,100,99940,100
2019-06-28 09:39:17.501113514,100081,217,100061,317,100094,217,100001,217,100098,217,99984,217,100101,217,99972,217,100121,100,99969,100,100141,100,99954,100,100158,100,99947,100,100172,100,99946,100,101233,100,99944,100,101505,100,99940,100
2019-06-28 09:39:20.000000000,100081,334,100061,434,100094,334,100001,334,100098,100,99984,100,100101,100,99972,100,100121,100,99969,100,100141,100,99954,100,100158,100,99947,100,100172,100,99946,100,101233,100,99944,100,101505,100,99940,100
2019-06-28 09:39:30.000000000,100081,334,100061,434,100094,334,100001,334,100098,100,99984,100,100101,100,99972,100,100121,100,99969,100,100141,100,99954,100,100158,100,99947,100,100172,100,99946,100,101233,100,99944,100,101505,100,99940,100
2019-06-28 09:39:40.000000000,100081,194,100061,294,100094,194,100001,194,100098,194,99984,194,100101,194,99972,194,100121,194,99969,194,100141,100,99954,100,100158,100,99947,100,100172,100,99946,100,101233,100,99944,100,101505,100,99940,100
2019-06-28 09:39:50.000000000,100081,334,100061,434,100094,334,100001,334,100098,100,99984,100,100101,100,99972,100,100121,100,99969,100,100141,100,99954,100,100158,100,99947,100,100172,100,99946,100,101233,100,99944,100,101505,100,99940,100
2019-06-28 09:39:56.242567290,100081,334,100061,434,100094,334,100001,334,100098,100,99984,100,100101,100,99972,100,100121,100,99969,100,100141,100,99954,100,100158,100,99947,100,100172,100,99946,100,101233,100,99944,100,101505,100,99940,100
2019-06-28 09:40:00.000000000,100081,259,100061,359,100094,255,100001,255,100098,255,99984,255,100101,100,99972,100,100121,100,99969,100,100141,100,99954,100,100158,100,99947,100,100172,100,99946,100,101233,100,99944,100,101505,100,99940,100
2019-06-28 09:40:05.067082757,100081,159,100061,359,100094,255,100001,255,100098,255,99984,255,100101,100,99972,100,100121,100,99969,100,100141,100,99954,100,100172,100,99947,100,101233,100,99946,100,101505,100,99944,100,101584,100,99940,100
2019-06-28 09:40:10.000000000,100094,217,100061,317,100098,217,100001,217,100101,217,99984,217,100121,217,99972,217,100141,100,99969,100,100172,100,99954,100,101233,100,99947,100,101505,100,99946,100,101584,100,99944,100,101601,100,99940,100
2019-06-28 09:40:16.261743351,100094,117,100061,317,100098,217,100001,217,100101,217,99984,217,100121,217,99972,217,100141,100,99969,100,100172,100,99954,100,101233,100,99947,100,101505,100,99946,100,101584,100,99944,100,101601,100,99940,100
2019-06-28 09:40:20.000000000,100098,217,100061,317,100101,217,100001,217,100121,217,99984,217,100141,217,99972,217,100172,100,99969,100,101233,100,99954,100,101505,100,99947,100,101584,100,99946,100,101601,100,99944,100,102152,100,99940,100
2019-06-28 09:40:30.000000000,100098,217,100061,317,100101,217,100001,217,100121,217,99984,217,100141,217,99972,217,100172,100,99969,100,101233,100,99954,100,101505,100,99947,100,101584,100,99946,100,101601,100,99944,100,102152,100,99940,100
2019-06-28 09:40:35.264474851,100098,217,100061,317,100101,217,100001,217,100121,217,99984,217,100141,217,99972,217,100172,100,99969,100,101233,100,99954,100,101342,100,99947,100,101505,100,99946,100,101584,100,99944,100,101601,100,99940,100
2019-06-28 09:40:40.000000000,100098,194,100061,294,100101,194,100001,194,100121,194,99984,194,100141,194,99972,194,100172,194,99969,194,101233,100,99954,100,101342,100,99947,100,101505,100,99946,100,101584,100,99944,100,101601,100,99940,100
2019-06-28 09:40:50.000000000,100098,217,100061,317,100101,217,100001,217,100121,217,99984,217,100141,217,99972,217,100172,100,99969,100,101233,100,99954,100,101342,100,99947,100,101505,100,99946,100,101584,100,99944,100,101601,100,99940,100
2019-06-28 09:41:00.000000000,100098,194,100061,294,100101,194,100001,194,100121,194,99984,194,100141,194,99972,194,100172,194,99969,194,101233,100,99954,100,101342,100,99947,100,101505,100,99946,100,101584,100,99944,100,101601,100,99940,100
2019-06-28 09:41:10.000000000,100098,334,100061,434,100101,334,100001,334,100121,100,99984,100,100141,100,99972,100,100172,100,99969,100,101233,100,99954,100,101342,100,99947,100,101505,100,99946,100,101584,100,99944,100,101601,100,99940,100
2019-06-28 09:41:18.492311260,100098,334,100061,434,100101,334,100001,334,100121,100,99984,100,100141,100,99972,100,100172,100,99969,100,101233,100,99954,100,101342,100,99947,100,101397,100,99946,100,101505,100,99944,100,101584,100,99940,100
2019-06-28 09:41:20.000000000,100098,194,100061,294,100101,194,100001,194,100121,194,99984,194,100141,194,99972,194,100172,194,99969,194,101233,100,99954,100,101342,100,99947,100,101397,100,99946,100,101505,100,99944,100,101584,100,99940,100
2019-06-28 09:41:29.044052922,100098,194,100061,294,100101,194,100001,194,100121,194,99984,194,100141,194,99972,194,100172,194,99969,194,101233,100,99954,100,101342,100,99947,100,101397,100,99946,100,101441,100,99944,100,101505,100,99940,100
2019-06-28 09:41:30.000000000,100098,259,100061,359,100101,255,100001,255,100121,255,99984,255,100141,100,99972,100,100172,100,99969,100,101233,100,99954,100,101342,100,99947,100,101397,100,99946,100,101441,100,99944,100,101505,100,99940,100
2019-06-28 09:41:40.000000000,100098,217,100061,317,100101,217,100001,217,100121,217,99984,217,100141,217,99972,217,100172,100,99969,100,101233,100,99954,100,101342,100,99947,100,101397,100,99946,100,101441,100,99944,100,101505,100,99940,100
2019-06-28 09:41:50.000000000,100098,217,100061,317,100101,217,100001,217,100121,217,99984,217,100141,217,99972,217,100172,100,99969,100,101233,100,99954,100,101342,100,99947,100,101397,100,99946,100,101441,100,99944,100,101505,100,99940,100
2019-06-28 09:41:55.323573024,100098,117,100061,317,100101,217,100001,217,100121,217,99984,217,100141,217,99972,217,100172,100,99969,100,101233,100,99954,100,101342,100,99947,100,101397,100,99946,100,101441,100,99944,100,101505,100,99940,100
2019-06-28 09:41:55.784317242,100098,117,100061,317,100101,217,100001,217,100121,217,99984,217,100141,217,99972,217,100172,100,99969,100,101222,100,99954,100,101233,100,99947,100,101342,100,99946,100,101397,100,99944,100,101441,100,99940,100
2019-06-28 09:42:00.000000000,100101,334,100061,434,100121,334,100001,334,100141,100,99984,100,100172,100,99972,100,101222,100,99969,100,101233,100,99954,100,101342,100,99947,100,101397,100,99946,100,101441,100,99944,100,101505,100,99940,100
2019-06-28 09:42:10.000000000,100101,194,100061,294,100121,194,100001,194,100141,194,99984,194,100172,194,99972,194,101222,194,99969,194,101233,100,99954,100,101342,100,99947,100,101397,100,99946,100,101441,100,99944,100,101505,100,99940,100
2019-06-28 09:42:11.649009637,100101,194,100094,100,100121,194,100061,294,100141,194,100001,94,100172,194,99984,194,101222,194,99972,194,101233,100,99969,194,101342,100,99954,100,101397,100,99947,100,101441,100,99946,100,101505,100,99944,100
2019-06-28 09:42:20.000000000,100101,194,100094,194,100121,194,100061,294,100141,194,99984,194,100172,194,99972,194,101222,194,99969,194,101233,100,99954,100,101342,100,99947,100,101397,100,99946,100,101441,100,99944,100,101505,100,99940,100
2019-06-28 09:42:30.000000000,100101,569,100094,569,100121,100,100061,200,100141,100,99984,100,100172,100,99972,100,101222,100,99969,100,101233,100,99954,100,101342,100,99947,100,101397,100,99946,100,101441,100,99944,100,101505,100,99940,100
2019-06-28 09:42:33.886304140,100101,469,100094,569,100121,100,100061,200,100172,100,99984,100,101222,100,99972,100,101233,100,99969,100,101342,100,99954,100,101397,100,99947,100,101441,100,99946,100,101505,100,99944,100,101584,100,99940,100
2019-06-28 09:42:40.000000000,100121,194,100094,194,100172,194,100061,294,101222,194,99984,194,101233,194,99972,194,101342,194,99969,194,101397,100,99954,100,101441,100,99947,100,101505,100,99946,100,101584,100,99944,100,101601,100,99940,100
2019-06-28 09:42:50.000000000,100121,334,100094,334,100172,334,100061,434,101222,100,99984,100,101233,100,99972,100,101342,100,99969,100,101397,100,99954,100,101441,100,99947,100,101505,100,99946,100,101584,100,99944,100,101601,100,99940,100
2019-06-28 09:42:50.053062352,100121,334,100094,334,100172,334,100061,434,101222,100,99972,100,101233,100,99969,100,101342,100,99954,100,101397,100,99947,100,101441,100,99946,100,101505,100,99944,100,101584,100,99940,100,101601,100,99933,100
2019-06-28 09:42:51.124349665,100121,234,100094,334,100172,334,100061,434,101222,100,99972,100,101233,100,99969,100,101342,100,99954,100,101397,100,99947,100,101441,100,99946,100,101505,100,99944,100,101584,100,99940,100,101601,100,99933,100
2019-06-28 09:43:00.000000000,100172,334,100094,334,101222,334,100061,434,101233,100,99972,100,101342,100,99969,100,101397,100,99954,100,101441,100,99947,100,101505,100,99946,100,101584,100,99944,100,101601,100,99940,100,102152,100,99933,100
2019-06-28 09:43:03.945111244,100172,234,100094,334,101222,334,100061,434,101233,100,99972,100,101342,100,99969,100,101397,100,99954,100,101441,100,99947,100,101505,100,99946,100,101584,100,99944,100,101601,100,99940,100,102152,100,99933,100
2019-06-28 09:43:10.000000000,101222,217,100094,217,101233,217,100061,317,101342,217,99972,217,101397,217,99969,217,101441,100,99954,100,101505,100,99947,100,101584,100,99946,100,101601,100,99944,100,102152,100,99940,100,102187,100,99933,100
2019-06-28 09:43:20.000000000,101222,569,100094,569,101233,100,100061,200,101342,100,99972,100,101397,100,99969,100,101441,100,99954,100,101505,100,99947,100,101584,100,99946,100,101601,100,99944,100,102152,100,99940,100,102187,100,99933,100
2019-06-28 09:43:30.000000000,101222,217,100094,217,101233,217,100061,317,101342,217,99972,217,101397,217,99969,217,101441,100,99954,100,101505,100,99947,100,101584,100,99946,100,101601,100,99944,100,102152,100,99940,100,102187,100,99933,100
2019-06-28 09:43:40.000000000,101222,259,100094,259,101233,255,100061,355,101342,255,99972,255,101397,100,99969,100,101441,100,99954,100,101505,100,99947,100,101584,100,99946,100,101601,100,99944,100,102152,100,99940,100,102187,100,99933,100
2019-06-28 09:43:44.516148929,101222,259,100121,100,101233,255,100094,259,101342,255,100061,355,101397,100,99972,255,101441,100,99969,100,101505,100,99954,100,101584,100,99947,100,101601,100,99946,100,102152,100,99944,100,102187,100,99940,100
2019-06-28 09:43:50.000000000,101222,569,100121,569,101233,100,100094,100,101342,100,100061,200,101397,100,99972,100,101441,100,99969,100,101505,100,99954,100,101584,100,99947,100,101601,100,99946,100,102152,100,99944,100,102187,100,99940,100
2019-06-28 09:44:00.000000000,101222,569,100121,569,101233,100,100094,100,101342,100,100061,200,101397,100,99972,100,101441,100,99969,100,101505,100,99954,100,101584,100,99947,100,101601,100,99946,100,102152,100,99944,100,102187,100,99940,100
2019-06-28 09:44:00.836025682,101222,569,100560,100,101233,100,100121,569,101342,100,100094,100,101397,100,100061,200,101441,100,99972,100,101584,100,99969,100,101601,100,99954,100,102152,100,99947,100,102187,100,99946,100,102433,100,99944,100
2019-06-28 09:44:03.246982028,101222,569,100560,100,101233,100,100121,569,101342,100,100094,100,101397,100,100061,200,101441,100,99972,100,101584,100,99969,100,101601,100,99954,100,102152,100,99947,100,102187,100,99944,100,102433,100,99940,100
2019-06-28 09:44:10.000000000,101222,569,100560,569,101233,100,100121,100,101342,100,100094,100,101397,100,100061,200,101441,100,99972,100,101584,100,99969,100,101601,100,99954,100,102152,100,99947,100,102187,100,99944,100,102433,100,99940,100
2019-06-28 09:44:20.000000000,101222,259,100560,259,101233,255,100121,255,101342,255,100094,255,101397,100,100061,200,101441,100,99972,100,101584,100,99969,100,101601,100,99954,100,102152,100,99947,100,102187,100,99944,100,102433,100,99940,100
2019-06-28 09:44:20.337785505,101222,259,100560,259,101233,255,100445,100,101342,255,100121,255,101397,100,100094,255,101441,100,100061,200,101584,100,99972,100,101601,100,99969,100,102152,100,99954,100,102187,100,99947,100,102433,100,99944,100
2019-06-28 09:44:26.306100452,101222,259,100560,259,101233,255,100445,100,101342,255,100336,100,101397,100,100121,255,101441,100,100094,255,101584,100,100061,200,101601,100,99972,100,102152,100,99969,100,102187,100,99954,100,,,99947,100
2019-06-28 09:44:30.000000000,101222,569,100560,569,101233,100,100445,100,101342,100,100336,100,101397,100,100121,100,101441,100,100094,100,101584,100,100061,200,101601,100,99972,100,102152,100,99969,100,102187,100,99954,100,,,99947,100
2019-06-28 09:44:40.000000000,101222,194,100560,194,101233,194,100445,194,101342,194,100336,194,101397,194,100121,194,101441,194,100094,194,101584,100,100061,200,101601,100,99972,100,102152,100,99969,100,102187,100,99954,100,,,99947,100
2019-06-28 09:44:45.682161509,101222,194,100560,194,101233,194,100445,194,101342,194,100336,194,101397,194,100173,100,101441,194,100121,194,101584,100,100094,194,101601,100,100061,200,102152,100,99972,100,102187,100,99969,100,,,99954,100
2019-06-28 09:44:46.801345610,101222,194,100560,94,101233,194,100445,194,101342,194,100336,194,101397,194,100173,100,101441,194,100121,194,101584,100,100094,194,101601,100,100061,200,102152,100,99972,100,102187,100,99969,100,,,99954,100
2019-06-28 09:44:50.000000000,101222,259,100445,259,101233,255,100336,255,101342,255,100173,255,101397,100,100121,100,101441,100,100094,100,101584,100,100061,200,101601,100,99972,100,102152,100,99969,100,102187,100,99954,100,,,99947,100
2019-06-28 09:44:57.298693411,101222,259,100445,259,101233,255,100336,255,101342,255,100173,255,101397,100,100121,100,101441,100,100094,100,101584,100,100061,200,101601,100,100005,100,102152,100,99972,100,102187,100,99969,100,,,99954,100
2019-06-28 09:45:00.000000000,101222,259,100445,259,101233,255,100336,255,101342,255,100173,255,101397,100,100121,100,101441,100,100094,100,101584,100,100061,200,101601,100,100005,100,102152,100,99972,100,102187,100,99969,100,,,99954,100
2019-06-28 09:45:02.099405412,101222,259,100445,159,101233,255,100336,255,101342,255,100173,255,101397,100,100121,100,101441,100,100094,100,101584,100,100061,200,101601,100,100005,100,102152,100,99972,100,102187,100,99969,100,,,99954,100
2019-06-28 09:45:10.000000000,101222,569,100336,569,101233,100,100173,100,101342,100,100121,100,101397,100,100094,100,101441,100,100061,200,101584,100,100005,100,101601,100,99972,100,102152,100,99969,100,102187,100,99954,100,,,99947,100
2019-06-28 09:45:20.000000000,101222,569,100336,569,101233,100,100173,100,101342,100,100121,100,101397,100,100094,100,101441,100,100061,200,101584,100,100005,100,101601,100,99972,100,102152,100,99969,100,102187,100,99954,100,,,99947,100
2019-06-28 09:45:26.954791428,101222,569,100336,469,101233,100,100173,100,101342,100,100121,100,101397,100,100094,100,101584,100,100061,200,101601,100,100005,100,102152,100,99972,100,102187,100,99969,100,,,99954,100,,,99947,100
2019-06-28 09:45:30.000000000,101222,569,100173,569,101233,100,100121,100,101342,100,100094,100,101397,100,100061,200,101584,100,100005,100,101601,100,99972,100,102152,100,99969,100,102187,100,99954,100,,,99947,100,,,99944,100
2019-06-28 09:45:36.184656069,100396,100,100173,569,101222,569,100121,100,101233,100,100094,100,101342,100,100061,200,101397,100,100005,100,101584,100,99972,100,101601,100,99969,100,102152,100,99954,100,102187,100,99947,100,,,99944,100
2019-06-28 09:45:40.000000000,100396,259,100173,259,101222,255,100121,255,101233,255,100094,255,101342,100,100061,200,101397,100,100005,100,101584,100,99972,100,101601,100,99969,100,102152,100,99954,100,102187,100,99947,100,,,99944,100
2019-06-28 09:45:42.536274053,100396,259,100173,259,100538,100,100121,255,101222,255,100094,255,101233,255,100061,200,101342,100,100005,100,101397,100,99972,100,101584,100,99969,100,101601,100,99954,100,102152,100,99947,100,102187,100,99944,100
2019-06-28 09:45:50.000000000,100396,569,100173,569,100538,100,100121,100,101222,100,100094,100,101233,100,100061,200,101342,100,100005,100,101397,100,99972,100,101584,100,99969,100,101601,100,99954,100,102152,100,99947,100,102187,100,99944,100
2019-06-28 09:45:50.727024972,100396,569,100173,569,100445,100,100121,100,100538,100,100094,100,101222,100,100061,200,101233,100,100005,100,101342,100,99972,100,101397,100,99969,100,101584,100,99954,100,101601,100,99947,100,102152,100,99944,100
2019-06-28 09:46:00.000000000,100396,259,100173,259,100445,255,100121,255,100538,255,100094,255,101222,100,100061,200,101233,100,100005,100,101342,100,99972,100,101397,100,99969,100,101584,100,99954,100,101601,100,99947,100,102152,100,99944,100
2019-06-28 09:46:06.462968768,100396,259,100173,159,100445,255,100121,255,100538,255,100094,255,101222,100,100061,200,101233,100,100005,100,101342,100,99972,100,101397,100,99969,100,101584,100,99954,100,101601,100,99947,100,102152,100,99944,100
2019-06-28 09:46:06.767207579,100396,259,100261,100,100445,255,100173,159,100538,255,100121,255,101222,100,100094,255,101233,100,100061,200,101342,100,100005,100,101397,100,99972,100,101584,100,99969,100,101601,100,99954,100,102187,100,99947,100
2019-06-28 09:46:10.000000000,100396,334,100261,334,100445,334,100121,334,100538,100,100094,100,101222,100,100061,200,101233,100,100005,100,101342,100,99972,100,101397,100,99969,100,101584,100,99954,100,101601,100,99947,100,102187,100,99944,100
2019-06-28 09:46:11.754617053,100396,334,100261,234,100445,334,100121,334,101222,100,100094,100,101233,100,100061,200,101342,100,100005,100,101397,100,99972,100,101584,100,99969,100,101601,100,99954,100,102187,100,99947,100,,,99944,100
2019-06-28 09:46:20.000000000,100396,334,100121,334,100445,334,100094,334,101222,100,100061,200,101233,100,100005,100,101342,100,99972,100,101397,100,99969,100,101584,100,99954,100,101601,100,99947,100,102187,100,99944,100,,,99940,100
2019-06-28 09:46:23.548654600,100396,334,100174,100,100445,334,100121,334,101222,100,100094,334,101233,100,100061,200,101342,100,100005,100,101397,100,99972,100,101584,100,99969,100,101601,100,99954,100,102187,100,99947,100,,,99944,100
2019-06-28 09:46:27.059208593,100396,334,100174,100,100445,334,100121,334,101222,100,100094,334,101233,100,100061,200,101342,100,100005,100,101397,100,99992,100,101584,100,99972,100,101601,100,99969,100,102187,100,99954,100,,,99947,100
2019-06-28 09:46:30.000000000,100396,569,100174,569,100445,100,100121,100,101222,100,100094,100,101233,100,100061,200,101342,100,100005,100,101397,100,99992,100,101584,100,99972,100,101601,100,99969,100,102187,100,99954,100,,,99947,100
2019-06-28 09:46:34.309370557,100260,100,100174,569,100396,569,100121,100,100445,100,100094,100,101222,100,100061,200,101233,100,100005,100,101342,100,99992,100,101397,100,99972,100,101584,100,99969,100,101601,100,99954,100,102187,100,99947,100
2019-06-28 09:46:40.000000000,100260,569,100174,569,100396,100,100121,100,100445,100,100094,100,101222,100,100061,200,101233,100,100005,100,101342,100,99992,100,101397,100,99972,100,101584,100,99969,100,101601,100,99954,100,102187,100,99947,100
2019-06-28 09:46:47.942241822,100260,569,100174,569,100396,100,100121,100,100445,100,100094,100,101222,100,100079,100,101233,100,100061,200,101342,100,100005,100,101397,100,99992,100,101584,100,99972,100,101601,100,99969,100,,,99954,100
2019-06-28 09:46:50.000000000,100260,194,100174,194,100396,194,100121,194,100445,194,100094,194,101222,194,100079,194,101233,194,100061,294,101342,100,100005,100,101397,100,99992,100,101584,100,99972,100,101601,100,99969,100,,,99954,100
2019-06-28 09:46:56.034938587,100260,194,100174,194,100291,100,100121,194,100396,194,100094,194,100445,194,100079,194,101222,194,100061,294,101233,194,100005,100,101342,100,99992,100,101397,100,99972,100,101584,100,99969,100,101601,100,99954,100
2019-06-28 09:47:00.000000000,100260,259,100174,259,100291,255,100121,255,100396,255,100094,255,100445,100,100079,100,101222,100,100061,200,101233,100,100005,100,101342,100,99992,100,101397,100,99972,100,101584,100,99969,100,101601,100,99954,100
2019-06-28 09:47:10.000000000,100260,194,100174,194,100291,194,100121,194,100396,194,100094,194,100445,194,100079,194,101222,194,100061,294,101233,100,100005,100,101342,100,99992,100,101397,100,99972,100,101584,100,99969,100,101601,100,99954,100
2019-06-28 09:47:12.740658292,100260,194,100174,294,100291,194,100121,194,100396,194,100094,194,100445,194,100079,194,101222,194,100061,194,101233,100,100005,100,101342,100,99992,100,101397,100,99972,100,101584,100,99969,100,101601,100,99954,100
2019-06-28 09:47:15.191082621,100260,194,100174,194,100261,100,100121,194,100291,194,100094,194,100396,194,100079,194,100445,194,100061,194,101222,194,100005,100,101233,100,99992,100,101342,100,99972,100,101397,100,99969,100,101584,100,99954,100
2019-06-28 09:47:19.196963255,100260,194,100174,194,100261,200,100121,194,100291,194,100094,194,100396,194,100079,194,100445,194,100061,194,101222,194,100005,100,101233,100,99992,100,101342,100,99972,100,101397,100,99969,100,101584,100,99954,100
2019-06-28 09:47:20.000000000,100260,569,100174,569,100261,200,100121,100,100291,100,100094,100,100396,100,100079,100,100445,100,100061,100,101222,100,100005,100,101233,100,99992,100,101342,100,99972,100,101397,100,99969,100,101584,100,99954,100
2019-06-28 09:47:21.103836977,100260,569,100174,669,100261,200,100121,100,100291,100,100094,100,100396,100,100079,100,100445,100,100061,100,101222,100,100005,100,101233,100,99992,100,101342,100,99972,100,101397,100,99969,100,101584,100,99954,100
2019-06-28 09:47:25.990997983,100260,569,100174,569,100261,200,100121,100,100291,100,100094,100,100396,100,100079,100,100445,100,100061,100,101222,100,100005,100,101233,100,99992,100,101342,100,99972,100,101397,100,99969,100,101584,100,99954,100
2019-06-28 09:47:30.000000000,100260,259,100174,259,100261,355,100121,255,100291,255,100094,255,100396,100,100079,100,100445,100,100061,100,101222,100,100005,100,101233,100,99992,100,101342,100,99972,100,101397,100,99969,100,101584,100,99954,100
2019-06-28 09:47:36.439463788,100260,259,100174,259,100261,355,100121,255,100291,255,100094,255,100396,100,100079,100,100445,100,100068,100,101222,100,100061,100,101233,100,100005,100,101342,100,99992,100,101397,100,99972,100,101584,100,99969,100
2019-06-28 09:47:40.000000000,100260,217,100174,217,100261,317,100121,217,100291,217,100094,217,100396,217,100079,217,100445,100,100068,100,101222,100,100061,100,101233,100,100005,100,101342,100,99992,100,101397,100,99972,100,101584,100,99969,100
2019-06-28 09:47:41.599225521,100260,217,100174,117,100261,317,100121,217,100291,217,100094,217,100396,217,100079,217,100445,100,100068,100,101222,100,100061,100,101342,100,100005,100,101397,100,99992,100,101584,100,99972,100,101601,100,99969,100
2019-06-28 09:47:45.258803067,100260,217,100174,17,100261,317,100121,217,100291,217,100094,217,100396,217,100079,217,100445,100,100068,100,101222,100,100061,100,101342,100,100005,100,101397,100,99992,100,101584,100,99972,100,101601,100,99969,100
2019-06-28 09:47:45.857827379,100260,217,100197,100,100261,317,100174,17,100291,217,100121,217,100396,217,100094,217,100445,100,100079,217,101222,100,100068,100,101342,100,100061,100,101397,100,100005,100,101584,100,99992,100,101601,100,99972,100
2019-06-28 09:47:50.000000000,100260,259,100197,259,100261,355,100121,255,100291,255,100094,255,100396,100,100079,100,100445,100,100068,100,101222,100,100061,100,101342,100,100005,100,101397,100,99992,100,101584,100,99972,100,101601,100,99969,100
2019-06-28 09:47:52.878305878,100242,100,100197,259,100260,259,100121,255,100261,355,100094,255,100291,255,100079,100,100396,100,100068,100,100445,100,100061,100,101222,100,100005,100,101342,100,99992,100,101397,100,99972,100,101584,100,99969,100
2019-06-28 09:48:00.000000000,100242,334,100197,334,100260,334,100121,334,100261,200,100094,100,100291,100,100079,100,100396,100,100068,100,100445,100,100061,100,101222,100,100005,100,101342,100,99992,100,101397,100,99972,100,101584,100,99969,100
2019-06-28 09:48:10.000000000,100242,569,100197,569,100260,100,100121,100,100261,200,100094,100,100291,100,100079,100,100396,100,100068,100,100445,100,100061,100,101222,100,100005,100,101342,100,99992,100,101397,100,99972,100,101584,100,99969,100
2019-06-28 09:48:20.000000000,100242,334,100197,334,100260,334,100121,334,100261,200,100094,100,100291,100,100079,100,100396,100,100068,100,100445,100,100061,100,101222,100,100005,100,101342,100,99992,100,101397,100,99972,100,101584,100,99969,100
2019-06-28 09:48:29.614784277,100242,334,100197,334,100260,334,100121,334,100261,200,100079,100,100291,100,100068,100,100396,100,100061,100,100445,100,100005,100,101222,100,99992,100,101342,100,99972,100,101397,100,99969,100,101584,100,99954,100
2019-06-28 09:48:30.000000000,100242,569,100197,569,100260,100,100121,100,100261,200,100079,100,100291,100,100068,100,100396,100,100061,100,100445,100,100005,100,101222,100,99992,100,101342,100,99972,100,101397,100,99969,100,101584,100,99954,100
2019-06-28 09:48:40.000000000,100242,259,100197,259,100260,255,100121,255,100261,355,100079,255,100291,100,100068,100,100396,100,100061,100,100445,100,100005,100,101222,100,99992,100,101342,100,99972,100,101397,100,99969,100,101584,100,99954,100
2019-06-28 09:48:50.000000000,100242,259,100197,259,100260,255,100121,255,100261,355,100079,255,100291,100,100068,100,100396,100,100061,100,100445,100,100005,100,101222,100,99992,100,101342,100,99972,100,101397,100,99969,100,101584,100,99954,100
2019-06-28 09:49:00.000000000,100242,334,100197,334,100260,334,100121,334,100261,200,100079,100,100291,100,100068,100,100396,100,100061,100,100445,100,100005,100,101222,100,99992,100,101342,100,99972,100,101397,100,99969,100,101584,100,99954,100
2019-06-28 09:49:10.000000000,100242,259,100197,259,100260,255,100121,255,100261,355,100079,255,100291,100,100068,100,100396,100,100061,100,100445,100,100005,100,101222,100,99992,100,101342,100,99972,100,101397,100,99969,100,101584,100,99954,100
2019-06-28 09:49:20.000000000,100242,194,100197,194,100260,194,100121,194,100261,294,100079,194,100291,194,100068,194,100396,194,100061,194,100445,100,100005,100,101222,100,99992,100,101342,100,99972,100,101397,100,99969,100,101584,100,99954,100
2019-06-28 09:49:30.000000000,100242,259,100197,259,100260,255,100121,255,100261,355,100079,255,100291,100,100068,100,100396,100,100061,100,100445,100,100005,100,101222,100,99992,100,101342,100,99972,100,101397,100,99969,100,101584,100,99954,100
2019-06-28 09:49:40.000000000,100242,259,100197,259,100260,255,100121,255,100261,355,100079,255,100291,100,100068,100,100396,100,100061,100,100445,100,100005,100,101222,100,99992,100,101342,100,99972,100,101397,100,99969,100,101584,100,99954,100
2019-06-28 09:49:50.000000000,100242,259,100197,259,100260,255,100121,255,100261,355,100079,255,100291,100,100068,100,100396,100,100061,100,100445,100,100005,100,101222,100,99992,100,101342,100,99972,100,101397,100,99969,100,101584,100,99954,100
2019-06-28 09:50:00.000000000,100242,569,100197,569,100260,100,100121,100,100261,200,100079,100,100291,100,100068,100,100396,100,100061,100,100445,100,100005,100,101222,100,99992,100,101342,100,99972,100,101397,100,99969,100,101584,100,99954,100
2019-06-28 09:50:08.466629503,100242,569,100197,569,100260,100,100121,100,100261,200,100079,100,100291,100,100068,100,100396,100,100061,100,100445,100,100005,100,101222,100,99992,100,101342,100,99972,100,101397,100,99969,100,101584,100,99954,100
2019-06-28 09:50:10.000000000,100242,217,100197,217,100260,217,100121,217,100261,317,100079,217,100291,217,100068,217,100396,100,100061,100,100445,100,100005,100,101222,100,99992,100,101342,100,99972,100,101397,100,99969,100,101584,100,99954,100
2019-06-28 09:50:14.289160161,100242,217,100197,117,100260,217,100121,217,100261,317,100079,217,100291,217,100068,217,100396,100,100061,100,100445,100,100005,100,101222,100,99992,100,101342,100,99972,100,101397,100,99969,100,101584,100,99954,100
2019-06-28 09:50:15.275123647,100242,217,100197,17,100260,217,100121,117,100261,317,100079,217,100291,217,100068,217,100396,100,100061,100,100445,100,100005,100,101222,100,99992,100,101342,100,99972,100,101397,100,99969,100,101584,100,99954,100
2019-06-28 09:50:20.000000000,100242,259,100079,259,100260,255,100068,255,100261,355,100061,255,100291,100,100005,100,100396,100,99992,100,100445,100,99972,100,101222,100,99969,100,101342,100,99954,100,101397,100,99947,100,101584,100,99944,100
2019-06-28 09:50:21.141320941,100197,100,100079,259,100242,259,100068,255,100260,255,100061,255,100261,355,100005,100,100291,100,99992,100,100396,100,99972,100,100445,100,99969,100,101222,100,99954,100,101342,100,99947,100,101397,100,99944,100
2019-06-28 09:50:30.000000000,100197,569,100079,569,100242,100,100068,100,100260,100,100061,100,100261,200,100005,100,100291,100,99992,100,100396,100,99972,100,100445,100,99969,100,101222,100,99954,100,101342,100,99947,100,101397,100,99944,100
2019-06-28 09:50:40.000000000,100197,217,100079,217,100242,217,100068,217,100260,217,100061,217,100261,317,100005,217,100291,100,99992,100,100396,100,99972,100,100445,100,99969,100,101222,100,99954,100,101342,100,99947,100,101397,100,99944,100
2019-06-28 09:50:50.000000000,100197,259,100079,259,100242,255,100068,255,100260,255,100061,255,100261,200,100005,100,100291,100,99992,100,100396,100,99972,100,100445,100,99969,100,101222,100,99954,100,101342,100,99947,100,101397,100,99944,100
2019-06-28 09:50:54.524179724,100197,159,100079,259,100242,255,100068,255,100260,255,100061,255,100261,200,100005,100,100291,100,99992,100,100396,100,99972,100,100445,100,99969,100,101222,100,99954,100,101342,100,99947,100,101397,100,99944,100
2019-06-28 09:51:00.000000000,100242,194,100079,194,100260,194,100068,194,100261,294,100061,194,100291,194,100005,194,100396,194,99992,194,100445,100,99972,100,101222,100,99969,100,101342,100,99954,100,101397,100,99947,100,101584,100,99944,100
2019-06-28 09:51:10.000000000,100242,569,100079,569,100260,100,100068,100,100261,200,100061,100,100291,100,100005,100,100396,100,99992,100,100445,100,99972,100,101222,100,99969,100,101342,100,99954,100,101397,100,99947,100,101584,100,99944,100
2019-06-28 09:51:19.717052023,100242,569,100197,100,100260,100,100079,569,100261,200,100068,100,100291,100,100061,100,100396,100,100005,100,100445,100,99992,100,101222,100,99972,100,101342,100,99969,100,101397,100,99954,100,101584,100,99947,100
2019-06-28 09:51:20.000000000,100242,194,100197,194,100260,194,100079,194,100261,294,100068,194,100291,194,100061,194,100396,194,100005,194,100445,100,99992,100,101222,100,99972,100,101342,100,99969,100,101397,100,99954,100,101584,100,99947,100
2019-06-28 09:51:30.000000000,100242,334,100197,334,100260,334,100079,334,100261,200,100068,100,100291,100,100061,100,100396,100,100005,100,100445,100,99992,100,101222,100,99972,100,101342,100,99969,100,101397,100,99954,100,101584,100,99947,100
2019-06-28 09:51:40.000000000,100242,194,100197,194,100260,194,100079,194,100261,294,100068,194,100291,194,100061,194,100396,194,100005,194,100445,100,99992,100,101222,100,99972,100,101342,100,99969,100,101397,100,99954,100,101584,100,99947,100
2019-06-28 09:51:43.391408943,100242,194,100197,94,100260,194,100079,194,100261,294,100068,194,100291,194,100061,194,100396,194,100005,194,100445,100,99992,100,101222,100,99972,100,101342,100,99969,100,101397,100,99954,100,101584,100,99947,100
2019-06-28 09:51:50.000000000,100242,569,100079,569,100260,100,100068,100,100261,200,100061,100,100291,100,100005,100,100396,100,99992,100,100445,100,99972,100,101222,100,99969,100,101342,100,99954,100,101397,100,99947,100,101584,100,99944,100
2019-06-28 09:51:54.673238327,100242,569,100079,469,100260,100,100068,100,100261,200,100061,100,100291,100,100005,100,100396,100,99992,100,100445,100,99972,100,101222,100,99969,100,101342,100,99954,100,101397,100,99947,100,101584,100,99944,100
2019-06-28 09:51:55.408027233,100197,100,100079,469,100242,569,100068,100,100260,100,100061,100,100261,200,100005,100,100291,100,99992,100,100396,100,99972,100,100445,100,99969,100,101222,100,99954,100,101342,100,99947,100,101397,100,99944,100
2019-06-28 09:52:00.000000000,100197,194,100068,194,100242,194,100061,194,100260,194,100005,194,100261,294,99992,194,100291,194,99972,194,100396,100,99969,100,100445,100,99954,100,101222,100,99947,100,101342,100,99944,100,101397,100,99940,100
2019-06-28 09:52:10.000000000,100197,259,100068,259,100242,255,100061,255,100260,255,100005,255,100261,200,99992,100,100291,100,99972,100,100396,100,99969,100,100445,100,99954,100,101222,100,99947,100,101342,100,99944,100,101397,100,99940,100
2019-06-28 09:52:18.571707609,100197,259,100068,159,100242,255,100061,255,100260,155,100005,255,100261,200,99992,100,100291,100,99972,100,100396,100,99969,100,100445,100,99954,100,101222,100,99947,100,101342,100,99944,100,101397,100,99940,100
2019-06-28 09:52:20.000000000,100197,194,100061,194,100242,194,100005,194,100261,294,99992,194,100291,194,99972,194,100396,194,99969,194,100445,100,99954,100,101222,100,99947,100,101342,100,99944,100,101397,100,99940,100,101584,100,99920,100
2019-06-28 09:52:27.572980527,100197,194,100061,194,100242,194,100005,194,100261,294,99992,194,100291,194,99972,194,100396,194,99969,194,100445,100,99954,100,101222,100,99947,100,101342,100,99944,100,101397,100,99940,100,101584,100,99920,100
2019-06-28 09:52:29.202463399,100197,194,100061,194,100242,194,100005,194,100261,294,99992,94,100291,194,99972,194,100396,194,99969,194,100445,100,99954,100,101222,100,99947,100,101342,100,99944,100,101397,100,99940,100,101584,100,99920,100
2019-06-28 09:52:30.000000000,100197,217,100061,217,100242,217,100005,217,100261,317,99972,217,100291,217,99969,217,100396,100,99954,100,100445,100,99947,100,101222,100,99944,100,101342,100,99940,100,101397,100,99920,100,101584,100,99914,100
2019-06-28 09:52:30.565929506,100197,217,100061,217,100242,217,100005,217,100261,317,99972,217,100291,217,99969,217,100396,100,99954,100,100445,100,99947,100,101222,100,99944,100,101342,100,99940,100,101397,100,99920,100,101584,100,99914,100
2019-06-28 09:52:31.209886245,100197,217,100061,117,100242,217,100005,217,100261,317,99972,217,100291,217,99969,217,100396,100,99954,100,100445,100,99947,100,101222,100,99944,100,101342,100,99940,100,101397,100,99920,100,101584,100,99914,100
2019-06-28 09:52:40.000000000,100197,194,100005,194,100242,194,99972,194,100261,294,99969,194,100291,194,99954,194,100396,194,99947,194,100445,100,99944,100,101222,100,99940,100,101342,100,99920,100,101397,100,99914,100,101584,100,99892,100
2019-06-28 09:52:41.605000902,100197,194,100005,94,100242,194,99972,194,100261,294,99969,194,100291,194,99954,194,100396,194,99947,194,100445,100,99944,100,101222,100,99940,100,101342,100,99920,100,101397,100,99914,100,101584,100,99892,100
2019-06-28 09:52:50.000000000,100197,334,99972,334,100242,334,99969,334,100261,200,99954,100,100291,100,99947,100,100396,100,99944,100,100445,100,99940,100,101222,100,99920,100,101342,100,99914,100,101397,100,99892,100,101584,100,99850,100
2019-06-28 09:52:53.236430904,100061,100,99972,334,100197,334,99969,334,100242,334,99954,100,100261,200,99947,100,100291,100,99944,100,100396,100,99940,100,100445,100,99920,100,101222,100,99914,100,101342,100,99892,100,101397,100,99850,100
2019-06-28 09:53:00.000000000,100061,217,99972,217,100197,217,99969,217,100242,217,99954,217,100261,317,99947,217,100291,100,99944,100,100396,100,99940,100,100445,100,99920,100,101222,100,99914,100,101342,100,99892,100,101397,100,99850,100
2019-06-28 09:53:02.308578198,100061,217,99972,217,100197,217,99969,217,100242,217,99954,217,100261,317,99947,217,100291,100,99944,100,100396,100,99940,100,100445,100,99920,100,101222,100,99914,100,101342,100,99892,100,101397,100,99850,100
2019-06-28 09:53:08.026147622,100061,217,99972,217,100197,217,99969,217,100242,217,99954,217,100261,317,99947,217,100291,100,99944,100,100396,100,99920,100,100445,100,99914,100,101222,100,99892,100,101342,100,99850,100,101397,100,99597,100
2019-06-28 09:53:09.211326459,100061,317,99972,217,100197,217,99969,217,100242,217,99954,217,100261,317,99947,217,100291,100,99944,100,100396,100,99920,100,100445,100,99914,100,101222,100,99892,100,101342,100,99850,100,101397,100,99597,100
2019-06-28 09:53:10.000000000,100061,669,99972,569,100197,100,99969,100,100242,100,99954,100,100261,200,99947,100,100291,100,99944,100,100396,100,99920,100,100445,100,99914,100,101222,100,99892,100,101342,100,99850,100,101397,100,99597,100
2019-06-28 09:53:20.000000000,100061,359,99972,259,100197,255,99969,255,100242,255,99954,255,100261,200,99947,100,100291,100,99944,100,100396,100,99920,100,100445,100,99914,100,101222,100,99892,100,101342,100,99850,100,101397,100,99597,100
2019-06-28 09:53:20.800123870,100061,359,99972,159,100197,255,99969,255,100242,255,99954,255,100261,200,99947,100,100291,100,99944,100,100445,100,99920,100,101222,100,99914,100,101342,100,99892,100,101397,100,99850,100,101584,100,99597,100
2019-06-28 09:53:27.634533746,100061,359,99972,59,100197,255,99969,255,100242,255,99954,255,100261,200,99947,100,100291,100,99944,100,100445,100,99920,100,101222,100,99914,100,101397,100,99892,100,101584,100,99850,100,101601,100,99597,100
2019-06-28 09:53:27.944159470,99972,41,99969,255,100061,359,99954,255,100197,255,99947,100,100242,255,99944,100,100261,100,99920,100,100291,100,99914,100,100445,100,99892,100,101222,100,99850,100,101397,100,99597,100,101584,100,99516,100
2019-06-28 09:53:30.000000000,99972,135,99969,194,100061,294,99954,194,100197,194,99947,194,100242,194,99944,194,100261,194,99920,194,100291,100,99914,100,100445,100,99892,100,101222,100,99850,100,101397,100,99597,100,101584,100,99516,100
2019-06-28 09:53:30.146430508,99972,135,99969,194,100061,294,99954,94,100197,194,99947,194,100242,194,99944,194,100261,194,99920,194,100291,100,99914,100,100445,100,99892,100,101222,100,99850,100,101397,100,99597,100,101584,100,99516,100
2019-06-28 09:53:40.000000000,99972,275,99969,334,100061,434,99947,334,100197,100,99944,100,100242,100,99920,100,100261,100,99914,100,100291,100,99892,100,100445,100,99850,100,101222,100,99597,100,101397,100,99516,100,101584,100,99415,100
2019-06-28 09:53:44.078644466,99972,275,99969,234,100061,434,99947,334,100197,100,99944,100,100242,100,99920,100,100261,100,99914,100,100291,100,99892,100,100445,100,99850,100,101222,100,99597,100,101397,100,99516,100,101584,100,99415,100
2019-06-28 09:53:50.000000000,99972,158,99947,217,100061,317,99944,217,100197,217,99920,217,100242,217,99914,217,100261,100,99892,100,100291,100,99850,100,100445,100,99597,100,101222,100,99516,100,101397,100,99415,100,101584,100,99413,100
2019-06-28 09:54:00.000000000,99972,510,99947,569,100061,200,99944,100,100197,100,99920,100,100242,100,99914,100,100261,100,99892,100,100291,100,99850,100,100445,100,99597,100,101222,100,99516,100,101397,100,99415,100,101584,100,99413,100
2019-06-28 09:54:04.316832227,99972,510,99947,569,100061,200,99944,100,100197,100,99920,100,100261,100,99914,100,100291,100,99892,100,100445,100,99850,100,101222,100,99597,100,101397,100,99516,100,101584,100,99415,100,101601,100,99413,100
2019-06-28 09:54:10.000000000,99972,200,99947,259,100061,355,99944,255,100197,255,99920,255,100261,100,99914,100,100291,100,99892,100,100445,100,99850,100,101222,100,99597,100,101397,100,99516,100,101584,100,99415,100,101601,100,99413,100
2019-06-28 09:54:11.637576146,99972,200,99947,159,100061,355,99944,255,100197,255,99920,255,100261,100,99914,100,100291,100,99892,100,100445,100,99850,100,101222,100,99597,100,101397,100,99516,100,101584,100,99415,100,101601,100,99413,100
2019-06-28 09:54:20.000000000,99972,158,99944,217,100061,317,99920,217,100197,217,99914,217,100261,217,99892,217,100291,100,99850,100,100445,100,99597,100,101222,100,99516,100,101397,100,99415,100,101584,100,99413,100,101601,100,99351,100
2019-06-28 09:54:20.722955886,99972,158,99944,117,100061,317,99920,217,100197,217,99914,217,100261,217,99892,217,100291,100,99850,100,100445,100,99597,100,101222,100,99516,100,101397,100,99415,100,101584,100,99413,100,101601,100,99351,100
2019-06-28 09:54:25.185876817,99972,158,99944,117,100061,317,99920,217,100197,217,99914,217,100261,217,99892,217,100291,100,99850,100,100445,100,99597,100,101222,100,99516,100,101397,100,99415,100,101584,100,99413,100,101601,100,99367,100
2019-06-28 09:54:30.000000000,99972,510,99920,569,100061,200,99914,100,100197,100,99892,100,100261,100,99850,100,100291,100,99597,100,100445,100,99516,100,101222,100,99415,100,101397,100,99413,100,101584,100,99367,100,101601,100,99351,100
2019-06-28 09:54:40.000000000,99972,275,99920,334,100061,434,99914,334,100197,100,99892,100,100261,100,99850,100,100291,100,99597,100,100445,100,99516,100,101222,100,99415,100,101397,100,99413,100,101584,100,99367,100,101601,100,99351,100
2019-06-28 09:54:50.000000000,99972,135,99920,194,100061,294,99914,194,100197,194,99892,194,100261,194,99850,194,100291,194,99597,194,100445,100,99516,100,101222,100,99415,100,101397,100,99413,100,101584,100,99367,100,101601,100,99351,100
2019-06-28 09:54:59.843718616,99972,135,99920,194,100061,294,99914,194,100197,194,99892,194,100261,194,99850,194,100291,194,99597,194,100445,100,99516,100,101222,100,99415,100,101397,100,99413,100,101584,100,99367,100,101601,100,99351,100
2019-06-28 09:55:00.000000000,99972,200,99920,259,100061,355,99914,255,100197,255,99892,255,100261,100,99850,100,100291,100,99597,100,100445,100,99516,100,101222,100,99415,100,101397,100,99413,100,101584,100,99367,100,101601,100,99351,100
2019-06-28 09:55:10.000000000,99972,158,99920,217,100061,317,99914,217,100197,217,99892,217,100261,217,99850,217,100291,100,99597,100,100445,100,99516,100,101222,100,99415,100,101397,100,99413,100,101584,100,99367,100,101601,100,99351,100
2019-06-28 09:55:20.000000000,99972,158,99920,217,100061,317,99914,217,100197,217,99892,217,100261,217,99850,217,100291,100,99597,100,100445,100,99516,100,101222,100,99415,100,101397,100,99413,100,101584,100,99367,100,101601,100,99351,100
2019-06-28 09:55:30.000000000,99972,135,99920,194,100061,294,99914,194,100197,194,99892,194,100261,194,99850,194,100291,194,99597,194,100445,100,99516,100,101222,100,99415,100,101397,100,99413,100,101584,100,99367,100,101601,100,99351,100
2019-06-28 09:55:40.000000000,99972,158,99920,217,100061,317,99914,217,100197,217,99892,217,100261,217,99850,217,100291,100,99597,100,100445,100,99516,100,101222,100,99415,100,101397,100,99413,100,101584,100,99367,100,101601,100,99351,100
2019-06-28 09:55:50.000000000,99972,135,99920,194,100061,294,99914,194,100197,194,99892,194,100261,194,99850,194,100291,194,99597,194,100445,100,99516,100,101222,100,99415,100,101397,100,99413,100,101584,100,99367,100,101601,100,99351,100
2019-06-28 09:56:00.000000000,99972,510,99920,569,100061,200,99914,100,100197,100,99892,100,100261,100,99850,100,100291,100,99597,100,100445,100,99516,100,101222,100,99415,100,101397,100,99413,100,101584,100,99367,100,101601,100,99351,100
2019-06-28 09:56:00.684727587,99972,510,99920,469,100061,200,99892,100,100197,100,99850,100,100261,100,99597,100,100291,100,99516,100,100445,100,99415,100,101222,100,99413,100,101397,100,99367,100,101584,100,99351,100,101601,100,99291,100
2019-06-28 09:56:10.000000000,99972,158,99892,217,100061,317,99850,217,100197,217,99597,217,100261,217,99516,217,100291,100,99415,100,100445,100,99413,100,101222,100,99367,100,101397,100,99351,100,101584,100,99291,100,101601,100,99240,100
2019-06-28 09:56:20.000000000,99972,158,99892,217,100061,317,99850,217,100197,217,99597,217,100261,217,99516,217,100291,100,99415,100,100445,100,99413,100,101222,100,99367,100,101397,100,99351,100,101584,100,99291,100,101601,100,99240,100
2019-06-28 09:56:30.000000000,99972,158,99892,217,100061,317,99850,217,100197,217,99597,217,100261,217,99516,217,100291,100,99415,100,100445,100,99413,100,101222,100,99367,100,101397,100,99351,100,101584,100,99291,100,101601,100,99240,100
2019-06-28 09:56:40.000000000,99972,275,99892,334,100061,434,99850,334,100197,100,99597,100,100261,100,99516,100,100291,100,99415,100,100445,100,99413,100,101222,100,99367,100,101397,100,99351,100,101584,100,99291,100,101601,100,99240,100
2019-06-28 09:56:50.000000000,99972,200,99892,259,100061,355,99850,255,100197,255,99597,255,100261,100,99516,100,100291,100,99415,100,100445,100,99413,100,101222,100,99367,100,101397,100,99351,100,101584,100,99291,100,101601,100,99240,100
2019-06-28 09:57:00.000000000,99972,200,99892,259,100061,355,99850,255,100197,255,99597,255,100261,100,99516,100,100291,100,99415,100,100445,100,99413,100,101222,100,99367,100,101397,100,99351,100,101584,100,99291,100,101601,100,99240,100
2019-06-28 09:57:10.000000000,99972,275,99892,334,100061,434,99850,334,100197,100,99597,100,100261,100,99516,100,100291,100,99415,100,100445,100,99413,100,101222,100,99367,100,101397,100,99351,100,101584,100,99291,100,101601,100,99240,100
2019-06-28 09:57:20.000000000,99972,200,99892,259,100061,355,99850,255,100197,255,99597,255,100261,100,99516,100,100291,100,99415,100,100445,100,99413,100,101222,100,99367,100,101397,100,99351,100,101584,100,99291,100,101601,100,99240,100
2019-06-28 09:57:25.527300510,99972,200,99892,259,99984,100,99850,255,100061,355,99597,255,100197,255,99516,100,100261,100,99415,100,100291,100,99413,100,100445,100,99367,100,101222,100,99351,100,101397,100,99291,100,101584,100,99240,100
2019-06-28 09:57:28.733593670,99944,100,99892,259,99972,200,99850,255,99984,100,99597,255,100061,355,99516,100,100197,255,99415,100,100261,100,99413,100,100291,100,99367,100,100445,100,99351,100,101222,100,99291,100,101397,100,99240,100
2019-06-28 09:57:30.000000000,99944,569,99892,569,99972,41,99850,100,99984,100,99597,100,100061,200,99516,100,100197,100,99415,100,100261,100,99413,100,100291,100,99367,100,100445,100,99351,100,101222,100,99291,100,101397,100,99240,100
2019-06-28 09:57:30.489063704,99944,569,99892,569,99972,41,99850,100,99984,100,99597,100,100061,200,99568,100,100197,100,99516,100,100261,100,99415,100,100291,100,99413,100,100445,100,99367,100,101222,100,99351,100,101397,100,99291,100
2019-06-28 09:57:40.000000000,99944,259,99892,259,99972,196,99850,255,99984,255,99597,255,100061,200,99568,100,100197,100,99516,100,100261,100,99415,100,100291,100,99413,100,100445,100,99367,100,101222,100,99351,100,101397,100,99291,100
2019-06-28 09:57:42.365629155,99944,359,99892,259,99972,196,99850,255,99984,255,99597,255,100061,200,99568,100,100197,100,99516,100,100261,100,99415,100,100291,100,99413,100,100445,100,99367,100,101222,100,99351,100,101397,100,99291,100
2019-06-28 09:57:50.000000000,99944,294,99892,194,99972,135,99850,194,99984,194,99597,194,100061,294,99568,194,100197,194,99516,194,100261,100,99415,100,100291,100,99413,100,100445,100,99367,100,101222,100,99351,100,101397,100,99291,100
2019-06-28 09:58:00.000000000,99944,317,99892,217,99972,158,99850,217,99984,217,99597,217,100061,317,99568,217,100197,100,99516,100,100261,100,99415,100,100291,100,99413,100,100445,100,99367,100,101222,100,99351,100,101397,100,99291,100
2019-06-28 09:58:03.643925648,99944,417,99892,217,99972,158,99850,217,99984,217,99597,217,100061,317,99568,217,100197,100,99516,100,100261,100,99415,100,100291,100,99413,100,100445,100,99367,100,101222,100,99351,100,101397,100,99291,100
2019-06-28 09:58:08.761269540,99944,517,99892,217,99972,158,99850,217,99984,217,99597,217,100061,317,99568,217,100197,100,99516,100,100261,100,99415,100,100291,100,99413,100,100445,100,99367,100,101222,100,99351,100,101397,100,99291,100
2019-06-28 09:58:10.000000000,99944,494,99892,194,99972,135,99850,194,99984,194,99597,194,100061,294,99568,194,100197,194,99516,194,100261,100,99415,100,100291,100,99413,100,100445,100,99367,100,101222,100,99351,100,101397,100,99291,100
2019-06-28 09:58:19.887906740,99944,394,99892,194,99972,135,99850,194,99984,194,99597,194,100061,294,99568,194,100197,194,99516,194,100261,100,99415,100,100291,100,99413,100,100445,100,99367,100,101222,100,99351,100,101397,100,99291,100
2019-06-28 09:58:20.000000000,99944,769,99892,569,99972,41,99850,100,99984,100,99597,100,100061,200,99568,100,100197,100,99516,100,100261,100,99415,100,100291,100,99413,100,100445,100,99367,100,101222,100,99351,100,101397,100,99291,100
2019-06-28 09:58:23.462159750,99944,769,99892,569,99972,41,99850,100,99984,100,99597,100,100061,100,99568,100,100197,100,99516,100,100261,100,99415,100,100291,100,99413,100,100445,100,99367,100,101222,100,99351,100,101397,100,99291,100
2019-06-28 09:58:28.805559499,99944,769,99892,469,99972,41,99850,100,99984,100,99597,100,100061,100,99568,100,100197,100,99516,100,100261,100,99415,100,100291,100,99413,100,100445,100,99367,100,101222,100,99351,100,101397,100,99291,100
2019-06-28 09:58:30.000000000,99944,459,99850,259,99972,196,99597,255,99984,255,99568,255,100061,100,99516,100,100197,100,99415,100,100261,100,99413,100,100291,100,99367,100,100445,100,99351,100,101222,100,99291,100,101397,100,99240,100
2019-06-28 09:58:36.451099063,99944,459,99850,159,99972,196,99597,255,99984,255,99568,255,100061,100,99516,100,100197,100,99415,100,100261,100,99413,100,100291,100,99367,100,100445,100,99351,100,101222,100,99291,100,101397,100,99240,100
2019-06-28 09:58:40.000000000,99944,769,99597,569,99972,41,99568,100,99984,100,99516,100,100061,100,99415,100,100197,100,99413,100,100261,100,99367,100,100291,100,99351,100,100445,100,99291,100,101222,100,99240,100,101397,100,99012,100
2019-06-28 09:58:50.000000000,99944,459,99597,259,99972,196,99568,255,99984,255,99516,255,100061,100,99415,100,100197,100,99413,100,100261,100,99367,100,100291,100,99351,100,100445,100,99291,100,101222,100,99240,100,101397,100,99012,100
2019-06-28 09:59:00.000000000,99944,417,99597,217,99972,158,99568,217,99984,217,99516,217,100061,217,99415,217,100197,100,99413,100,100261,100,99367,100,100291,100,99351,100,100445,100,99291,100,101222,100,99240,100,101397,100,99012,100
2019-06-28 09:59:10.000000000,99944,534,99597,334,99972,275,99568,334,99984,100,99516,100,100061,100,99415,100,100197,100,99413,100,100261,100,99367,100,100291,100,99351,100,100445,100,99291,100,101222,100,99240,100,101397,100,99012,100
2019-06-28 09:59:20.000000000,99944,769,99597,569,99972,41,99568,100,99984,100,99516,100,100061,100,99415,100,100197,100,99413,100,100261,100,99367,100,100291,100,99351,100,100445,100,99291,100,101222,100,99240,100,101397,100,99012,100
2019-06-28 09:59:22.642592438,99944,769,99597,569,99972,41,99568,100,99984,100,99516,100,100061,100,99415,100,100133,100,99413,100,100197,100,99367,100,100261,100,99351,100,100291,100,99291,100,100445,100,99240,100,101222,100,99012,100
2019-06-28 09:59:28.804907180,99944,769,99893,100,99972,41,99597,569,99984,100,99568,100,100061,100,99516,100,100133,100,99415,100,100197,100,99413,100,100261,100,99367,100,100291,100,99351,100,100445,100,99291,100,101222,100,99240,100
2019-06-28 09:59:30.000000000,99944,769,99893,569,99972,41,99597,100,99984,100,99568,100,100061,100,99516,100,100133,100,99415,100,100197,100,99413,100,100261,100,99367,100,100291,100,99351,100,100445,100,99291,100,101222,100,99240,100
2019-06-28 09:59:40.000000000,99944,394,99893,194,99972,135,99597,194,99984,194,99568,194,100061,194,99516,194,100133,194,99415,194,100197,100,99413,100,100261,100,99367,100,100291,100,99351,100,100445,100,99291,100,101222,100,99240,100
2019-06-28 09:59:50.000000000,99944,417,99893,217,99972,158,99597,217,99984,217,99568,217,100061,217,99516,217,100133,100,99415,100,100197,100,99413,100,100261,100,99367,100,100291,100,99351,100,100445,100,99291,100,101222,100,99240,100
2019-06-28 10:00:00.000000000,99944,417,99893,217,99972,158,99597,217,99984,217,99568,217,100061,217,99516,217,100133,100,99415,100,100197,100,99413,100,100261,100,99367,100,100291,100,99351,100,100445,100,99291,100,101222,100,99240,100
2019-06-28 10:00:10.000000000,99944,459,99893,259,99972,196,99597,255,99984,255,99568,255,100061,100,99516,100,100133,100,99415,100,100197,100,99413,100,100261,100,99367,100,100291,100,99351,100,100445,100,99291,100,101222,100,99240,100
2019-06-28 10:00:15.748513892,99944,359,99893,259,99972,196,99597,255,99984,255,99568,255,100061,100,99516,100,100133,100,99413,100,100197,100,99367,100,100261,100,99351,100,100291,100,99291,100,100445,100,99240,100,101222,100,99012,100
2019-06-28 10:00:20.000000000,99944,434,99893,334,99972,275,99597,334,99984,100,99568,100,100061,100,99516,100,100133,100,99413,100,100197,100,99367,100,100261,100,99351,100,100291,100,99291,100,100445,100,99240,100,101222,100,99012,100
2019-06-28 10:00:30.000000000,99944,359,99893,259,99972,196,99597,255,99984,255,99568,255,100061,100,99516,100,100133,100,99413,100,100197,100,99367,100,100261,100,99351,100,100291,100,99291,100,100445,100,99240,100,101222,100,99012,100
2019-06-28 10:00:40.000000000,99944,669,99893,569,99972,41,99597,100,99984,100,99568,100,100061,100,99516,100,100133,100,99413,100,100197,100,99367,100,100261,100,99351,100,100291,100,99291,100,100445,100,99240,100,101222,100,99012,100
2019-06-28 10:00:50.000000000,99944,669,99893,569,99972,41,99597,100,99984,100,99568,100,100061,100,99516,100,100133,100,99413,100,100197,100,99367,100,100261,100,99351,100,100291,100,99291,100,100445,100,99240,100,101222,100,99012,100
2019-06-28 10:00:51.895471328,99944,569,99894,100,99972,41,99893,569,99984,100,99597,100,100061,100,99568,100,100133,100,99516,100,100197,100,99413,100,100261,100,99367,100,100291,100,99351,100,100445,100,99291,100,101222,100,99240,100
2019-06-28 10:00:54.642582137,99944,569,99894,100,99972,41,99893,569,99984,100,99597,100,100061,100,99568,100,100133,100,99516,100,100197,100,99413,100,100261,100,99367,100,100291,100,99351,100,100445,100,99291,100,100559,100,99240,100
2019-06-28 10:01:00.000000000,99944,217,99894,217,99972,158,99893,217,99984,217,99597,217,100061,217,99568,217,100133,100,99516,100,100197,100,99413,100,100261,100,99367,100,100291,100,99351,100,100445,100,99291,100,100559,100,99240,100
2019-06-28 10:01:10.000000000,99944,259,99894,259,99972,196,99893,255,99984,255,99597,255,100061,100,99568,100,100133,100,99516,100,100197,100,99413,100,100261,100,99367,100,100291,100,99351,100,100445,100,99291,100,100559,100,99240,100
2019-06-28 10:01:20.000000000,99944,259,99894,259,99972,196,99893,255,99984,255,99597,255,100061,100,99568,100,100133,100,99516,100,100197,100,99413,100,100261,100,99367,100,100291,100,99351,100,100445,100,99291,100,100559,100,99240,100
2019-06-28 10:01:30.000000000,99944,194,99894,194,99972,135,99893,194,99984,194,99597,194,100061,194,99568,194,100133,194,99516,194,100197,100,99413,100,100261,100,99367,100,100291,100,99351,100,100445,100,99291,100,100559,100,99240,100
2019-06-28 10:01:38.687248429,99944,194,99894,294,99972,135,99893,194,99984,194,99597,194,100061,194,99568,194,100133,194,99516,194,100197,100,99413,100,100261,100,99367,100,100291,100,99351,100,100445,100,99291,100,100559,100,99240,100
2019-06-28 10:01:40.000000000,99944,334,99894,434,99972,275,99893,334,99984,100,99597,100,100061,100,99568,100,100133,100,99516,100,100197,100,99413,100,100261,100,99367,100,100291,100,99351,100,100445,100,99291,100,100559,100,99240,100
2019-06-28 10:01:50.000000000,99944,259,99894,359,99972,196,99893,255,99984,255,99597,255,100061,100,99568,100,100133,100,99516,100,100197,100,99413,100,100261,100,99367,100,100291,100,99351,100,100445,100,99291,100,100559,100,99240,100
2019-06-28 10:02:00.000000000,99944,334,99894,434,99972,275,99893,334,99984,100,99597,100,100061,100,99568,100,100133,100,99516,100,100197,100,99413,100,100261,100,99367,100,100291,100,99351,100,100445,100,99291,100,100559,100,99240,100
2019-06-28 10:02:10.000000000,99944,334,99894,434,99972,275,99893,334,99984,100,99597,100,100061,100,99568,100,100133,100,99516,100,100197,100,99413,100,100261,100,99367,100,100291,100,99351,100,100445,100,99291,100,100559,100,99240,100
2019-06-28 10:02:20.000000000,99944,194,99894,294,99972,135,99893,194,99984,194,99597,194,100061,194,99568,194,100133,194,99516,194,100197,100,99413,100,100261,100,99367,100,100291,100,99351,100,100445,100,99291,100,100559,100,99240,100
2019-06-28 10:02:26.959454812,99944,194,99894,294,99972,135,99893,194,99984,194,99597,194,100061,194,99568,194,100133,194,99516,94,100197,100,99413,100,100261,100,99367,100,100291,100,99351,100,100445,100,99291,100,100559,100,99240,100
2019-06-28 10:02:30.000000000,99944,259,99894,359,99972,196,99893,255,99984,255,99597,255,100061,100,99568,100,100133,100,99413,100,100197,100,99367,100,100261,100,99351,100,100291,100,99291,100,100445,100,99240,100,100559,100,99012,100
2019-06-28 10:02:34.065325112,99944,259,99894,359,99972,196,99893,255,99984,255,99597,255,100061,100,99568,100,100133,100,99413,100,100261,100,99367,100,100291,100,99351,100,100445,100,99291,100,100559,100,99240,100,101168,100,99012,100
2019-06-28 10:02:40.000000000,99944,194,99894,294,99972,135,99893,194,99984,194,99597,194,100061,194,99568,194,100133,194,99413,194,100261,100,99367,100,100291,100,99351,100,100445,100,99291,100,100559,100,99240,100,101168,100,99012,100
2019-06-28 10:02:50.000000000,99944,217,99894,317,99972,158,99893,217,99984,217,99597,217,100061,217,99568,217,100133,100,99413,100,100261,100,99367,100,100291,100,99351,100,100445,100,99291,100,100559,100,99240,100,101168,100,99012,100
2019-06-28 10:03:00.000000000,99944,334,99894,434,99972,275,99893,334,99984,100,99597,100,100061,100,99568,100,100133,100,99413,100,100261,100,99367,100,100291,100,99351,100,100445,100,99291,100,100559,100,99240,100,101168,100,99012,100
2019-06-28 10:03:02.041081830,99944,234,99894,434,99972,275,99893,334,99984,100,99597,100,100061,100,99568,100,100133,100,99413,100,100261,100,99367,100,100291,100,99351,100,100445,100,99291,100,100559,100,99240,100,101168,100,99012,100
2019-06-28 10:03:10.000000000,99972,158,99894,317,99984,217,99893,217,100061,217,99597,217,100133,217,99568,217,100261,100,99413,100,100291,100,99367,100,100445,100,99351,100,100559,100,99291,100,101168,100,99240,100,101222,100,99012,100
2019-06-28 10:03:20.000000000,99972,275,99894,434,99984,334,99893,334,100061,100,99597,100,100133,100,99568,100,100261,100,99413,100,100291,100,99367,100,100445,100,99351,100,100559,100,99291,100,101168,100,99240,100,101222,100,99012,100
2019-06-28 10:03:26.873634032,99972,234,99894,434,99984,334,99893,334,100061,100,99597,100,100133,100,99568,100,100261,100,99413,100,100291,100,99367,100,100445,100,99351,100,100559,100,99291,100,101168,100,99240,100,101222,100,99012,100
2019-06-28 10:03:30.000000000,99984,259,99894,359,100061,255,99893,255,100133,255,99597,255,100261,100,99568,100,100291,100,99413,100,100445,100,99367,100,100559,100,99351,100,101168,100,99291,100,101222,100,99240,100,101397,100,99012,100
2019-06-28 10:03:40.000000000,99984,334,99894,434,100061,334,99893,334,100133,100,99597,100,100261,100,99568,100,100291,100,99413,100,100445,100,99367,100,100559,100,99351,100,101168,100,99291,100,101222,100,99240,100,101397,100,99012,100
2019-06-28 10:03:43.061217530,99984,234,99894,434,100061,334,99893,334,100133,100,99597,100,100261,100,99568,100,100291,100,99413,100,100445,100,99367,100,100559,100,99351,100,101168,100,99291,100,101222,100,99240,100,101397,100,99012,100
2019-06-28 10:03:50.000000000,100061,217,99894,317,100133,217,99893,217,100261,217,99597,217,100291,217,99568,217,100445,100,99413,100,100559,100,99367,100,101168,100,99351,100,101222,100,99291,100,101397,100,99240,100,101584,100,99012,100
2019-06-28 10:04:00.000000000,100061,334,99894,434,100133,334,99893,334,100261,100,99597,100,100291,100,99568,100,100445,100,99413,100,100559,100,99367,100,101168,100,99351,100,101222,100,99291,100,101397,100,99240,100,101584,100,99012,100
2019-06-28 10:04:10.000000000,100061,217,99894,317,100133,217,99893,217,100261,217,99597,217,100291,217,99568,217,100445,100,99413,100,100559,100,99367,100,101168,100,99351,100,101222,100,99291,100,101397,100,99240,100,101584,100,99012,100
2019-06-28 10:04:20.000000000,100061,259,99894,359,100133,255,99893,255,100261,255,99597,255,100291,100,99568,100,100445,100,99413,100,100559,100,99367,100,101168,100,99351,100,101222,100,99291,100,101397,100,99240,100,101584,100,99012,100
2019-06-28 10:04:29.636017057,100061,259,99944,100,100133,255,99894,359,100261,155,99893,255,100291,100,99597,255,100445,100,99568,100,100559,100,99413,100,101168,100,99367,100,101222,100,99351,100,101397,100,99291,100,101584,100,99240,100
2019-06-28 10:04:30.000000000,100061,334,99944,334,100133,334,99894,434,100291,100,99893,100,100445,100,99597,100,100559,100,99568,100,101168,100,99413,100,101222,100,99367,100,101397,100,99351,100,101584,100,99291,100,101601,100,99240,100
2019-06-28 10:04:32.568183432,100061,234,99944,334,100133,334,99894,434,100291,100,99893,100,100445,100,99597,100,100559,100,99568,100,101168,100,99413,100,101222,100,99367,100,101397,100,99351,100,101584,100,99291,100,101601,100,99240,100
2019-06-28 10:04:40.000000000,100133,569,99944,569,100291,100,99894,200,100445,100,99893,100,100559,100,99597,100,101168,100,99568,100,101222,100,99413,100,101397,100,99367,100,101584,100,99351,100,101601,100,99291,100,,,99240,100
2019-06-28 10:04:40.590035978,100133,469,99944,569,100291,100,99894,200,100445,100,99893,100,100559,100,99597,100,101168,100,99568,100,101222,100,99413,100,101397,100,99367,100,101584,100,99351,100,101601,100,99291,100,,,99240,100
2019-06-28 10:04:43.022825286,100133,469,99944,569,100291,100,99894,200,100445,100,99597,100,100559,100,99568,100,101168,100,99413,100,101222,100,99367,100,101397,100,99351,100,101584,100,99291,100,101601,100,99240,100,,,99012,100
2019-06-28 10:04:50.000000000,100291,217,99944,217,100445,217,99894,317,100559,217,99597,217,101168,217,99568,217,101222,100,99413,100,101397,100,99367,100,101584,100,99351,100,101601,100,99291,100,,,99240,100,,,99012,100
2019-06-28 10:04:54.354541799,100291,217,100061,100,100445,217,99944,217,100559,217,99894,317,101168,217,99597,217,101222,100,99568,217,101397,100,99413,100,101584,100,99367,100,101601,100,99351,100,,,99291,100,,,99240,100
2019-06-28 10:05:00.000000000,100291,194,100061,194,100445,194,99944,194,100559,194,99894,294,101168,194,99597,194,101222,194,99568,194,101397,100,99413,100,101584,100,99367,100,101601,100,99351,100,,,99291,100,,,99240,100
2019-06-28 10:05:09.629505645,100291,194,100061,294,100445,194,99944,194,100559,194,99894,294,101168,194,99597,194,101222,194,99568,194,101397,100,99413,100,101584,100,99367,100,101601,100,99351,100,,,99291,100,,,99240,100
2019-06-28 10:05:10.000000000,100291,194,100061,294,100445,194,99944,194,100559,194,99894,294,101168,194,99597,194,101222,194,99568,194,101397,100,99413,100,101584,100,99367,100,101601,100,99351,100,,,99291,100,,,99240,100
2019-06-28 10:05:20.000000000,100291,194,100061,294,100445,194,99944,194,100559,194,99894,294,101168,194,99597,194,101222,194,99568,194,101397,100,99413,100,101584,100,99367,100,101601,100,99351,100,,,99291,100,,,99240,100
2019-06-28 10:05:24.922513894,100291,194,100061,294,100445,194,99944,194,100559,194,99894,294,101038,100,99597,194,101168,194,99568,194,101222,194,99413,100,101397,100,99367,100,101584,100,99351,100,101601,100,99291,100,,,99240,100
2019-06-28 10:05:30.000000000,100291,194,100061,294,100445,194,99944,194,100559,194,99894,294,101038,194,99597,194,101168,194,99568,194,101222,100,99413,100,101397,100,99367,100,101584,100,99351,100,101601,100,99291,100,,,99240,100
2019-06-28 10:05:40.000000000,100291,194,100061,294,100445,194,99944,194,100559,194,99894,294,101038,194,99597,194,101168,194,99568,194,101222,100,99413,100,101397,100,99367,100,101584,100,99351,100,101601,100,99291,100,,,99240,100
2019-06-28 10:05:50.000000000,100291,334,100061,434,100445,334,99944,334,100559,100,99894,200,101038,100,99597,100,101168,100,99568,100,101222,100,99413,100,101397,100,99367,100,101584,100,99351,100,101601,100,99291,100,,,99240,100
2019-06-28 10:05:50.654258403,100291,234,100061,434,100445,334,99944,334,100559,100,99894,200,101038,100,99597,100,101168,100,99568,100,101222,100,99413,100,101397,100,99367,100,101584,100,99351,100,101601,100,99291,100,,,99240,100
2019-06-28 10:06:00.000000000,100445,259,100061,359,100559,255,99944,255,101038,255,99894,355,101168,100,99597,100,101222,100,99568,100,101397,100,99413,100,101584,100,99367,100,101601,100,99351,100,,,99291,100,,,99240,100
2019-06-28 10:06:10.000000000,100445,259,100061,359,100559,255,99944,255,101038,255,99894,355,101168,100,99597,100,101222,100,99568,100,101397,100,99413,100,101584,100,99367,100,101601,100,99351,100,,,99291,100,,,99240,100
2019-06-28 10:06:20.000000000,100445,334,100061,434,100559,334,99944,334,101038,100,99894,200,101168,100,99597,100,101222,100,99568,100,101397,100,99413,100,101584,100,99367,100,101601,100,99351,100,,,99291,100,,,99240,100
2019-06-28 10:06:25.635860566,100445,334,100133,100,100559,334,100061,434,101038,100,99944,334,101168,100,99894,200,101222,100,99597,100,101397,100,99568,100,101584,100,99413,100,101601,100,99367,100,,,99351,100,,,99291,100
2019-06-28 10:06:27.784939076,100445,334,100133,100,100559,334,100061,434,100860,100,99944,334,101038,100,99894,200,101168,100,99597,100,101222,100,99568,100,101397,100,99413,100,101584,100,99367,100,101601,100,99351,100,,,99291,100
2019-06-28 10:06:30.000000000,100445,194,100133,194,100559,194,100061,294,100860,194,99944,194,101038,194,99894,294,101168,194,99597,194,101222,100,99568,100,101397,100,99413,100,101584,100,99367,100,101601,100,99351,100,,,99291,100
2019-06-28 10:06:31.502278629,100445,194,100133,194,100559,194,100061,294,100860,194,99944,194,100874,100,99894,294,101038,194,99597,194,101168,194,99568,100,101397,100,99413,100,101584,100,99367,100,101601,100,99351,100,,,99291,100
2019-06-28 10:06:40.000000000,100445,194,100133,194,100559,194,100061,294,100860,194,99944,194,100874,194,99894,294,101038,194,99597,194,101168,100,99568,100,101397,100,99413,100,101584,100,99367,100,101601,100,99351,100,,,99291,100
2019-06-28 10:06:50.000000000,100445,217,100133,217,100559,217,100061,317,100860,217,99944,217,100874,217,99894,317,101038,100,99597,100,101168,100,99568,100,101397,100,99413,100,101584,100,99367,100,101601,100,99351,100,,,99291,100
2019-06-28 10:07:00.000000000,100445,334,100133,334,100559,334,100061,434,100860,100,99944,100,100874,100,99894,200,101038,100,99597,100,101168,100,99568,100,101397,100,99413,100,101584,100,99367,100,101601,100,99351,100,,,99291,100
2019-06-28 10:07:10.000000000,100445,334,100133,334,100559,334,100061,434,100860,100,99944,100,100874,100,99894,200,101038,100,99597,100,101168,100,99568,100,101397,100,99413,100,101584,100,99367,100,101601,100,99351,100,,,99291,100
2019-06-28 10:07:20.000000000,100445,569,100133,569,100559,100,100061,200,100860,100,99944,100,100874,100,99894,200,101038,100,99597,100,101168,100,99568,100,101397,100,99413,100,101584,100,99367,100,101601,100,99351,100,,,99291,100
2019-06-28 10:07:27.280750450,100445,469,100133,569,100559,100,100061,200,100860,100,99944,100,100874,100,99894,200,101038,100,99597,100,101168,100,99568,100,101397,100,99413,100,101584,100,99367,100,101601,100,99351,100,,,99291,100
2019-06-28 10:07:28.588955371,100445,469,100133,569,100559,100,100061,200,100860,100,99944,100,100874,100,99894,100,101038,100,99597,100,101168,100,99568,100,101397,100,99413,100,101584,100,99367,100,101601,100,99351,100,,,99291,100
2019-06-28 10:07:30.000000000,100559,569,100133,569,100860,100,100061,200,100874,100,99944,100,101038,100,99894,100,101168,100,99597,100,101397,100,99568,100,101584,100,99413,100,101601,100,99367,100,,,99351,100,,,99291,100
2019-06-28 10:07:40.000000000,100559,569,100133,569,100860,100,100061,200,100874,100,99944,100,101038,100,99894,100,101168,100,99597,100,101397,100,99568,100,101584,100,99413,100,101601,100,99367,100,,,99351,100,,,99291,100
2019-06-28 10:07:50.000000000,100559,569,100133,569,100860,100,100061,200,100874,100,99944,100,101038,100,99894,100,101168,100,99597,100,101397,100,99568,100,101584,100,99413,100,101601,100,99367,100,,,99351,100,,,99291,100
2019-06-28 10:08:00.000000000,100559,217,100133,217,100860,217,100061,317,100874,217,99944,217,101038,217,99894,217,101168,100,99597,100,101397,100,99568,100,101584,100,99413,100,101601,100,99367,100,,,99351,100,,,99291,100
2019-06-28 10:08:05.996653541,100559,117,100133,217,100860,217,100061,317,100874,217,99944,217,101038,217,99894,217,101397,100,99597,100,101584,100,99568,100,101601,100,99413,100,,,99367,100,,,99351,100,,,99291,100
2019-06-28 10:08:10.000000000,100860,259,100133,259,100874,255,100061,355,101038,255,99944,255,101397,100,99894,100,101584,100,99597,100,101601,100,99568,100,,,99413,100,,,99367,100,,,99351,100,,,99291,100
