,ask_price_1,ask_size_1,bid_price_1,bid_size_1,ask_price_2,ask_size_2,bid_price_2,bid_size_2,ask_price_3,ask_size_3,bid_price_3,bid_size_3,ask_price_4,ask_size_4,bid_price_4,bid_size_4,ask_price_5,ask_size_5,bid_price_5,bid_size_5,ask_price_6,ask_size_6,bid_price_6,bid_size_6,ask_price_7,ask_size_7,bid_price_7,bid_size_7,ask_price_8,ask_size_8,bid_price_8,bid_size_8,ask_price_9,ask_size_9,bid_price_9,bid_size_9,ask_price_10,ask_size_10,bid_price_10,bid_size_10
2019-06-28 09:30:00.000000001,,,99902,100,,,,,,,,,,,,,,,,,,,,,,,,,,,,,,,,,,,,
2019-06-28 09:30:00.000000003,,,99944,100,,,99902,100,,,,,,,,,,,,,,,,,,,,,,,,,,,,,,,,
2019-06-28 09:30:00.000000004,,,99944,100,,,99902,100,,,99850,100,,,,,,,,,,,,,,,,,,,,,,,,,,,,
2019-06-28 09:30:00.000000005,,,99944,100,,,99928,100,,,99902,100,,,99850,100,,,,,,,,,,,,,,,,,,,,,,,,
2019-06-28 09:30:00.000000006,,,100112,100,,,99944,100,,,99928,100,,,99902,100,,,99850,100,,,,,,,,,,,,,,,,,,,,
2019-06-28 09:30:00.000000007,100126,100,100112,100,,,100022,100,,,99944,100,,,99928,100,,,99902,100,,,99850,100,,,,,,,,,,,,,,,,
2019-06-28 09:30:00.000000008,100126,100,100112,100,,,100022,100,,,99944,100,,,99928,100,,,99917,100,,,99902,100,,,99850,100,,,,,,,,,,,,
2019-06-28 09:30:00.000000009,100126,100,100112,100,,,100022,100,,,99944,100,,,99930,100,,,99928,100,,,99917,100,,,99902,100,,,99850,100,,,,,,,,
2019-06-28 09:30:00.000000010,100126,100,100022,100,,,99944,100,,,99930,100,,,99928,100,,,99917,100,,,99902,100,,,99850,100,,,99751,100,,,,,,,,
2019-06-28 09:30:00.000000011,100126,100,99944,100,,,99930,100,,,99928,100,,,99917,100,,,99902,100,,,99850,100,,,99751,100,,,,,,,,,,,,
2019-06-28 09:30:00.000000012,100112,100,99944,100,100126,100,99930,100,,,99928,100,,,99917,100,,,99902,100,,,99850,100,,,99751,100,,,,,,,,,,,,
2019-06-28 09:30:00.000000014,100090,100,99944,100,100112,100,99930,100,100126,100,99928,100,,,99917,100,,,99902,100,,,99859,100,,,99850,100,,,99751,100,,,,,,,,
2019-06-28 09:30:00.000000015,100090,100,100022,100,100112,200,99944,100,100126,100,99930,100,,,99928,100,,,99917,100,,,99902,100,,,99859,100,,,99850,100,,,99751,100,,,,
2019-06-28 09:30:00.000000016,100090,100,100022,100,100112,200,99944,100,100126,100,99930,100,,,99928,100,,,99917,100,,,99902,100,,,99859,100,,,99850,100,,,99807,100,,,99751,100
2019-06-28 09:30:00.000000019,100060,100,99944,100,100090,100,99930,100,100112,200,99928,100,100126,100,99917,100,,,99902,100,,,99859,100,,,99850,100,,,99807,100,,,99751,100,,,,
2019-06-28 09:30:00.000000020,100060,100,99944,100,100090,100,99936,100,100112,200,99930,100,100126,100,99928,100,,,99917,100,,,99902,100,,,99859,100,,,99850,100,,,99807,100,,,99751,100
2019-06-28 09:30:00.000000022,100022,100,99944,100,100060,100,99936,100,100090,100,99930,100,100112,200,99928,100,100126,100,99917,100,,,99902,100,,,99859,100,,,99850,100,,,99807,100,,,99751,100
2019-06-28 09:30:00.000000023,99976,100,99944,100,100022,100,99936,100,100060,100,99930,100,100090,100,99928,100,100112,200,99917,100,100126,100,99902,100,,,99859,100,,,99850,100,,,99807,100,,,99751,100
2019-06-28 09:30:00.000000025,99976,100,99944,100,100022,100,99936,100,100060,100,99930,100,100090,100,99928,100,100112,200,99925,100,100126,100,99917,100,,,99902,100,,,99859,100,,,99850,100,,,99807,100
2019-06-28 09:30:00.000000026,100022,100,99944,100,100060,100,99936,100,100090,100,99930,100,100112,200,99928,100,100126,100,99925,100,,,99917,100,,,99902,100,,,99859,100,,,99850,100,,,99807,100
2019-06-28 09:30:00.000000030,100022,100,99944,100,100060,100,99936,100,100090,100,99930,100,100112,200,99928,100,100126,100,99925,100,100181,100,99917,100,,,99902,100,,,99859,100,,,99850,100,,,99807,100
2019-06-28 09:30:00.000000033,100022,100,99944,100,100060,100,99936,100,100090,100,99930,100,100112,200,99928,100,100126,100,99925,100,100181,100,99917,100,,,99902,100,,,99870,100,,,99859,100,,,99850,100
2019-06-28 09:30:00.000000037,100021,100,99944,100,100022,100,99936,100,100060,100,99930,100,100090,100,99928,100,100112,200,99925,100,100126,100,99917,100,100181,100,99902,100,,,99870,100,,,99859,100,,,99850,100
2019-06-28 09:30:00.000000038,100021,100,99944,100,100022,100,99936,100,100060,100,99930,100,100090,100,99928,100,100112,200,99925,100,100126,100,99917,100,100181,100,99902,100,,,99870,100,,,99859,100,,,99850,100
2019-06-28 09:30:00.000000039,100021,100,99944,100,100022,100,99936,100,100060,100,99930,100,100084,100,99928,100,100090,100,99925,100,100112,200,99917,100,100126,100,99902,100,100181,100,99896,100,,,99870,100,,,99859,100
2019-06-28 09:30:00.000000041,100021,100,99944,100,100022,100,99936,100,100060,100,99930,100,100084,100,99928,100,100087,100,99925,100,100090,100,99917,100,100112,200,99902,200,100126,100,99896,100,100181,100,99870,100,,,99859,100
2019-06-28 09:30:00.000000043,100021,100,99976,100,100022,100,99944,100,100060,100,99936,100,100084,100,99930,100,100087,100,99928,100,100090,100,99925,100,100112,200,99917,100,100126,100,99902,200,100181,100,99896,100,,,99870,100
2019-06-28 09:30:00.000000046,100021,100,99976,100,100022,100,99944,100,100060,100,99936,100,100084,100,99930,100,100087,100,99928,100,100090,100,99925,100,100112,200,99917,100,100126,100,99902,200,100181,100,99896,100,100291,100,99870,100
2019-06-28 09:30:00.000000047,100021,100,99976,100,100022,100,99944,100,100060,100,99936,100,100069,100,99930,100,100084,100,99928,100,100087,100,99925,100,100090,100,99917,100,100112,200,99902,200,100126,100,99896,100,100181,100,99870,100
2019-06-28 09:30:00.000000048,100021,100,99976,100,100022,100,99944,100,100060,100,99936,100,100069,100,99930,100,100084,100,99928,100,100087,100,99925,100,100089,100,99917,100,100090,100,99902,200,100112,200,99896,100,100126,100,99870,100
2019-06-28 09:30:00.000000049,100021,100,99976,100,100022,100,99960,100,100060,100,99944,100,100069,100,99936,100,100084,100,99930,100,100087,100,99928,100,100089,100,99925,100,100090,100,99917,100,100112,200,99902,200,100126,100,99896,100
2019-06-28 09:30:00.000000050,100022,100,99976,100,100060,100,99960,100,100069,100,99944,100,100084,100,99936,100,100087,100,99930,100,100089,100,99928,100,100090,100,99925,100,100106,100,99917,100,100112,200,99902,200,100126,100,99896,100
2019-06-28 09:30:00.000000054,100022,100,99976,100,100060,100,99960,100,100069,100,99944,100,100084,100,99936,100,100087,100,99935,100,100089,100,99930,100,100090,100,99928,100,100106,100,99925,100,100112,200,99917,100,100126,100,99902,200
2019-06-28 09:30:00.000000057,100022,100,99976,100,100060,100,99960,100,100069,100,99944,100,100084,100,99936,100,100087,100,99935,100,100089,100,99930,100,100090,100,99928,100,100106,100,99925,100,100112,200,99917,100,100126,100,99902,200
2019-06-28 09:30:00.000000058,100022,100,99976,100,100060,100,99960,100,100069,100,99944,100,100081,100,99936,100,100084,100,99935,100,100087,100,99930,100,100089,100,99928,100,100090,100,99925,100,100106,100,99917,100,100112,200,99902,200
2019-06-28 09:30:00.000000061,100022,100,99976,100,100060,100,99960,100,100069,100,99944,100,100081,100,99936,100,100084,100,99935,100,100087,100,99930,100,100089,100,99928,100,100090,100,99925,100,100106,100,99917,100,100112,200,99902,200
2019-06-28 09:30:00.000000064,100022,100,99976,100,100027,100,99960,100,100060,100,99944,100,100069,100,99936,100,100081,100,99935,100,100084,100,99930,100,100087,100,99928,100,100089,100,99925,100,100090,100,99917,100,100106,100,99902,200
2019-06-28 09:30:00.000000070,100022,100,99977,100,100027,100,99976,100,100060,100,99960,100,100069,100,99944,100,100081,100,99936,100,100084,100,99935,100,100087,100,99930,100,100089,100,99928,100,100090,100,99925,100,100106,100,99917,100
2019-06-28 09:30:00.000000071,100021,100,99977,100,100022,100,99976,100,100027,100,99960,100,100060,100,99952,100,100069,100,99944,100,100081,100,99936,100,100084,100,99935,100,100087,100,99930,100,100089,100,99928,100,100090,100,99925,100
2019-06-28 09:30:00.000000072,100021,100,99977,200,100022,100,99976,100,100027,100,99960,100,100060,100,99952,100,100069,100,99944,100,100081,100,99936,100,100084,100,99935,100,100087,100,99930,100,100089,100,99928,100,100090,100,99925,100
2019-06-28 09:30:00.000000073,100021,200,99977,300,100022,100,99976,100,100027,100,99960,100,100060,100,99952,100,100069,100,99944,100,100081,100,99936,100,100084,100,99935,100,100087,100,99930,100,100089,100,99928,100,100090,100,99925,100
2019-06-28 09:30:00.000000075,100021,200,99977,300,100022,100,99976,100,100027,100,99960,100,100044,100,99952,100,100060,100,99944,100,100069,100,99936,100,100081,100,99935,100,100084,100,99930,100,100087,100,99928,100,100089,100,99925,100
2019-06-28 09:30:00.000000077,100021,200,99977,300,100022,100,99976,100,100027,100,99960,100,100044,100,99952,100,100060,100,99945,100,100069,100,99944,100,100081,100,99936,100,100084,100,99935,100,100087,100,99930,100,100089,100,99928,100
2019-06-28 09:30:00.000000084,100021,200,99977,300,100022,100,99976,100,100027,100,99960,100,100044,100,99952,100,100060,100,99945,100,100069,100,99944,100,100081,100,99936,200,100084,100,99935,100,100087,100,99930,100,100089,100,99928,100
2019-06-28 09:30:00.000000087,100021,300,99977,300,100022,100,99976,100,100027,100,99960,100,100044,100,99952,100,100060,100,99945,100,100069,100,99944,100,100081,100,99936,200,100084,100,99935,100,100087,100,99930,100,100089,100,99928,100
2019-06-28 09:30:00.000000090,100021,300,99977,300,100022,100,99976,100,100027,100,99960,100,100044,100,99952,100,100060,100,99945,100,100069,100,99944,100,100081,100,99936,200,100084,100,99935,100,100087,100,99930,100,100089,100,99928,100
2019-06-28 09:30:00.000000093,100021,300,99977,300,100022,100,99976,100,100027,100,99960,100,100030,100,99952,100,100044,100,99945,100,100060,100,99944,100,100069,100,99936,200,100081,100,99935,100,100084,100,99930,100,100087,100,99928,100
2019-06-28 09:30:00.000000096,100021,300,99977,300,100022,100,99976,100,100027,100,99960,100,100030,100,99952,100,100042,100,99945,100,100044,100,99944,100,100060,100,99936,200,100069,100,99935,100,100081,100,99930,100,100084,100,99928,100
2019-06-28 09:30:00.000000097,100021,300,99977,300,100022,100,99976,100,100027,100,99960,100,100030,100,99952,100,100042,100,99945,100,100044,100,99944,100,100060,100,99936,200,100069,100,99935,100,100081,100,99930,100,100084,100,99928,100
2019-06-28 09:30:00.000000098,100021,300,99977,200,100022,100,99976,100,100027,100,99960,100,100030,100,99952,100,100042,100,99945,100,100044,100,99944,100,100060,100,99936,200,100069,100,99935,100,100081,100,99930,100,100084,100,99928,100
2019-06-28 09:30:10.000000000,100021,407,99977,307,100022,204,99976,204,100027,204,99960,204,100030,100,99952,100,100042,100,99945,100,100044,100,99944,100,100060,100,99936,200,100069,100,99935,100,100081,100,99930,100,100084,100,99928,100
2019-06-28 09:30:11.738390390,100021,407,99977,307,100022,204,99976,204,100027,204,99960,204,100030,100,99952,100,100042,100,99945,100,100044,100,99944,100,100060,100,99936,200,100081,100,99935,100,100084,100,99930,100,100087,100,99928,100
2019-06-28 09:30:20.000000000,100021,363,99977,263,100022,163,99976,163,100027,163,99960,163,100030,163,99952,163,100042,163,99945,163,100044,100,99944,100,100060,100,99936,200,100081,100,99935,100,100084,100,99930,100,100087,100,99928,100
2019-06-28 09:30:30.000000000,100021,458,99977,358,100022,258,99976,258,100027,100,99960,100,100030,100,99952,100,100042,100,99945,100,100044,100,99944,100,100060,100,99936,200,100081,100,99935,100,100084,100,99930,100,100087,100,99928,100
2019-06-28 09:30:36.711489312,100021,458,99978,100,100022,258,99977,358,100027,100,99976,258,100030,100,99960,100,100042,100,99952,100,100044,100,99945,100,100060,100,99944,100,100081,100,99936,200,100084,100,99935,100,100087,100,99930,100
2019-06-28 09:30:40.000000000,100021,407,99978,207,100022,204,99977,304,100027,204,99976,204,100030,100,99960,100,100042,100,99952,100,100044,100,99945,100,100060,100,99944,100,100081,100,99936,200,100084,100,99935,100,100087,100,99930,100
2019-06-28 09:30:50.000000000,100021,407,99978,207,100022,204,99977,304,100027,204,99976,204,100030,100,99960,100,100042,100,99952,100,100044,100,99945,100,100060,100,99944,100,100081,100,99936,200,100084,100,99935,100,100087,100,99930,100
2019-06-28 09:30:57.982526492,100021,407,99978,207,100022,204,99977,304,100027,204,99976,204,100030,100,99960,100,100042,100,99945,100,100044,100,99944,100,100060,100,99936,200,100081,100,99935,100,100084,100,99930,100,100087,100,99928,100
2019-06-28 09:31:00.000000000,100021,407,99978,207,100022,204,99977,304,100027,204,99976,204,100030,100,99960,100,100042,100,99945,100,100044,100,99944,100,100060,100,99936,200,100081,100,99935,100,100084,100,99930,100,100087,100,99928,100
2019-06-28 09:31:04.990547619,100021,307,99978,207,100022,204,99977,304,100027,204,99976,204,100030,100,99960,100,100042,100,99945,100,100044,100,99944,100,100060,100,99936,200,100081,100,99935,100,100084,100,99928,100,100087,100,99925,100
2019-06-28 09:31:10.000000000,100021,307,99978,207,100022,204,99977,304,100027,204,99976,204,100030,100,99960,100,100042,100,99945,100,100044,100,99944,100,100060,100,99936,200,100081,100,99935,100,100084,100,99928,100,100087,100,99925,100
2019-06-28 09:31:15.597863131,100021,307,99978,207,100022,204,99977,304,100027,204,99976,204,100030,100,99960,100,100042,100,99945,100,100044,100,99944,100,100060,100,99936,200,100081,100,99935,100,100084,100,99930,100,100087,100,99928,100
2019-06-28 09:31:16.018521024,100021,307,99980,100,100022,204,99978,207,100027,204,99977,304,100030,100,99976,204,100042,100,99960,100,100044,100,99945,100,100060,100,99944,100,100081,100,99936,200,100084,100,99935,100,100087,100,99930,100
2019-06-28 09:31:20.000000000,100021,307,99980,207,100022,204,99978,204,100027,204,99977,304,100030,100,99976,100,100042,100,99960,100,100044,100,99945,100,100060,100,99944,100,100081,100,99936,200,100084,100,99935,100,100087,100,99930,100
2019-06-28 09:31:24.248539918,100021,307,99980,207,100022,204,99978,204,100027,204,99977,304,100030,100,99976,100,100042,100,99960,100,100044,100,99945,100,100060,100,99944,100,100081,100,99936,200,100084,100,99935,100,100087,100,99930,100
2019-06-28 09:31:30.000000000,100021,263,99980,163,100022,163,99978,163,100027,163,99977,263,100030,163,99976,163,100042,163,99960,163,100044,100,99945,100,100060,100,99944,100,100081,100,99936,200,100084,100,99935,100,100087,100,99930,100
2019-06-28 09:31:35.133183387,100021,163,99980,163,100022,163,99978,163,100027,163,99977,263,100030,163,99976,163,100042,163,99960,163,100044,100,99945,100,100060,100,99944,100,100081,100,99936,200,100084,100,99935,100,100087,100,99930,100
2019-06-28 09:31:40.000000000,100021,163,99980,163,100022,163,99978,163,100027,163,99977,263,100030,163,99976,163,100042,163,99960,163,100044,100,99945,100,100060,100,99944,100,100081,100,99936,200,100084,100,99935,100,100087,100,99930,100
2019-06-28 09:31:47.678343096,100021,163,99980,163,100022,163,99978,163,100027,163,99977,263,100030,163,99976,163,100042,163,99960,163,100044,100,99945,100,100060,100,99944,100,100081,100,99936,200,100084,100,99935,100,100087,100,99930,100
2019-06-28 09:31:50.000000000,100021,207,99980,207,100022,204,99978,204,100027,204,99977,304,100030,100,99976,100,100042,100,99960,100,100044,100,99945,100,100060,100,99944,100,100081,100,99936,200,100084,100,99935,100,100087,100,99930,100
2019-06-28 09:31:54.398539628,100021,207,99980,207,100022,204,99978,204,100027,204,99977,304,100030,100,99976,100,100042,100,99960,100,100044,100,99945,100,100060,100,99944,100,100081,100,99936,200,100084,100,99935,100,100087,100,99930,100
2019-06-28 09:32:00.000000000,100021,207,99980,207,100022,204,99978,204,100027,204,99977,304,100030,100,99976,100,100042,100,99960,100,100044,100,99945,100,100060,100,99944,100,100081,100,99936,200,100084,100,99935,100,100087,100,99930,100
2019-06-28 09:32:07.623527761,100021,207,99980,207,100022,204,99978,204,100027,204,99977,304,100030,100,99976,100,100042,100,99960,100,100044,100,99945,100,100060,100,99944,100,100081,100,99936,200,100084,100,99935,100,100087,100,99930,100
2019-06-28 09:32:07.711910780,100021,107,99980,207,100022,204,99978,204,100027,204,99977,304,100030,100,99976,100,100042,100,99960,100,100044,100,99945,100,100060,100,99944,100,100081,100,99936,200,100084,100,99935,100,100087,100,99930,100
2019-06-28 09:32:10.000000000,100022,258,99980,258,100027,258,99978,258,100030,100,99977,200,100042,100,99976,100,100044,100,99960,100,100060,100,99945,100,100081,100,99944,100,100084,100,99936,200,100087,100,99935,100,100089,100,99930,100
2019-06-28 09:32:20.000000000,100022,163,99980,163,100027,163,99978,163,100030,163,99977,263,100042,163,99976,163,100044,163,99960,163,100060,100,99945,100,100081,100,99944,100,100084,100,99936,200,100087,100,99935,100,100089,100,99930,100
2019-06-28 09:32:20.953970994,100022,163,99980,163,100027,163,99978,163,100030,163,99977,263,100042,163,99976,163,100044,163,99960,163,100060,100,99945,100,100081,100,99944,100,100084,100,99936,200,100087,100,99935,100,100089,100,99930,100
2019-06-28 09:32:30.000000000,100022,163,99980,163,100027,163,99978,163,100030,163,99977,263,100042,163,99976,163,100044,163,99960,163,100060,100,99945,100,100081,100,99944,100,100084,100,99936,200,100087,100,99935,100,100089,100,99930,100
2019-06-28 09:32:40.000000000,100022,258,99980,258,100027,258,99978,258,100030,100,99977,200,100042,100,99976,100,100044,100,99960,100,100060,100,99945,100,100081,100,99944,100,100084,100,99936,200,100087,100,99935,100,100089,100,99930,100
2019-06-28 09:32:41.354195349,100022,258,99980,258,100027,258,99978,258,100030,100,99977,200,100042,100,99976,100,100044,100,99960,100,100060,100,99945,100,100081,100,99944,100,100084,100,99936,200,100087,100,99935,100,100089,100,99930,100
2019-06-28 09:32:45.910940473,100022,158,99980,258,100027,258,99978,258,100030,100,99977,200,100042,100,99976,100,100044,100,99960,100,100060,100,99945,100,100081,100,99944,100,100084,100,99936,200,100087,100,99935,100,100089,100,99930,100
2019-06-28 09:32:50.000000000,100027,416,99980,416,100030,100,99978,100,100042,100,99977,200,100044,100,99976,100,100060,100,99960,100,100081,100,99945,100,100084,100,99944,100,100087,100,99936,200,100089,100,99935,100,100090,100,99930,100
2019-06-28 09:32:53.082217709,100027,416,99980,316,100030,100,99978,100,100042,100,99977,200,100044,100,99976,100,100060,100,99960,100,100081,100,99945,100,100084,100,99944,100,100087,100,99936,200,100090,100,99935,100,100103,100,99930,100
2019-06-28 09:33:00.000000000,100027,163,99978,163,100030,163,99977,263,100042,163,99976,163,100044,163,99960,163,100060,163,99945,163,100081,100,99944,100,100084,100,99936,200,100087,100,99935,100,100090,100,99930,100,100103,100,99928,100
2019-06-28 09:33:10.000000000,100027,258,99978,258,100030,258,99977,358,100042,100,99976,100,100044,100,99960,100,100060,100,99945,100,100081,100,99944,100,100084,100,99936,200,100087,100,99935,100,100090,100,99930,100,100103,100,99928,100
2019-06-28 09:33:17.678026783,100027,258,99978,158,100030,258,99977,358,100042,100,99976,100,100044,100,99960,100,100060,100,99945,100,100081,100,99944,100,100084,100,99936,200,100087,100,99935,100,100090,100,99930,100,100103,100,99928,100
2019-06-28 09:33:18.197027178,100027,258,99978,158,100030,258,99977,358,100042,100,99976,100,100044,100,99960,100,100060,100,99945,100,100081,100,99944,100,100084,100,99936,200,100087,100,99935,100,100090,100,99930,100,100103,100,99928,100
2019-06-28 09:33:20.000000000,100027,416,99977,516,100030,100,99976,100,100042,100,99960,100,100044,100,99945,100,100060,100,99944,100,100081,100,99936,200,100084,100,99935,100,100087,100,99930,100,100090,100,99928,100,100103,100,99925,100
2019-06-28 09:33:25.512603762,100027,416,99977,516,100030,100,99976,100,100042,100,99960,100,100044,100,99945,100,100060,100,99944,100,100081,100,99936,200,100084,100,99935,100,100087,100,99930,100,100090,100,99925,100,100103,100,99921,100
2019-06-28 09:33:30.000000000,100027,416,99977,516,100030,100,99976,100,100042,100,99960,100,100044,100,99945,100,100060,100,99944,100,100081,100,99936,200,100084,100,99935,100,100087,100,99930,100,100090,100,99925,100,100103,100,99921,100
2019-06-28 09:33:40.000000000,100027,258,99977,358,100030,258,99976,258,100042,100,99960,100,100044,100,99945,100,100060,100,99944,100,100081,100,99936,200,100084,100,99935,100,100087,100,99930,100,100090,100,99925,100,100103,100,99921,100
2019-06-28 09:33:41.159361123,100027,258,99977,358,100030,258,99976,258,100042,100,99960,100,100044,100,99945,100,100060,100,99944,100,100081,100,99936,200,100084,100,99935,100,100087,100,99930,100,100090,100,99925,100,100103,100,99921,100
2019-06-28 09:33:48.015818148,100027,258,99981,100,100030,258,99977,358,100042,100,99976,258,100044,100,99960,100,100060,100,99945,100,100081,100,99944,100,100084,100,99936,200,100087,100,99935,100,100090,100,99930,100,100103,100,99925,100
2019-06-28 09:33:50.000000000,100027,258,99981,258,100030,258,99977,358,100042,100,99976,100,100044,100,99960,100,100060,100,99945,100,100081,100,99944,100,100084,100,99936,200,100087,100,99935,100,100090,100,99930,100,100103,100,99925,100
2019-06-28 09:33:57.186091439,100027,258,99981,258,100030,258,99977,358,100042,100,99976,100,100044,100,99960,100,100060,100,99945,100,100081,100,99944,100,100084,100,99936,200,100087,100,99935,100,100090,100,99930,100,100103,100,99925,100
2019-06-28 09:34:00.000000000,100027,258,99981,258,100030,258,99977,358,100042,100,99976,100,100044,100,99960,100,100060,100,99945,100,100081,100,99944,100,100084,100,99936,200,100087,100,99935,100,100090,100,99930,100,100103,100,99925,100
2019-06-28 09:34:00.232796319,100027,258,99981,258,100030,258,99977,358,100042,100,99976,100,100044,100,99960,100,100060,100,99945,100,100081,100,99944,100,100084,100,99936,200,100087,100,99935,100,100090,100,99930,100,100103,100,99925,100
2019-06-28 09:34:10.000000000,100027,207,99981,207,100030,204,99977,304,100042,204,99976,204,100044,100,99960,100,100060,100,99945,100,100081,100,99944,100,100084,100,99936,200,100087,100,99935,100,100090,100,99930,100,100103,100,99925,100
2019-06-28 09:34:14.009799666,100027,207,99981,207,100030,204,99977,304,100042,204,99976,204,100044,100,99960,100,100060,100,99945,100,100081,100,99944,100,100084,100,99936,200,100087,100,99935,100,100090,100,99930,100,100103,100,99925,100
2019-06-28 09:34:20.000000000,100027,207,99981,207,100030,204,99977,304,100042,204,99976,204,100044,100,99960,100,100060,100,99945,100,100081,100,99944,100,100084,100,99936,200,100087,100,99935,100,100090,100,99930,100,100103,100,99925,100
2019-06-28 09:34:25.529669282,100000,100,99981,207,100027,207,99977,304,100030,104,99976,204,100042,204,99960,100,100044,100,99945,100,100060,100,99944,100,100081,100,99936,200,100084,100,99935,100,100087,100,99930,100,100090,100,99925,100
2019-06-28 09:34:30.000000000,100000,258,99981,258,100027,258,99977,358,100042,100,99976,100,100044,100,99960,100,100060,100,99945,100,100081,100,99944,100,100084,100,99936,200,100087,100,99935,100,100090,100,99930,100,100103,100,99925,100
2019-06-28 09:34:40.000000000,100000,416,99981,416,100027,100,99977,200,100042,100,99976,100,100044,100,99960,100,100060,100,99945,100,100081,100,99944,100,100084,100,99936,200,100087,100,99935,100,100090,100,99930,100,100103,100,99925,100
2019-06-28 09:34:48.947102183,100000,316,99981,416,100027,100,99977,200,100042,100,99976,100,100044,100,99960,100,100060,100,99945,100,100081,100,99944,100,100084,100,99936,200,100087,100,99935,100,100090,100,99930,100,100103,100,99925,100
2019-06-28 09:34:50.000000000,100027,416,99981,416,100042,100,99977,200,100044,100,99976,100,100060,100,99960,100,100081,100,99945,100,100084,100,99944,100,100087,100,99936,200,100090,100,99935,100,100103,100,99930,100,100112,200,99925,100
2019-06-28 09:34:50.827592944,100027,416,99981,416,100042,100,99977,200,100044,100,99976,100,100060,100,99960,100,100081,100,99945,100,100084,100,99944,100,100087,100,99936,200,100090,100,99935,100,100103,100,99930,100,100112,200,99925,100
2019-06-28 09:34:57.641702825,100027,416,99981,516,100042,100,99977,200,100044,100,99976,100,100060,100,99960,100,100081,100,99945,100,100084,100,99944,100,100087,100,99936,200,100090,100,99935,100,100103,100,99930,100,100112,200,99925,100
2019-06-28 09:35:00.000000000,100027,179,99981,279,100042,179,99977,279,100044,179,99976,179,100060,179,99960,179,100081,100,99945,100,100084,100,99944,100,100087,100,99936,200,100090,100,99935,100,100103,100,99930,100,100112,200,99925,100
2019-06-28 09:35:10.000000000,100027,179,99981,279,100042,179,99977,279,100044,179,99976,179,100060,179,99960,179,100081,100,99945,100,100084,100,99944,100,100087,100,99936,200,100090,100,99935,100,100103,100,99930,100,100112,200,99925,100
2019-06-28 09:35:20.000000000,100027,207,99981,307,100042,204,99977,304,100044,204,99976,204,100060,100,99960,100,100081,100,99945,100,100084,100,99944,100,100087,100,99936,200,100090,100,99935,100,100103,100,99930,100,100112,200,99925,100
2019-06-28 09:35:28.646779628,100027,207,99981,307,100042,204,99977,304,100044,204,99976,204,100060,100,99960,100,100081,100,99945,100,100084,100,99944,100,100087,100,99936,200,100090,100,99935,100,100112,200,99930,100,100120,100,99925,100
2019-06-28 09:35:30.000000000,100027,258,99981,358,100042,258,99977,358,100044,100,99976,100,100060,100,99960,100,100081,100,99945,100,100084,100,99944,100,100087,100,99936,200,100090,100,99935,100,100112,200,99930,100,100120,100,99925,100
2019-06-28 09:35:40.000000000,100027,207,99981,307,100042,204,99977,304,100044,204,99976,204,100060,100,99960,100,100081,100,99945,100,100084,100,99944,100,100087,100,99936,200,100090,100,99935,100,100112,200,99930,100,100120,100,99925,100
2019-06-28 09:35:47.120847673,100027,107,99981,307,100042,204,99977,304,100044,204,99976,204,100060,100,99960,100,100081,100,99945,100,100084,100,99944,100,100087,100,99936,200,100090,100,99935,100,100112,200,99930,100,100120,100,99925,100
2019-06-28 09:35:50.000000000,100042,416,99981,516,100044,100,99977,200,100060,100,99976,100,100081,100,99960,100,100084,100,99945,100,100087,100,99944,100,100090,100,99936,200,100112,200,99935,100,100120,100,99930,100,100152,100,99925,100
2019-06-28 09:36:00.000000000,100042,179,99981,279,100044,179,99977,279,100060,179,99976,179,100081,179,99960,179,100084,100,99945,100,100087,100,99944,100,100090,100,99936,200,100112,200,99935,100,100120,100,99930,100,100152,100,99925,100
2019-06-28 09:36:10.000000000,100042,258,99981,358,100044,258,99977,358,100060,100,99976,100,100081,100,99960,100,100084,100,99945,100,100087,100,99944,100,100090,100,99936,200,100112,200,99935,100,100120,100,99930,100,100152,100,99925,100
2019-06-28 09:36:20.000000000,100042,416,99981,516,100044,100,99977,200,100060,100,99976,100,100081,100,99960,100,100084,100,99945,100,100087,100,99944,100,100090,100,99936,200,100112,200,99935,100,100120,100,99930,100,100152,100,99925,100
2019-06-28 09:36:30.000000000,100042,207,99981,307,100044,204,99977,304,100060,204,99976,204,100081,100,99960,100,100084,100,99945,100,100087,100,99944,100,100090,100,99936,200,100112,200,99935,100,100120,100,99930,100,100152,100,99925,100
2019-06-28 09:36:40.000000000,100042,179,99981,279,100044,179,99977,279,100060,179,99976,179,100081,179,99960,179,100084,100,99945,100,100087,100,99944,100,100090,100,99936,200,100112,200,99935,100,100120,100,99930,100,100152,100,99925,100
2019-06-28 09:36:50.000000000,100042,163,99981,263,100044,163,99977,263,100060,163,99976,163,100081,163,99960,163,100084,163,99945,163,100087,100,99944,100,100090,100,99936,200,100112,200,99935,100,100120,100,99930,100,100152,100,99925,100
2019-06-28 09:36:50.993657432,100042,63,99981,263,100044,163,99977,263,100060,163,99976,163,100081,163,99960,163,100084,163,99945,163,100087,100,99944,100,100090,100,99936,200,100112,200,99935,100,100120,100,99930,100,100152,100,99925,100
2019-06-28 09:36:51.557840056,100044,163,100042,37,100060,163,99981,263,100081,163,99977,263,100084,163,99976,163,100087,100,99960,163,100090,100,99945,163,100112,200,99944,100,100120,100,99936,200,100152,100,99935,100,100166,100,99930,100
2019-06-28 09:36:53.526426737,100044,163,100042,137,100060,163,99981,263,100081,163,99977,263,100084,163,99976,163,100087,100,99960,163,100090,100,99945,163,100112,200,99944,100,100120,100,99936,200,100152,100,99935,100,100166,100,99930,100
2019-06-28 09:36:56.658665609,100044,163,100042,137,100060,163,99981,263,100081,163,99977,263,100084,163,99976,163,100087,100,99960,163,100090,100,99945,163,100112,200,99944,100,100120,100,99936,200,100124,100,99935,100,100152,100,99930,100
2019-06-28 09:37:00.000000000,100044,258,100042,295,100060,258,99981,358,100081,100,99977,200,100084,100,99976,100,100087,100,99960,100,100090,100,99945,100,100112,200,99944,100,100120,100,99936,200,100124,100,99935,100,100152,100,99930,100
2019-06-28 09:37:01.835589081,100044,258,100042,395,100060,258,99981,258,100081,100,99977,200,100084,100,99976,100,100087,100,99960,100,100090,100,99945,100,100112,200,99944,100,100120,100,99936,200,100124,100,99935,100,100152,100,99930,100
2019-06-28 09:37:10.000000000,100044,163,100042,300,100060,163,99981,163,100081,163,99977,263,100084,163,99976,163,100087,163,99960,163,100090,100,99945,100,100112,200,99944,100,100120,100,99936,200,100124,100,99935,100,100152,100,99930,100
2019-06-28 09:37:20.000000000,100044,258,100042,395,100060,258,99981,258,100081,100,99977,200,100084,100,99976,100,100087,100,99960,100,100090,100,99945,100,100112,200,99944,100,100120,100,99936,200,100124,100,99935,100,100152,100,99930,100
2019-06-28 09:37:28.707125873,100044,158,100042,395,100060,258,99981,258,100081,100,99977,200,100084,100,99976,100,100087,100,99960,100,100090,100,99945,100,100112,200,99944,100,100120,100,99936,200,100124,100,99935,100,100152,100,99930,100
2019-06-28 09:37:30.000000000,100060,207,100042,344,100081,204,99981,204,100084,204,99977,304,100087,100,99976,100,100090,100,99960,100,100112,200,99945,100,100120,100,99944,100,100124,100,99936,200,100152,100,99935,100,100173,100,99930,100
2019-06-28 09:37:33.586323236,100060,207,100042,344,100081,204,99981,204,100084,204,99977,304,100087,100,99976,100,100090,100,99960,100,100112,200,99944,100,100120,100,99936,200,100124,100,99935,100,100152,100,99930,100,100173,100,99925,100
2019-06-28 09:37:40.000000000,100060,163,100042,300,100081,163,99981,163,100084,163,99977,263,100087,163,99976,163,100090,163,99960,163,100112,200,99944,100,100120,100,99936,200,100124,100,99935,100,100152,100,99930,100,100173,100,99925,100
2019-06-28 09:37:50.000000000,100060,416,100042,553,100081,100,99981,100,100084,100,99977,200,100087,100,99976,100,100090,100,99960,100,100112,200,99944,100,100120,100,99936,200,100124,100,99935,100,100152,100,99930,100,100173,100,99925,100
2019-06-28 09:38:00.000000000,100060,258,100042,395,100081,258,99981,258,100084,100,99977,200,100087,100,99976,100,100090,100,99960,100,100112,200,99944,100,100120,100,99936,200,100124,100,99935,100,100152,100,99930,100,100173,100,99925,100
2019-06-28 09:38:07.002443008,100060,258,100042,395,100081,258,99981,258,100084,100,99977,200,100087,100,99976,100,100090,100,99960,100,100112,200,99944,100,100120,100,99936,200,100124,100,99935,100,100152,100,99930,100,100173,100,99925,100
2019-06-28 09:38:10.000000000,100060,163,100042,300,100081,163,99981,163,100084,163,99977,263,100087,163,99976,163,100090,163,99960,163,100112,200,99944,100,100120,100,99936,200,100124,100,99935,100,100152,100,99930,100,100173,100,99925,100
2019-06-28 09:38:20.000000000,100060,179,100042,316,100081,179,99981,179,100084,179,99977,279,100087,179,99976,179,100090,100,99960,100,100112,200,99944,100,100120,100,99936,200,100124,100,99935,100,100152,100,99930,100,100173,100,99925,100
2019-06-28 09:38:26.908434701,100060,179,100043,100,100081,179,100042,316,100084,179,99981,179,100087,179,99977,279,100090,100,99976,179,100112,200,99960,100,100120,100,99944,100,100124,100,99936,200,100152,100,99935,100,100173,100,99930,100
2019-06-28 09:38:30.000000000,100060,416,100043,416,100081,100,100042,237,100084,100,99981,100,100087,100,99977,200,100090,100,99976,100,100112,200,99960,100,100120,100,99944,100,100124,100,99936,200,100152,100,99935,100,100173,100,99930,100
2019-06-28 09:38:30.565534223,100060,416,100043,416,100081,100,100042,237,100084,100,99981,100,100090,100,99977,200,100112,200,99976,100,100120,100,99960,100,100124,100,99944,100,100152,100,99936,200,100173,100,99935,100,100180,100,99930,100
2019-06-28 09:38:40.000000000,100060,163,100043,163,100081,163,100042,300,100084,163,99981,163,100090,163,99977,263,100112,263,99976,163,100120,100,99960,100,100124,100,99944,100,100152,100,99936,200,100173,100,99935,100,100180,100,99930,100
2019-06-28 09:38:48.631069938,100060,63,100043,163,100081,163,100042,300,100084,163,99981,163,100090,163,99977,263,100112,263,99976,163,100120,100,99960,100,100124,100,99944,100,100152,100,99936,200,100173,100,99935,100,100180,100,99930,100
2019-06-28 09:38:50.000000000,100081,179,100043,179,100084,179,100042,316,100090,179,99981,179,100112,279,99977,279,100120,100,99976,100,100124,100,99960,100,100152,100,99944,100,100173,100,99936,200,100180,100,99935,100,100181,100,99930,100
2019-06-28 09:38:57.228541662,100081,179,100044,100,100084,179,100043,179,100090,179,100042,316,100112,279,99981,179,100120,100,99977,279,100124,100,99976,100,100152,100,99960,100,100173,100,99944,100,100180,100,99936,200,100181,100,99935,100
2019-06-28 09:39:00.000000000,100081,207,100044,207,100084,204,100043,204,100090,204,100042,341,100112,200,99981,100,100120,100,99977,200,100124,100,99976,100,100152,100,99960,100,100173,100,99944,100,100180,100,99936,200,100181,100,99935,100
2019-06-28 09:39:05.738023396,100081,207,100044,207,100084,204,100043,204,100090,204,100042,341,100112,200,99981,100,100120,100,99977,200,100124,100,99976,100,100152,100,99960,100,100173,100,99944,100,100180,100,99936,200,100181,100,99935,100
2019-06-28 09:39:08.434578136,100081,107,100044,207,100084,204,100043,204,100090,204,100042,341,100112,200,99981,100,100120,100,99977,200,100124,100,99976,100,100152,100,99960,100,100173,100,99944,100,100180,100,99936,200,100181,100,99935,100
2019-06-28 09:39:10.000000000,100084,163,100044,163,100090,163,100043,163,100112,263,100042,300,100120,163,99981,163,100124,163,99977,263,100152,100,99976,100,100173,100,99960,100,100180,100,99944,100,100181,100,99936,200,100291,100,99935,100
2019-06-28 09:39:11.214679203,100084,163,100060,100,100090,163,100044,163,100112,263,100043,163,100120,163,100042,300,100124,163,99981,163,100152,100,99977,263,100173,100,99976,100,100180,100,99960,100,100181,100,99944,100,100291,100,99936,200
2019-06-28 09:39:20.000000000,100084,258,100060,258,100090,258,100044,258,100112,200,100043,100,100120,100,100042,237,100124,100,99981,100,100152,100,99977,200,100173,100,99976,100,100180,100,99960,100,100181,100,99944,100,100291,100,99936,200
2019-06-28 09:39:30.000000000,100084,207,100060,207,100090,204,100044,204,100112,304,100043,204,100120,100,100042,237,100124,100,99981,100,100152,100,99977,200,100173,100,99976,100,100180,100,99960,100,100181,100,99944,100,100291,100,99936,200
2019-06-28 09:39:40.000000000,100084,258,100060,258,100090,258,100044,258,100112,200,100043,100,100120,100,100042,237,100124,100,99981,100,100152,100,99977,200,100173,100,99976,100,100180,100,99960,100,100181,100,99944,100,100291,100,99936,200
2019-06-28 09:39:50.000000000,100084,258,100060,258,100090,258,100044,258,100112,200,100043,100,100120,100,100042,237,100124,100,99981,100,100152,100,99977,200,100173,100,99976,100,100180,100,99960,100,100181,100,99944,100,100291,100,99936,200
2019-06-28 09:39:51.677222457,100084,258,100060,258,100090,258,100044,258,100112,200,100043,100,100120,100,100042,237,100124,100,99981,100,100173,100,99977,200,100180,100,99976,100,100181,100,99960,100,100291,100,99944,100,100298,100,99936,200
2019-06-28 09:39:53.563937376,100084,158,100060,258,100090,258,100044,258,100112,200,100043,100,100120,100,100042,237,100124,100,99981,100,100173,100,99977,200,100180,100,99976,100,100181,100,99960,100,100291,100,99944,100,100298,100,99936,200
2019-06-28 09:40:00.000000000,100090,258,100060,258,100112,358,100044,258,100120,100,100043,100,100124,100,100042,237,100173,100,99981,100,100180,100,99977,200,100181,100,99976,100,100291,100,99960,100,100298,100,99944,100,100328,100,99936,200
2019-06-28 09:40:04.104784501,100090,258,100060,258,100112,358,100044,258,100120,100,100043,100,100124,100,100042,237,100173,100,99981,100,100180,100,99977,200,100181,100,99976,100,100291,100,99960,100,100298,100,99944,100,100328,100,99936,200
2019-06-28 09:40:10.000000000,100090,258,100060,258,100112,358,100044,258,100120,100,100043,100,100124,100,100042,237,100173,100,99981,100,100180,100,99977,200,100181,100,99976,100,100291,100,99960,100,100298,100,99944,100,100328,100,99936,200
2019-06-28 09:40:17.113420551,100090,158,100060,258,100112,358,100044,258,100120,100,100043,100,100124,100,100042,237,100173,100,99981,100,100181,100,99977,200,100291,100,99976,100,100298,100,99960,100,100328,100,99944,100,100339,100,99936,200
2019-06-28 09:40:20.000000000,100112,279,100060,179,100120,179,100044,179,100124,179,100043,179,100173,179,100042,316,100181,100,99981,100,100291,100,99977,200,100298,100,99976,100,100328,100,99960,100,100339,100,99944,100,100472,100,99936,200
2019-06-28 09:40:30.000000000,100112,307,100060,207,100120,204,100044,204,100124,204,100043,204,100173,100,100042,237,100181,100,99981,100,100291,100,99977,200,100298,100,99976,100,100328,100,99960,100,100339,100,99944,100,100472,100,99936,200
2019-06-28 09:40:40.000000000,100112,279,100060,179,100120,179,100044,179,100124,179,100043,179,100173,179,100042,316,100181,100,99981,100,100291,100,99977,200,100298,100,99976,100,100328,100,99960,100,100339,100,99944,100,100472,100,99936,200
2019-06-28 09:40:50.000000000,100112,307,100060,207,100120,204,100044,204,100124,204,100043,204,100173,100,100042,237,100181,100,99981,100,100291,100,99977,200,100298,100,99976,100,100328,100,99960,100,100339,100,99944,100,100472,100,99936,200
2019-06-28 09:40:51.477986802,100112,207,100060,207,100120,204,100044,204,100124,204,100043,204,100173,100,100042,237,100181,100,99981,100,100291,100,99977,200,100298,100,99976,100,100328,100,99960,100,100339,100,99944,100,100824,100,99936,200
2019-06-28 09:41:00.000000000,100112,207,100060,207,100120,204,100044,204,100124,204,100043,204,100173,100,100042,237,100181,100,99981,100,100291,100,99977,200,100298,100,99976,100,100328,100,99960,100,100339,100,99944,100,100824,100,99936,200
2019-06-28 09:41:10.000000000,100112,179,100060,179,100120,179,100044,179,100124,179,100043,179,100173,179,100042,316,100181,100,99981,100,100291,100,99977,200,100298,100,99976,100,100328,100,99960,100,100339,100,99944,100,100824,100,99936,200
2019-06-28 09:41:20.000000000,100112,258,100060,258,100120,258,100044,258,100124,100,100043,100,100173,100,100042,237,100181,100,99981,100,100291,100,99977,200,100298,100,99976,100,100328,100,99960,100,100339,100,99944,100,100824,100,99936,200
2019-06-28 09:41:30.000000000,100112,258,100060,258,100120,258,100044,258,100124,100,100043,100,100173,100,100042,237,100181,100,99981,100,100291,100,99977,200,100298,100,99976,100,100328,100,99960,100,100339,100,99944,100,100824,100,99936,200
2019-06-28 09:41:40.000000000,100112,258,100060,258,100120,258,100044,258,100124,100,100043,100,100173,100,100042,237,100181,100,99981,100,100291,100,99977,200,100298,100,99976,100,100328,100,99960,100,100339,100,99944,100,100824,100,99936,200
2019-06-28 09:41:50.000000000,100112,207,100060,207,100120,204,100044,204,100124,204,100043,204,100173,100,100042,237,100181,100,99981,100,100291,100,99977,200,100298,100,99976,100,100328,100,99960,100,100339,100,99944,100,100824,100,99936,200
2019-06-28 09:41:58.544289628,100112,207,100060,207,100120,204,100044,204,100124,204,100043,204,100173,100,100042,237,100181,100,99981,100,100291,100,99977,200,100298,100,99976,100,100328,100,99960,100,100339,100,99944,100,100824,100,99936,200
2019-06-28 09:42:00.000000000,100112,179,100060,179,100120,179,100044,179,100124,179,100043,179,100173,179,100042,316,100181,100,99981,100,100291,100,99977,200,100298,100,99976,100,100328,100,99960,100,100339,100,99944,100,100824,100,99936,200
2019-06-28 09:42:10.000000000,100112,416,100060,416,100120,100,100044,100,100124,100,100043,100,100173,100,100042,237,100181,100,99981,100,100291,100,99977,200,100298,100,99976,100,100328,100,99960,100,100339,100,99944,100,100824,100,99936,200
2019-06-28 09:42:20.000000000,100112,207,100060,207,100120,204,100044,204,100124,204,100043,204,100173,100,100042,237,100181,100,99981,100,100291,100,99977,200,100298,100,99976,100,100328,100,99960,100,100339,100,99944,100,100824,100,99936,200
2019-06-28 09:42:30.000000000,100112,258,100060,258,100120,258,100044,258,100124,100,100043,100,100173,100,100042,237,100181,100,99981,100,100291,100,99977,200,100298,100,99976,100,100328,100,99960,100,100339,100,99944,100,100824,100,99936,200
2019-06-28 09:42:32.628357655,100112,158,100060,258,100120,258,100044,258,100124,100,100043,100,100173,100,100042,237,100181,100,99981,100,100291,100,99977,200,100298,100,99976,100,100328,100,99960,100,100339,100,99944,100,100824,100,99936,200
2019-06-28 09:42:40.000000000,100120,258,100060,258,100124,258,100044,258,100173,100,100043,100,100181,100,100042,237,100291,100,99981,100,100298,100,99977,200,100328,100,99976,100,100339,100,99960,100,100824,100,99944,100,100838,100,99936,200
2019-06-28 09:42:50.000000000,100120,416,100060,416,100124,100,100044,100,100173,100,100043,100,100181,100,100042,237,100291,100,99981,100,100298,100,99977,200,100328,100,99976,100,100339,100,99960,100,100824,100,99944,100,100838,100,99936,200
2019-06-28 09:43:00.000000000,100120,416,100060,416,100124,100,100044,100,100173,100,100043,100,100181,100,100042,237,100291,100,99981,100,100298,100,99977,200,100328,100,99976,100,100339,100,99960,100,100824,100,99944,100,100838,100,99936,200
2019-06-28 09:43:10.000000000,100120,258,100060,258,100124,258,100044,258,100173,100,100043,100,100181,100,100042,237,100291,100,99981,100,100298,100,99977,200,100328,100,99976,100,100339,100,99960,100,100824,100,99944,100,100838,100,99936,200
2019-06-28 09:43:20.000000000,100120,207,100060,207,100124,204,100044,204,100173,204,100043,204,100181,100,100042,237,100291,100,99981,100,100298,100,99977,200,100328,100,99976,100,100339,100,99960,100,100824,100,99944,100,100838,100,99936,200
2019-06-28 09:43:29.357831522,100120,107,100060,207,100124,204,100044,204,100173,204,100043,204,100181,100,100042,237,100291,100,99981,100,100298,100,99977,200,100328,100,99976,100,100339,100,99960,100,100824,100,99944,100,100838,100,99936,200
2019-06-28 09:43:30.000000000,100124,416,100060,416,100173,100,100044,100,100181,100,100043,100,100291,100,100042,237,100298,100,99981,100,100328,100,99977,200,100339,100,99976,100,100824,100,99960,100,100838,100,99944,100,100998,100,99936,200
2019-06-28 09:43:40.000000000,100124,207,100060,207,100173,204,100044,204,100181,204,100043,204,100291,100,100042,237,100298,100,99981,100,100328,100,99977,200,100339,100,99976,100,100824,100,99960,100,100838,100,99944,100,100998,100,99936,200
2019-06-28 09:43:50.000000000,100124,179,100060,179,100173,179,100044,179,100181,179,100043,179,100291,179,100042,316,100298,100,99981,100,100328,100,99977,200,100339,100,99976,100,100824,100,99960,100,100838,100,99944,100,100998,100,99936,200
2019-06-28 09:44:00.000000000,100124,207,100060,207,100173,204,100044,204,100181,204,100043,204,100291,100,100042,237,100298,100,99981,100,100328,100,99977,200,100339,100,99976,100,100824,100,99960,100,100838,100,99944,100,100998,100,99936,200
2019-06-28 09:44:01.706221834,100124,107,100060,207,100173,204,100044,204,100181,204,100043,204,100291,100,100042,237,100298,100,99981,100,100328,100,99977,200,100339,100,99976,100,100824,100,99960,100,100838,100,99944,100,100998,100,99936,200
2019-06-28 09:44:04.494457640,100124,107,100120,100,100173,204,100060,207,100181,204,100044,204,100291,100,100043,204,100298,100,100042,237,100328,100,99981,100,100339,100,99977,200,100824,100,99976,100,100838,100,99960,100,100998,100,99944,100
2019-06-28 09:44:07.626608094,100124,107,100120,200,100173,204,100060,207,100181,204,100044,204,100291,100,100043,204,100298,100,100042,237,100328,100,99981,100,100339,100,99977,100,100824,100,99976,100,100838,100,99960,100,100998,100,99944,100
2019-06-28 09:44:09.819986416,100124,7,100120,200,100173,204,100060,207,100181,204,100044,204,100291,100,100043,204,100298,100,100042,237,100328,100,99981,100,100339,100,99977,100,100824,100,99976,100,100838,100,99960,100,100998,100,99944,100
2019-06-28 09:44:10.000000000,100173,163,100120,263,100181,163,100060,163,100291,163,100044,163,100298,163,100043,163,100328,163,100042,300,100339,100,99981,100,100824,100,99977,100,100838,100,99976,100,100998,100,99960,100,101055,100,99944,100
2019-06-28 09:44:20.000000000,100173,207,100120,307,100181,204,100060,204,100291,204,100044,204,100298,100,100043,100,100328,100,100042,237,100339,100,99981,100,100824,100,99977,100,100838,100,99976,100,100998,100,99960,100,101055,100,99944,100
2019-06-28 09:44:30.000000000,100173,179,100120,279,100181,179,100060,179,100291,179,100044,179,100298,179,100043,179,100328,100,100042,237,100339,100,99981,100,100824,100,99977,100,100838,100,99976,100,100998,100,99960,100,101055,100,99944,100
2019-06-28 09:44:40.000000000,100173,416,100120,516,100181,100,100060,100,100291,100,100044,100,100298,100,100043,100,100328,100,100042,237,100339,100,99981,100,100824,100,99977,100,100838,100,99976,100,100998,100,99960,100,101055,100,99944,100
2019-06-28 09:44:42.219668345,100173,416,100120,516,100181,100,100060,100,100291,100,100044,100,100298,100,100043,100,100328,100,100042,237,100339,100,99977,100,100824,100,99976,100,100838,100,99960,100,100998,100,99944,100,101055,100,99936,200
2019-06-28 09:44:50.000000000,100173,416,100120,516,100181,100,100060,100,100291,100,100044,100,100298,100,100043,100,100328,100,100042,237,100339,100,99977,100,100824,100,99976,100,100838,100,99960,100,100998,100,99944,100,101055,100,99936,200
2019-06-28 09:44:52.644321570,100173,416,100120,516,100181,100,100060,100,100291,100,100044,100,100298,100,100043,100,100328,100,100042,237,100339,100,99977,100,100824,100,99976,100,100838,100,99960,100,100998,100,99944,100,101055,100,99936,200
2019-06-28 09:45:00.000000000,100173,416,100120,516,100181,100,100060,100,100291,100,100044,100,100298,100,100043,100,100328,100,100042,237,100339,100,99977,100,100824,100,99976,100,100838,100,99960,100,100998,100,99944,100,101055,100,99936,200
2019-06-28 09:45:10.000000000,100173,179,100120,279,100181,179,100060,179,100291,179,100044,179,100298,179,100043,179,100328,100,100042,237,100339,100,99977,100,100824,100,99976,100,100838,100,99960,100,100998,100,99944,100,101055,100,99936,200
2019-06-28 09:45:20.000000000,100173,179,100120,279,100181,179,100060,179,100291,179,100044,179,100298,179,100043,179,100328,100,100042,237,100339,100,99977,100,100824,100,99976,100,100838,100,99960,100,100998,100,99944,100,101055,100,99936,200
2019-06-28 09:45:30.000000000,100173,163,100120,263,100181,163,100060,163,100291,163,100044,163,100298,163,100043,163,100328,163,100042,300,100339,100,99977,100,100824,100,99976,100,100838,100,99960,100,100998,100,99944,100,101055,100,99936,200
2019-06-28 09:45:32.985866835,100173,63,100120,263,100181,163,100060,163,100291,163,100044,163,100298,163,100043,163,100328,163,100042,300,100339,100,99977,100,100824,100,99976,100,100838,100,99960,100,100998,100,99944,100,101055,100,99936,200
2019-06-28 09:45:33.882912169,100173,63,100124,100,100181,163,100120,263,100291,163,100060,163,100298,163,100044,163,100328,163,100043,163,100339,100,100042,300,100824,100,99977,100,100838,100,99976,100,100998,100,99960,100,101055,100,99944,100
2019-06-28 09:45:34.972843495,100173,63,100124,200,100181,163,100120,263,100291,163,100060,163,100298,163,100044,163,100328,163,100043,163,100339,100,100042,200,100824,100,99977,100,100838,100,99976,100,100998,100,99960,100,101055,100,99944,100
2019-06-28 09:45:40.000000000,100181,163,100124,263,100291,163,100120,263,100298,163,100060,163,100328,163,100044,163,100339,163,100043,163,100824,100,100042,137,100838,100,99977,100,100998,100,99976,100,101055,100,99960,100,101144,100,99944,100
2019-06-28 09:45:46.020370069,100181,163,100124,263,100291,163,100120,263,100298,163,100060,163,100328,163,100044,163,100339,163,100043,63,100824,100,100042,137,100838,100,99977,100,100998,100,99976,100,101055,100,99960,100,101144,100,99944,100
2019-06-28 09:45:50.000000000,100181,163,100124,263,100291,163,100120,263,100298,163,100060,163,100328,163,100044,163,100339,163,100042,200,100824,100,99977,100,100838,100,99976,100,100998,100,99960,100,101055,100,99944,100,101144,100,99936,200
2019-06-28 09:46:00.000000000,100181,258,100124,358,100291,258,100120,358,100298,100,100060,100,100328,100,100044,100,100339,100,100042,137,100824,100,99977,100,100838,100,99976,100,100998,100,99960,100,101055,100,99944,100,101144,100,99936,200
2019-06-28 09:46:10.000000000,100181,258,100124,358,100291,258,100120,358,100298,100,100060,100,100328,100,100044,100,100339,100,100042,137,100824,100,99977,100,100838,100,99976,100,100998,100,99960,100,101055,100,99944,100,101144,100,99936,200
2019-06-28 09:46:11.691663457,100181,258,100124,358,100291,258,100120,358,100298,100,100060,100,100328,100,100044,100,100339,100,100042,137,100824,100,99977,100,100838,100,99976,100,100998,100,99960,100,101055,100,99944,100,101144,100,99936,200
2019-06-28 09:46:20.000000000,100181,163,100124,263,100291,163,100120,263,100298,163,100060,163,100328,163,100044,163,100339,163,100042,200,100824,100,99977,100,100838,100,99976,100,100998,100,99960,100,101055,100,99944,100,101144,100,99936,200
2019-06-28 09:46:30.000000000,100181,258,100124,358,100291,258,100120,358,100298,100,100060,100,100328,100,100044,100,100339,100,100042,137,100824,100,99977,100,100838,100,99976,100,100998,100,99960,100,101055,100,99944,100,101144,100,99936,200
2019-06-28 09:46:30.346984951,100181,258,100124,358,100291,258,100120,358,100298,100,100060,100,100328,100,100044,100,100339,100,100042,137,100824,100,99977,100,100838,100,99976,100,100998,100,99960,100,101055,100,99944,100,101144,100,99936,200
2019-06-28 09:46:32.725369020,100181,258,100124,358,100291,258,100120,358,100328,100,100060,100,100339,100,100044,100,100824,100,100042,137,100838,100,99977,100,100998,100,99976,100,101055,100,99960,100,101144,100,99944,100,101201,100,99936,200
2019-06-28 09:46:40.000000000,100181,163,100124,263,100291,163,100120,263,100328,163,100060,163,100339,163,100044,163,100824,163,100042,200,100838,100,99977,100,100998,100,99976,100,101055,100,99960,100,101144,100,99944,100,101201,100,99936,200
2019-06-28 09:46:50.000000000,100181,179,100124,279,100291,179,100120,279,100328,179,100060,179,100339,179,100044,179,100824,100,100042,137,100838,100,99977,100,100998,100,99976,100,101055,100,99960,100,101144,100,99944,100,101201,100,99936,200
2019-06-28 09:47:00.000000000,100181,163,100124,263,100291,163,100120,263,100328,163,100060,163,100339,163,100044,163,100824,163,100042,200,100838,100,99977,100,100998,100,99976,100,101055,100,99960,100,101144,100,99944,100,101201,100,99936,200
2019-06-28 09:47:04.546069283,100181,163,100124,263,100291,163,100120,263,100328,163,100060,163,100339,163,100044,163,100750,100,100042,200,100824,163,99977,100,100838,100,99976,100,101055,100,99960,100,101144,100,99944,100,101201,100,99936,200
2019-06-28 09:47:06.233622216,100181,63,100124,263,100291,163,100120,263,100328,163,100060,163,100339,163,100044,163,100750,100,100042,200,100824,163,99977,100,100838,100,99976,100,101055,100,99960,100,101144,100,99944,100,101201,100,99936,200
2019-06-28 09:47:09.578265106,100291,163,100181,37,100328,163,100124,263,100339,163,100120,263,100750,100,100060,163,100824,163,100044,163,100838,100,100042,200,101055,100,99977,100,101144,100,99976,100,101201,100,99960,100,101360,100,99944,100
2019-06-28 09:47:10.000000000,100291,258,100181,195,100328,258,100124,358,100339,100,100120,200,100750,100,100060,100,100824,100,100044,100,100838,100,100042,137,101055,100,99977,100,101144,100,99976,100,101201,100,99960,100,101360,100,99944,100
2019-06-28 09:47:18.480476480,100291,158,100181,195,100328,258,100124,358,100339,100,100120,200,100750,100,100060,100,100838,100,100044,100,101055,100,100042,137,101144,100,99977,100,101201,100,99976,100,101360,100,99960,100,101374,100,99944,100
2019-06-28 09:47:20.000000000,100328,416,100181,353,100339,100,100124,200,100750,100,100120,200,100838,100,100060,100,101055,100,100044,100,101144,100,100042,137,101201,100,99977,100,101360,100,99976,100,101374,100,99960,100,101590,100,99944,100
2019-06-28 09:47:22.164839471,100328,416,100181,353,100339,100,100124,200,100727,100,100120,200,100750,100,100060,100,100838,100,100044,100,101055,100,100042,137,101144,100,99977,100,101201,100,99976,100,101360,100,99960,100,101374,100,99944,100
2019-06-28 09:47:30.000000000,100328,416,100181,353,100339,100,100124,200,100727,100,100120,200,100750,100,100060,100,100838,100,100044,100,101055,100,100042,137,101144,100,99977,100,101201,100,99976,100,101360,100,99960,100,101374,100,99944,100
2019-06-28 09:47:39.454037979,100328,416,100182,100,100339,100,100181,353,100727,100,100124,100,100750,100,100120,200,100838,100,100060,100,101055,100,100044,100,101144,100,100042,137,101201,100,99977,100,101360,100,99976,100,101374,100,99960,100
2019-06-28 09:47:40.000000000,100328,179,100182,179,100339,179,100181,116,100727,179,100124,179,100750,179,100120,279,100838,100,100060,100,101055,100,100044,100,101144,100,100042,137,101201,100,99977,100,101360,100,99976,100,101374,100,99960,100
2019-06-28 09:47:50.000000000,100328,163,100182,163,100339,163,100181,100,100727,163,100124,163,100750,163,100120,263,100838,163,100060,163,101055,100,100044,100,101144,100,100042,137,101201,100,99977,100,101360,100,99976,100,101374,100,99960,100
2019-06-28 09:47:59.099493318,100328,163,100182,163,100339,163,100181,100,100727,163,100124,163,100750,163,100120,263,100838,163,100060,163,101055,100,100044,100,101144,100,100042,37,101201,100,99977,100,101360,100,99976,100,101374,100,99960,100
2019-06-28 09:48:00.000000000,100328,207,100182,207,100339,204,100181,141,100727,204,100124,204,100750,100,100120,200,100838,100,100060,100,101055,100,100044,100,101144,100,100042,37,101201,100,99977,100,101360,100,99976,100,101374,100,99960,100
2019-06-28 09:48:04.938940303,100328,107,100182,207,100339,204,100181,141,100727,204,100124,204,100750,100,100120,200,100838,100,100060,100,101055,100,100044,100,101144,100,100042,37,101201,100,99977,100,101360,100,99976,100,101374,100,99960,100
2019-06-28 09:48:07.995997720,100328,107,100182,207,100339,204,100181,141,100727,204,100124,204,100743,100,100120,200,100750,100,100060,100,100838,100,100044,100,101055,100,100042,37,101144,100,99977,100,101201,100,99976,100,101360,100,99960,100
2019-06-28 09:48:10.000000000,100339,179,100182,179,100727,179,100181,116,100743,179,100124,179,100750,179,100120,279,100838,100,100060,100,101055,100,100044,100,101144,100,100042,37,101201,100,99977,100,101360,100,99976,100,101374,100,99960,100
2019-06-28 09:48:20.000000000,100339,258,100182,258,100727,258,100181,195,100743,100,100124,100,100750,100,100120,200,100838,100,100060,100,101055,100,100044,100,101144,100,100042,37,101201,100,99977,100,101360,100,99976,100,101374,100,99960,100
2019-06-28 09:48:22.360199631,100339,258,100182,258,100727,258,100181,195,100743,100,100124,100,100750,100,100120,200,100838,100,100060,100,100909,100,100044,100,101055,100,100042,37,101144,100,99977,100,101201,100,99976,100,101360,100,99960,100
2019-06-28 09:48:30.000000000,100339,258,100182,258,100727,258,100181,195,100743,100,100124,100,100750,100,100120,200,100838,100,100060,100,100909,100,100044,100,101055,100,100042,37,101144,100,99977,100,101201,100,99976,100,101360,100,99960,100
2019-06-28 09:48:40.000000000,100339,416,100182,416,100727,100,100181,37,100743,100,100124,100,100750,100,100120,200,100838,100,100060,100,100909,100,100044,100,101055,100,100042,37,101144,100,99977,100,101201,100,99976,100,101360,100,99960,100
2019-06-28 09:48:50.000000000,100339,179,100182,179,100727,179,100181,116,100743,179,100124,179,100750,179,100120,279,100838,100,100060,100,100909,100,100044,100,101055,100,100042,37,101144,100,99977,100,101201,100,99976,100,101360,100,99960,100
2019-06-28 09:49:00.000000000,100339,163,100182,163,100727,163,100181,100,100743,163,100124,163,100750,163,100120,263,100838,163,100060,163,100909,100,100044,100,101055,100,100042,37,101144,100,99977,100,101201,100,99976,100,101360,100,99960,100
2019-06-28 09:49:10.000000000,100339,179,100182,179,100727,179,100181,116,100743,179,100124,179,100750,179,100120,279,100838,100,100060,100,100909,100,100044,100,101055,100,100042,37,101144,100,99977,100,101201,100,99976,100,101360,100,99960,100
2019-06-28 09:49:20.000000000,100339,179,100182,179,100727,179,100181,116,100743,179,100124,179,100750,179,100120,279,100838,100,100060,100,100909,100,100044,100,101055,100,100042,37,101144,100,99977,100,101201,100,99976,100,101360,100,99960,100
2019-06-28 09:49:30.000000000,100339,179,100182,179,100727,179,100181,116,100743,179,100124,179,100750,179,100120,279,100838,100,100060,100,100909,100,100044,100,101055,100,100042,37,101144,100,99977,100,101201,100,99976,100,101360,100,99960,100
2019-06-28 09:49:40.000000000,100339,416,100182,416,100727,100,100181,37,100743,100,100124,100,100750,100,100120,200,100838,100,100060,100,100909,100,100044,100,101055,100,100042,37,101144,100,99977,100,101201,100,99976,100,101360,100,99960,100
2019-06-28 09:49:50.000000000,100339,179,100182,179,100727,179,100181,116,100743,179,100124,179,100750,179,100120,279,100838,100,100060,100,100909,100,100044,100,101055,100,100042,37,101144,100,99977,100,101201,100,99976,100,101360,100,99960,100
2019-06-28 09:50:00.000000000,100339,163,100182,163,100727,163,100181,100,100743,163,100124,163,100750,163,100120,263,100838,163,100060,163,100909,100,100044,100,101055,100,100042,37,101144,100,99977,100,101201,100,99976,100,101360,100,99960,100
2019-06-28 09:50:10.000000000,100339,207,100182,207,100727,204,100181,141,100743,204,100124,204,100750,100,100120,200,100838,100,100060,100,100909,100,100044,100,101055,100,100042,37,101144,100,99977,100,101201,100,99976,100,101360,100,99960,100
2019-06-28 09:50:14.403439423,100339,207,100182,207,100727,204,100181,141,100743,204,100124,204,100750,100,100120,200,100838,100,100060,100,100909,100,100044,100,101055,100,100042,37,101144,100,99977,100,101201,100,99976,100,101360,100,99960,100
2019-06-28 09:50:18.457387525,100339,207,100182,107,100727,204,100181,141,100743,204,100124,204,100750,100,100120,200,100838,100,100060,100,100909,100,100044,100,101055,100,100042,37,101144,100,99977,100,101201,100,99976,100,101360,100,99960,100
2019-06-28 09:50:20.000000000,100339,207,100181,144,100727,204,100124,204,100743,204,100120,304,100750,100,100060,100,100838,100,100044,100,100909,100,100042,37,101055,100,99977,100,101144,100,99976,100,101201,100,99960,100,101360,100,99944,100
2019-06-28 09:50:24.205014162,100339,207,100181,144,100727,204,100124,204,100743,204,100120,304,100750,100,100060,100,100838,100,100044,100,100909,100,100042,37,101144,100,99977,100,101201,100,99976,100,101360,100,99960,100,101374,100,99944,100
2019-06-28 09:50:30.000000000,100339,207,100181,144,100727,204,100124,204,100743,204,100120,304,100750,100,100060,100,100838,100,100044,100,100909,100,100042,37,101144,100,99977,100,101201,100,99976,100,101360,100,99960,100,101374,100,99944,100
2019-06-28 09:50:40.000000000,100339,179,100181,116,100727,179,100124,179,100743,179,100120,279,100750,179,100060,179,100838,100,100044,100,100909,100,100042,37,101144,100,99977,100,101201,100,99976,100,101360,100,99960,100,101374,100,99944,100
2019-06-28 09:50:50.000000000,100339,179,100181,116,100727,179,100124,179,100743,179,100120,279,100750,179,100060,179,100838,100,100044,100,100909,100,100042,37,101144,100,99977,100,101201,100,99976,100,101360,100,99960,100,101374,100,99944,100
2019-06-28 09:50:53.855668061,100339,179,100181,16,100727,179,100124,179,100743,179,100120,279,100750,179,100060,179,100838,100,100044,100,100909,100,100042,37,101144,100,99977,100,101201,100,99976,100,101360,100,99960,100,101374,100,99944,100
2019-06-28 09:51:00.000000000,100339,207,100124,207,100727,204,100120,304,100743,204,100060,204,100750,100,100044,100,100838,100,100042,37,100909,100,99977,100,101144,100,99976,100,101201,100,99960,100,101360,100,99944,100,101374,100,99936,200
2019-06-28 09:51:06.222428584,100182,100,100124,207,100339,207,100120,304,100727,204,100060,204,100743,204,100044,100,100750,100,100042,37,100838,100,99977,100,100909,100,99976,100,101144,100,99960,100,101201,100,99944,100,101360,100,99936,200
2019-06-28 09:51:07.309546388,100182,100,100124,107,100339,207,100120,304,100727,204,100060,204,100743,204,100044,100,100750,100,100042,37,100838,100,99977,100,100909,100,99976,100,101144,100,99960,100,101201,100,99944,100,101360,100,99936,200
2019-06-28 09:51:10.000000000,100182,179,100120,279,100339,179,100060,179,100727,179,100044,179,100743,179,100042,116,100750,100,99977,100,100838,100,99976,100,100909,100,99960,100,101144,100,99944,100,101201,100,99936,200,101360,100,99930,100
2019-06-28 09:51:12.385490046,100181,100,100120,279,100182,179,100060,179,100339,179,100044,179,100727,179,100042,116,100743,179,99976,100,100750,100,99960,100,100838,100,99944,100,100909,100,99936,200,101144,100,99930,100,101201,100,99925,100
2019-06-28 09:51:12.510517458,100181,100,100120,279,100182,179,100060,179,100339,179,100044,179,100727,179,100042,116,100743,179,99976,100,100750,100,99960,100,100838,100,99936,200,100909,100,99930,100,101144,100,99925,100,101201,100,99823,100
2019-06-28 09:51:17.106639611,100181,100,100120,279,100182,179,100060,179,100339,179,100044,179,100727,179,100042,116,100743,179,99976,100,100750,100,99960,100,100838,100,99936,200,100909,100,99930,100,101144,100,99925,100,101201,100,99823,100
2019-06-28 09:51:20.000000000,100181,258,100120,358,100182,258,100060,258,100339,100,100044,100,100727,100,100042,37,100743,100,99976,100,100750,100,99960,100,100838,100,99936,200,100909,100,99930,100,101144,100,99925,100,101201,100,99823,100
2019-06-28 09:51:25.103381743,100181,358,100120,258,100182,258,100060,258,100339,100,100044,100,100727,100,100042,37,100743,100,99976,100,100750,100,99960,100,100838,100,99936,200,100909,100,99930,100,101144,100,99925,100,101201,100,99823,100
2019-06-28 09:51:30.000000000,100181,516,100120,416,100182,100,100060,100,100339,100,100044,100,100727,100,100042,37,100743,100,99976,100,100750,100,99960,100,100838,100,99936,200,100909,100,99930,100,101144,100,99925,100,101201,100,99823,100
2019-06-28 09:51:40.000000000,100181,358,100120,258,100182,258,100060,258,100339,100,100044,100,100727,100,100042,37,100743,100,99976,100,100750,100,99960,100,100838,100,99936,200,100909,100,99930,100,101144,100,99925,100,101201,100,99823,100
2019-06-28 09:51:50.000000000,100181,279,100120,179,100182,179,100060,179,100339,179,100044,179,100727,179,100042,116,100743,100,99976,100,100750,100,99960,100,100838,100,99936,200,100909,100,99930,100,101144,100,99925,100,101201,100,99823,100
2019-06-28 09:52:00.000000000,100181,358,100120,258,100182,258,100060,258,100339,100,100044,100,100727,100,100042,37,100743,100,99976,100,100750,100,99960,100,100838,100,99936,200,100909,100,99930,100,101144,100,99925,100,101201,100,99823,100
2019-06-28 09:52:02.101260237,100181,358,100120,158,100182,258,100060,258,100339,100,100044,100,100727,100,100042,37,100743,100,99976,100,100750,100,99960,100,100838,100,99936,200,100909,100,99930,100,101144,100,99925,100,101201,100,99823,100
2019-06-28 09:52:10.000000000,100181,279,100060,179,100182,179,100044,179,100339,179,100042,116,100727,179,99976,179,100743,100,99960,100,100750,100,99936,200,100838,100,99930,100,100909,100,99925,100,101144,100,99823,100,101201,100,99807,100
2019-06-28 09:52:20.000000000,100181,279,100060,179,100182,179,100044,179,100339,179,100042,116,100727,179,99976,179,100743,100,99960,100,100750,100,99936,200,100838,100,99930,100,100909,100,99925,100,101144,100,99823,100,101201,100,99807,100
2019-06-28 09:52:30.000000000,100181,358,100060,258,100182,258,100044,258,100339,100,100042,37,100727,100,99976,100,100743,100,99960,100,100750,100,99936,200,100838,100,99930,100,100909,100,99925,100,101144,100,99823,100,101201,100,99807,100
2019-06-28 09:52:30.695833726,100181,358,100060,258,100182,258,100044,258,100339,100,100042,37,100727,100,99976,100,100743,100,99960,100,100750,100,99936,200,100838,100,99930,100,100909,100,99925,100,101144,100,99823,100,101201,100,99807,100
2019-06-28 09:52:40.000000000,100181,307,100060,207,100182,204,100044,204,100339,204,100042,141,100727,100,99976,100,100743,100,99960,100,100750,100,99936,200,100838,100,99930,100,100909,100,99925,100,101144,100,99823,100,101201,100,99807,100
2019-06-28 09:52:40.572258794,100181,307,100060,207,100182,204,100044,204,100339,204,100042,141,100727,100,99976,100,100743,100,99960,100,100750,100,99936,100,100838,100,99930,100,100909,100,99925,100,101144,100,99823,100,101201,100,99807,100
2019-06-28 09:52:46.942339552,100181,307,100060,107,100182,204,100044,204,100339,204,100042,141,100727,100,99976,100,100743,100,99960,100,100838,100,99936,100,100909,100,99930,100,101144,100,99925,100,101201,100,99823,100,101360,100,99807,100
2019-06-28 09:52:50.000000000,100181,307,100044,207,100182,204,100042,141,100339,204,99976,204,100727,100,99960,100,100743,100,99936,100,100838,100,99930,100,100909,100,99925,100,101144,100,99823,100,101201,100,99807,100,101360,100,99775,100
2019-06-28 09:53:00.000000000,100181,358,100044,258,100182,258,100042,195,100339,100,99976,100,100727,100,99960,100,100743,100,99936,100,100838,100,99930,100,100909,100,99925,100,101144,100,99823,100,101201,100,99807,100,101360,100,99775,100
2019-06-28 09:53:10.000000000,100181,307,100044,207,100182,204,100042,141,100339,204,99976,204,100727,100,99960,100,100743,100,99936,100,100838,100,99930,100,100909,100,99925,100,101144,100,99823,100,101201,100,99807,100,101360,100,99775,100
2019-06-28 09:53:17.681635767,100181,307,100044,107,100182,204,100042,141,100339,204,99976,204,100727,100,99960,100,100743,100,99936,100,100838,100,99930,100,100909,100,99925,100,101144,100,99823,100,101201,100,99775,100,101360,100,99341,100
2019-06-28 09:53:20.000000000,100181,516,100042,353,100182,100,99976,100,100339,100,99960,100,100727,100,99936,100,100743,100,99930,100,100838,100,99925,100,100909,100,99823,100,101144,100,99775,100,101201,100,99341,100,101360,100,99261,100
2019-06-28 09:53:29.657155092,100060,100,100042,353,100181,516,99976,100,100182,100,99960,100,100339,100,99936,100,100727,100,99930,100,100743,100,99925,100,100838,100,99823,100,100909,100,99775,100,101144,100,99341,100,101201,100,99261,100
2019-06-28 09:53:30.000000000,100060,258,100042,195,100181,358,99976,258,100182,100,99960,100,100339,100,99936,100,100727,100,99930,100,100743,100,99925,100,100838,100,99823,100,100909,100,99775,100,101144,100,99341,100,101201,100,99261,100
2019-06-28 09:53:35.184577500,100060,258,100042,95,100181,358,99976,258,100182,100,99960,100,100339,100,99936,100,100727,100,99930,100,100743,100,99925,100,100838,100,99823,100,100909,100,99775,100,101144,100,99341,100,101201,100,99261,100
2019-06-28 09:53:40.000000000,100060,179,99976,179,100181,279,99960,179,100182,179,99936,179,100339,179,99930,179,100727,100,99925,100,100743,100,99823,100,100838,100,99775,100,100909,100,99341,100,101144,100,99261,100,101201,100,98832,100
2019-06-28 09:53:49.708178331,100060,179,99976,79,100181,279,99960,179,100182,179,99936,179,100339,179,99930,179,100727,100,99925,100,100743,100,99823,100,100838,100,99341,100,100909,100,99261,100,101144,100,98832,100,101201,100,98703,100
2019-06-28 09:53:50.000000000,100060,207,99960,207,100181,304,99936,204,100182,204,99930,204,100339,100,99925,100,100727,100,99823,100,100743,100,99341,100,100838,100,99261,100,100909,100,98832,100,101144,100,98703,100,101201,100,98570,100
2019-06-28 09:53:57.782341895,100042,100,99960,207,100060,207,99936,204,100181,304,99930,204,100182,204,99925,100,100339,100,99823,100,100727,100,99341,100,100743,100,99261,100,100838,100,98832,100,100909,100,98703,100,101144,100,98570,100
2019-06-28 09:54:00.000000000,100042,258,99960,258,100060,258,99936,258,100181,200,99930,100,100182,100,99925,100,100339,100,99823,100,100727,100,99341,100,100743,100,99261,100,100838,100,98832,100,100909,100,98703,100,101144,100,98570,100
2019-06-28 09:54:04.207633485,100042,258,99960,258,100060,258,99936,258,100181,200,99930,100,100182,100,99925,100,100339,100,99823,100,100727,100,99341,100,100743,100,99261,100,100838,100,99238,100,100909,100,98832,100,101144,100,98703,100
2019-06-28 09:54:10.000000000,100042,179,99960,179,100060,179,99936,179,100181,279,99930,179,100182,179,99925,179,100339,100,99823,100,100727,100,99341,100,100743,100,99261,100,100838,100,99238,100,100909,100,98832,100,101144,100,98703,100
2019-06-28 09:54:16.844098585,100042,179,99960,179,100060,179,99936,179,100181,279,99930,179,100182,179,99925,179,100339,100,99823,100,100727,100,99341,100,100743,100,99261,100,100838,100,99238,100,100909,100,99050,100,101144,100,98832,100
2019-06-28 09:54:20.000000000,100042,416,99960,416,100060,100,99936,100,100181,200,99930,100,100182,100,99925,100,100339,100,99823,100,100727,100,99341,100,100743,100,99261,100,100838,100,99238,100,100909,100,99050,100,101144,100,98832,100
2019-06-28 09:54:30.000000000,100042,416,99960,416,100060,100,99936,100,100181,200,99930,100,100182,100,99925,100,100339,100,99823,100,100727,100,99341,100,100743,100,99261,100,100838,100,99238,100,100909,100,99050,100,101144,100,98832,100
2019-06-28 09:54:40.000000000,100042,258,99960,258,100060,258,99936,258,100181,200,99930,100,100182,100,99925,100,100339,100,99823,100,100727,100,99341,100,100743,100,99261,100,100838,100,99238,100,100909,100,99050,100,101144,100,98832,100
2019-06-28 09:54:50.000000000,100042,416,99960,416,100060,100,99936,100,100181,200,99930,100,100182,100,99925,100,100339,100,99823,100,100727,100,99341,100,100743,100,99261,100,100838,100,99238,100,100909,100,99050,100,101144,100,98832,100
2019-06-28 09:54:56.724834949,100042,416,99960,416,100060,100,99936,100,100181,200,99930,100,100182,100,99925,100,100339,100,99823,100,100727,100,99407,100,100743,100,99341,100,100838,100,99261,100,100909,100,99238,100,101144,100,99050,100
2019-06-28 09:55:00.000000000,100042,416,99960,416,100060,100,99936,100,100181,200,99930,100,100182,100,99925,100,100339,100,99823,100,100727,100,99407,100,100743,100,99341,100,100838,100,99261,100,100909,100,99238,100,101144,100,99050,100
2019-06-28 09:55:10.000000000,100042,163,99960,163,100060,163,99936,163,100181,263,99930,163,100182,163,99925,163,100339,163,99823,163,100727,100,99407,100,100743,100,99341,100,100838,100,99261,100,100909,100,99238,100,101144,100,99050,100
2019-06-28 09:55:20.000000000,100042,416,99960,416,100060,100,99936,100,100181,200,99930,100,100182,100,99925,100,100339,100,99823,100,100727,100,99407,100,100743,100,99341,100,100838,100,99261,100,100909,100,99238,100,101144,100,99050,100
2019-06-28 09:55:30.000000000,100042,258,99960,258,100060,258,99936,258,100181,200,99930,100,100182,100,99925,100,100339,100,99823,100,100727,100,99407,100,100743,100,99341,100,100838,100,99261,100,100909,100,99238,100,101144,100,99050,100
2019-06-28 09:55:40.000000000,100042,207,99960,207,100060,204,99936,204,100181,304,99930,204,100182,100,99925,100,100339,100,99823,100,100727,100,99407,100,100743,100,99341,100,100838,100,99261,100,100909,100,99238,100,101144,100,99050,100
2019-06-28 09:55:50.000000000,100042,207,99960,207,100060,204,99936,204,100181,304,99930,204,100182,100,99925,100,100339,100,99823,100,100727,100,99407,100,100743,100,99341,100,100838,100,99261,100,100909,100,99238,100,101144,100,99050,100
2019-06-28 09:56:00.000000000,100042,163,99960,163,100060,163,99936,163,100181,263,99930,163,100182,163,99925,163,100339,163,99823,163,100727,100,99407,100,100743,100,99341,100,100838,100,99261,100,100909,100,99238,100,101144,100,99050,100
2019-06-28 09:56:10.000000000,100042,207,99960,207,100060,204,99936,204,100181,304,99930,204,100182,100,99925,100,100339,100,99823,100,100727,100,99407,100,100743,100,99341,100,100838,100,99261,100,100909,100,99238,100,101144,100,99050,100
2019-06-28 09:56:20.000000000,100042,179,99960,179,100060,179,99936,179,100181,279,99930,179,100182,179,99925,179,100339,100,99823,100,100727,100,99407,100,100743,100,99341,100,100838,100,99261,100,100909,100,99238,100,101144,100,99050,100
2019-06-28 09:56:30.000000000,100042,179,99960,179,100060,179,99936,179,100181,279,99930,179,100182,179,99925,179,100339,100,99823,100,100727,100,99407,100,100743,100,99341,100,100838,100,99261,100,100909,100,99238,100,101144,100,99050,100
2019-06-28 09:56:36.196189361,100042,79,99960,179,100060,179,99936,179,100181,279,99930,179,100182,179,99925,179,100339,100,99823,100,100727,100,99407,100,100743,100,99341,100,100838,100,99261,100,100909,100,99238,100,101144,100,99050,100
2019-06-28 09:56:40.000000000,100060,163,99960,163,100181,263,99936,163,100182,163,99930,163,100339,163,99925,163,100727,163,99823,163,100743,100,99407,100,100838,100,99341,100,100909,100,99261,100,101144,100,99238,100,101201,100,99050,100
2019-06-28 09:56:49.080343178,100060,163,99960,163,100181,263,99936,163,100182,163,99930,163,100339,163,99925,163,100494,100,99823,163,100727,163,99407,100,100743,100,99341,100,100838,100,99261,100,100909,100,99238,100,101144,100,99050,100
2019-06-28 09:56:50.000000000,100060,416,99960,416,100181,200,99936,100,100182,100,99930,100,100339,100,99925,100,100494,100,99823,100,100727,100,99407,100,100743,100,99341,100,100838,100,99261,100,100909,100,99238,100,101144,100,99050,100
2019-06-28 09:56:57.095729149,100060,416,99960,416,100181,200,99936,100,100182,100,99930,100,100339,100,99925,100,100488,100,99823,100,100494,100,99407,100,100727,100,99341,100,100743,100,99261,100,100838,100,99238,100,100909,100,99050,100
2019-06-28 09:57:00.000000000,100060,179,99960,179,100181,279,99936,179,100182,179,99930,179,100339,179,99925,179,100488,100,99823,100,100494,100,99407,100,100727,100,99341,100,100743,100,99261,100,100838,100,99238,100,100909,100,99050,100
2019-06-28 09:57:00.492387690,100060,179,99960,179,100181,279,99936,179,100182,179,99930,179,100339,179,99925,179,100488,100,99823,100,100494,100,99407,100,100511,100,99341,100,100727,100,99261,100,100838,100,99238,100,100909,100,99050,100
2019-06-28 09:57:08.139305513,100060,79,99960,179,100181,279,99936,179,100182,179,99930,179,100339,179,99925,179,100488,100,99823,100,100494,100,99407,100,100511,100,99341,100,100727,100,99261,100,100838,100,99238,100,100909,100,99050,100
2019-06-28 09:57:10.000000000,100181,516,99960,416,100182,100,99936,100,100339,100,99930,100,100488,100,99925,100,100494,100,99823,100,100511,100,99407,100,100727,100,99341,100,100838,100,99261,100,100909,100,99238,100,101144,100,99050,100
2019-06-28 09:57:20.000000000,100181,263,99960,163,100182,163,99936,163,100339,163,99930,163,100488,163,99925,163,100494,163,99823,163,100511,100,99407,100,100727,100,99341,100,100838,100,99261,100,100909,100,99238,100,101144,100,99050,100
2019-06-28 09:57:30.000000000,100181,516,99960,416,100182,100,99936,100,100339,100,99930,100,100488,100,99925,100,100494,100,99823,100,100511,100,99407,100,100727,100,99341,100,100838,100,99261,100,100909,100,99238,100,101144,100,99050,100
2019-06-28 09:57:36.203061012,100181,516,100042,100,100182,100,99960,416,100339,100,99936,100,100488,100,99930,100,100494,100,99925,100,100511,100,99823,100,100727,100,99407,100,100838,100,99341,100,100909,100,99261,100,101144,100,99238,100
2019-06-28 09:57:40.000000000,100181,263,100042,163,100182,163,99960,163,100339,163,99936,163,100488,163,99930,163,100494,163,99925,163,100511,100,99823,100,100727,100,99407,100,100838,100,99341,100,100909,100,99261,100,101144,100,99238,100
2019-06-28 09:57:50.000000000,100181,358,100042,258,100182,258,99960,258,100339,100,99936,100,100488,100,99930,100,100494,100,99925,100,100511,100,99823,100,100727,100,99407,100,100838,100,99341,100,100909,100,99261,100,101144,100,99238,100
2019-06-28 09:58:00.000000000,100181,279,100042,179,100182,179,99960,179,100339,179,99936,179,100488,179,99930,179,100494,100,99925,100,100511,100,99823,100,100727,100,99407,100,100838,100,99341,100,100909,100,99261,100,101144,100,99238,100
2019-06-28 09:58:10.000000000,100181,279,100042,179,100182,179,99960,179,100339,179,99936,179,100488,179,99930,179,100494,100,99925,100,100511,100,99823,100,100727,100,99407,100,100838,100,99341,100,100909,100,99261,100,101144,100,99238,100
2019-06-28 09:58:16.614081291,100181,279,100042,79,100182,179,99960,179,100339,179,99936,179,100488,179,99930,179,100494,100,99925,100,100511,100,99823,100,100727,100,99407,100,100838,100,99341,100,100909,100,99261,100,101144,100,99238,100
2019-06-28 09:58:20.000000000,100181,279,99960,179,100182,179,99936,179,100339,179,99930,179,100488,179,99925,179,100494,100,99823,100,100511,100,99407,100,100727,100,99341,100,100838,100,99261,100,100909,100,99238,100,101144,100,99050,100
2019-06-28 09:58:30.000000000,100181,307,99960,207,100182,204,99936,204,100339,204,99930,204,100488,100,99925,100,100494,100,99823,100,100511,100,99407,100,100727,100,99341,100,100838,100,99261,100,100909,100,99238,100,101144,100,99050,100
2019-06-28 09:58:40.000000000,100181,358,99960,258,100182,258,99936,258,100339,100,99930,100,100488,100,99925,100,100494,100,99823,100,100511,100,99407,100,100727,100,99341,100,100838,100,99261,100,100909,100,99238,100,101144,100,99050,100
2019-06-28 09:58:50.000000000,100181,516,99960,416,100182,100,99936,100,100339,100,99930,100,100488,100,99925,100,100494,100,99823,100,100511,100,99407,100,100727,100,99341,100,100838,100,99261,100,100909,100,99238,100,101144,100,99050,100
2019-06-28 09:59:00.000000000,100181,516,99960,416,100182,100,99936,100,100339,100,99930,100,100488,100,99925,100,100494,100,99823,100,100511,100,99407,100,100727,100,99341,100,100838,100,99261,100,100909,100,99238,100,101144,100,99050,100
2019-06-28 09:59:09.478912843,100181,516,99987,100,100182,100,99960,416,100339,100,99936,100,100488,100,99930,100,100494,100,99925,100,100511,100,99823,100,100727,100,99407,100,100838,100,99341,100,100909,100,99261,100,101144,100,99238,100
2019-06-28 09:59:10.000000000,100181,516,99987,416,100182,100,99960,100,100339,100,99936,100,100488,100,99930,100,100494,100,99925,100,100511,100,99823,100,100727,100,99407,100,100838,100,99341,100,100909,100,99261,100,101144,100,99238,100
2019-06-28 09:59:10.331811454,100181,516,99987,416,100182,100,99936,100,100220,100,99930,100,100339,100,99925,100,100488,100,99823,100,100494,100,99407,100,100511,100,99341,100,100727,100,99261,100,100838,100,99238,100,100909,100,99050,100
2019-06-28 09:59:20.000000000,100181,516,99987,416,100182,100,99936,100,100220,100,99930,100,100339,100,99925,100,100488,100,99823,100,100494,100,99407,100,100511,100,99341,100,100727,100,99261,100,100838,100,99238,100,100909,100,99050,100
2019-06-28 09:59:22.397674059,100181,516,99987,416,100182,100,99939,100,100220,100,99936,100,100339,100,99930,100,100488,100,99925,100,100494,100,99823,100,100511,100,99407,100,100727,100,99341,100,100838,100,99261,100,100909,100,99238,100
2019-06-28 09:59:30.000000000,100181,279,99987,179,100182,179,99939,179,100220,179,99936,179,100339,179,99930,179,100488,100,99925,100,100494,100,99823,100,100511,100,99407,100,100727,100,99341,100,100838,100,99261,100,100909,100,99238,100
2019-06-28 09:59:40.000000000,100181,307,99987,207,100182,204,99939,204,100220,204,99936,204,100339,100,99930,100,100488,100,99925,100,100494,100,99823,100,100511,100,99407,100,100727,100,99341,100,100838,100,99261,100,100909,100,99238,100
2019-06-28 09:59:42.617191226,100181,307,99987,107,100182,204,99939,204,100220,204,99936,204,100339,100,99930,100,100488,100,99925,100,100494,100,99823,100,100511,100,99407,100,100727,100,99341,100,100838,100,99261,100,100909,100,99238,100
2019-06-28 09:59:50.000000000,100181,279,99939,179,100182,179,99936,179,100220,179,99930,179,100339,179,99925,179,100488,100,99823,100,100494,100,99407,100,100511,100,99341,100,100727,100,99261,100,100838,100,99238,100,100909,100,99050,100
2019-06-28 10:00:00.000000000,100181,307,99939,207,100182,204,99936,204,100220,204,99930,204,100339,100,99925,100,100488,100,99823,100,100494,100,99407,100,100511,100,99341,100,100727,100,99261,100,100838,100,99238,100,100909,100,99050,100
2019-06-28 10:00:03.090861558,100181,307,99939,207,100182,204,99936,204,100220,104,99930,204,100339,100,99925,100,100488,100,99823,100,100494,100,99518,100,100511,100,99407,100,100727,100,99341,100,100838,100,99261,100,100909,100,99238,100
2019-06-28 10:00:10.000000000,100181,358,99939,258,100182,258,99936,258,100339,100,99930,100,100488,100,99925,100,100494,100,99823,100,100511,100,99518,100,100727,100,99407,100,100838,100,99341,100,100909,100,99261,100,101144,100,99238,100
2019-06-28 10:00:20.000000000,100181,263,99939,163,100182,163,99936,163,100339,163,99930,163,100488,163,99925,163,100494,163,99823,163,100511,100,99518,100,100727,100,99407,100,100838,100,99341,100,100909,100,99261,100,101144,100,99238,100
2019-06-28 10:00:30.000000000,100181,307,99939,207,100182,204,99936,204,100339,204,99930,204,100488,100,99925,100,100494,100,99823,100,100511,100,99518,100,100727,100,99407,100,100838,100,99341,100,100909,100,99261,100,101144,100,99238,100
2019-06-28 10:00:33.531491616,100181,307,99939,107,100182,204,99936,204,100339,204,99930,204,100488,100,99925,100,100494,100,99823,100,100511,100,99518,100,100727,100,99407,100,100838,100,99341,100,100909,100,99261,100,101144,100,99238,100
2019-06-28 10:00:40.000000000,100181,358,99936,258,100182,258,99930,258,100339,100,99925,100,100488,100,99823,100,100494,100,99518,100,100511,100,99407,100,100727,100,99341,100,100838,100,99261,100,100909,100,99238,100,101144,100,99050,100
2019-06-28 10:00:50.000000000,100181,263,99936,163,100182,163,99930,163,100339,163,99925,163,100488,163,99823,163,100494,163,99518,163,100511,100,99407,100,100727,100,99341,100,100838,100,99261,100,100909,100,99238,100,101144,100,99050,100
2019-06-28 10:00:51.002355504,100024,100,99936,63,100181,263,99930,163,100182,163,99925,163,100339,163,99823,163,100488,163,99518,163,100494,163,99407,100,100511,100,99341,100,100727,100,99261,100,100838,100,99238,100,100909,100,99050,100
2019-06-28 10:00:54.783093004,99936,37,99930,163,100024,100,99925,163,100181,263,99823,163,100182,163,99518,163,100339,163,99407,100,100488,163,99341,100,100494,163,99261,100,100511,100,99238,100,100727,100,99050,100,100838,100,98703,100
2019-06-28 10:00:54.797764378,99936,37,99930,163,100024,100,99925,163,100181,263,99823,163,100182,163,99781,100,100339,163,99518,163,100488,163,99407,100,100494,163,99341,100,100511,100,99261,100,100727,100,99238,100,100838,100,99050,100
2019-06-28 10:00:55.682283840,99936,37,99930,63,100024,100,99925,163,100181,263,99823,63,100182,163,99781,100,100339,163,99518,163,100488,163,99407,100,100494,163,99341,100,100511,100,99261,100,100727,100,99238,100,100838,100,99050,100
2019-06-28 10:00:56.731124144,99936,37,99930,63,100024,100,99925,163,100181,263,99823,63,100182,163,99781,100,100339,163,99689,100,100488,163,99518,163,100494,163,99341,100,100511,100,99261,100,100727,100,99238,100,100838,100,99050,100
2019-06-28 10:01:00.000000000,99936,353,99925,416,100024,100,99781,100,100181,200,99689,100,100182,100,99518,100,100339,100,99341,100,100488,100,99261,100,100494,100,99238,100,100511,100,99050,100,100727,100,98703,100,100838,100,,
2019-06-28 10:01:10.000000000,99936,116,99925,179,100024,179,99781,179,100181,279,99689,179,100182,179,99518,179,100339,100,99341,100,100488,100,99261,100,100494,100,99238,100,100511,100,99050,100,100727,100,98703,100,100838,100,,
2019-06-28 10:01:20.000000000,99936,353,99925,416,100024,100,99781,100,100181,200,99689,100,100182,100,99518,100,100339,100,99341,100,100488,100,99261,100,100494,100,99238,100,100511,100,99050,100,100727,100,98703,100,100838,100,,
2019-06-28 10:01:22.944547495,99936,353,99925,416,100024,100,99781,100,100096,100,99689,100,100181,200,99518,100,100182,100,99341,100,100339,100,99261,100,100488,100,99238,100,100494,100,99050,100,100511,100,98703,100,100727,100,,
2019-06-28 10:01:24.000321769,99936,353,99925,416,100024,100,99781,100,100096,100,99689,100,100181,200,99518,100,100182,100,99341,100,100198,100,99261,100,100339,100,99238,100,100488,100,99050,100,100494,100,98703,100,100511,100,,
2019-06-28 10:01:30.000000000,99936,195,99925,258,100024,258,99781,258,100096,100,99689,100,100181,200,99518,100,100182,100,99341,100,100198,100,99261,100,100339,100,99238,100,100488,100,99050,100,100494,100,98703,100,100511,100,,
2019-06-28 10:01:30.412373936,99936,95,99925,258,100024,258,99781,258,100096,100,99689,100,100181,200,99518,100,100182,100,99341,100,100198,100,99261,100,100339,100,99238,100,100488,100,99050,100,100494,100,98703,100,100511,100,,
2019-06-28 10:01:40.000000000,100024,163,99925,163,100096,163,99781,163,100181,263,99689,163,100182,163,99518,163,100198,163,99341,163,100339,100,99261,100,100488,100,99238,100,100494,100,99050,100,100511,100,98703,100,100727,100,,
2019-06-28 10:01:50.000000000,100024,207,99925,207,100096,204,99781,204,100181,304,99689,204,100182,100,99518,100,100198,100,99341,100,100339,100,99261,100,100488,100,99238,100,100494,100,99050,100,100511,100,98703,100,100727,100,,
2019-06-28 10:02:00.000000000,100024,163,99925,163,100096,163,99781,163,100181,263,99689,163,100182,163,99518,163,100198,163,99341,163,100339,100,99261,100,100488,100,99238,100,100494,100,99050,100,100511,100,98703,100,100727,100,,
2019-06-28 10:02:01.679452664,100024,63,99925,163,100096,163,99781,163,100181,263,99689,163,100182,163,99518,163,100198,163,99341,163,100339,100,99261,100,100488,100,99238,100,100494,100,99050,100,100511,100,98703,100,100727,100,,
2019-06-28 10:02:10.000000000,100096,179,99925,179,100181,279,99781,179,100182,179,99689,179,100198,179,99518,179,100339,100,99341,100,100488,100,99261,100,100494,100,99238,100,100511,100,99050,100,100727,100,98703,100,100909,100,,
2019-06-28 10:02:11.155237564,100096,179,100002,100,100181,279,99925,179,100182,179,99781,179,100198,179,99689,179,100339,100,99518,179,100488,100,99341,100,100494,100,99261,100,100511,100,99238,100,100727,100,99050,100,100909,100,98703,100
2019-06-28 10:02:20.000000000,100096,416,100002,416,100181,200,99925,100,100182,100,99781,100,100198,100,99689,100,100339,100,99518,100,100488,100,99341,100,100494,100,99261,100,100511,100,99238,100,100727,100,99050,100,100909,100,98703,100
2019-06-28 10:02:23.227734596,100096,416,100002,416,100181,200,99925,100,100182,100,99921,100,100198,100,99781,100,100339,100,99689,100,100488,100,99518,100,100494,100,99341,100,100511,100,99261,100,100727,100,99238,100,100909,100,98703,100
2019-06-28 10:02:30.000000000,100096,163,100002,163,100181,263,99925,163,100182,163,99921,163,100198,163,99781,163,100339,163,99689,163,100488,100,99518,100,100494,100,99341,100,100511,100,99261,100,100727,100,99238,100,100909,100,98703,100
2019-06-28 10:02:30.806027079,100096,163,100002,163,100181,263,99936,100,100182,163,99925,163,100198,163,99921,163,100339,163,99781,163,100488,100,99689,163,100494,100,99518,100,100511,100,99341,100,100727,100,99261,100,100909,100,99238,100
2019-06-28 10:02:40.000000000,100096,207,100002,207,100181,304,99936,204,100182,204,99925,204,100198,100,99921,100,100339,100,99781,100,100488,100,99689,100,100494,100,99518,100,100511,100,99341,100,100727,100,99261,100,100909,100,99238,100
2019-06-28 10:02:50.000000000,100096,258,100002,258,100181,358,99936,258,100182,100,99925,100,100198,100,99921,100,100339,100,99781,100,100488,100,99689,100,100494,100,99518,100,100511,100,99341,100,100727,100,99261,100,100909,100,99238,100
2019-06-28 10:02:58.291279979,100096,258,100002,258,100181,358,99994,100,100182,100,99936,258,100198,100,99925,100,100339,100,99921,100,100488,100,99781,100,100494,100,99689,100,100511,100,99518,100,100727,100,99341,100,100909,100,99261,100
2019-06-28 10:03:00.000000000,100096,416,100002,416,100181,200,99994,100,100182,100,99936,100,100198,100,99925,100,100339,100,99921,100,100488,100,99781,100,100494,100,99689,100,100511,100,99518,100,100727,100,99341,100,100909,100,99261,100
2019-06-28 10:03:10.000000000,100096,163,100002,163,100181,263,99994,163,100182,163,99936,163,100198,163,99925,163,100339,163,99921,163,100488,100,99781,100,100494,100,99689,100,100511,100,99518,100,100727,100,99341,100,100909,100,99261,100
2019-06-28 10:03:20.000000000,100096,416,100002,416,100181,200,99994,100,100182,100,99936,100,100198,100,99925,100,100339,100,99921,100,100488,100,99781,100,100494,100,99689,100,100511,100,99518,100,100727,100,99341,100,100909,100,99261,100
2019-06-28 10:03:30.000000000,100096,179,100002,179,100181,279,99994,179,100182,179,99936,179,100198,179,99925,179,100339,100,99921,100,100488,100,99781,100,100494,100,99689,100,100511,100,99518,100,100727,100,99341,100,100909,100,99261,100
2019-06-28 10:03:40.000000000,100096,179,100002,179,100181,279,99994,179,100182,179,99936,179,100198,179,99925,179,100339,100,99921,100,100488,100,99781,100,100494,100,99689,100,100511,100,99518,100,100727,100,99341,100,100909,100,99261,100
2019-06-28 10:03:46.650319112,100096,179,100002,179,100181,279,99994,179,100182,179,99936,179,100198,179,99925,179,100339,100,99921,100,100363,100,99781,100,100488,100,99689,100,100494,100,99518,100,100511,100,99341,100,100727,100,99261,100
2019-06-28 10:03:50.000000000,100096,258,100002,258,100181,358,99994,258,100182,100,99936,100,100198,100,99925,100,100339,100,99921,100,100363,100,99781,100,100488,100,99689,100,100494,100,99518,100,100511,100,99341,100,100727,100,99261,100
2019-06-28 10:03:51.066244764,100096,158,100002,258,100181,358,99994,258,100182,100,99936,100,100198,100,99925,100,100339,100,99921,100,100363,100,99781,100,100488,100,99689,100,100494,100,99518,100,100511,100,99341,100,100727,100,99261,100
2019-06-28 10:03:56.321611039,100096,58,100002,258,100181,358,99994,258,100182,100,99936,100,100198,100,99925,100,100339,100,99921,100,100363,100,99781,100,100488,100,99518,100,100494,100,99341,100,100511,100,99261,100,100727,100,99238,100
2019-06-28 10:04:00.000000000,100181,263,100002,163,100182,163,99994,163,100198,163,99936,163,100339,163,99925,163,100363,163,99921,163,100488,100,99781,100,100494,100,99518,100,100511,100,99341,100,100727,100,99261,100,100909,100,99238,100
2019-06-28 10:04:10.000000000,100181,307,100002,207,100182,204,99994,204,100198,204,99936,204,100339,100,99925,100,100363,100,99921,100,100488,100,99781,100,100494,100,99518,100,100511,100,99341,100,100727,100,99261,100,100909,100,99238,100
2019-06-28 10:04:11.419045667,100181,207,100002,207,100182,204,99994,204,100198,204,99936,204,100339,100,99925,100,100363,100,99921,100,100488,100,99781,100,100494,100,99518,100,100511,100,99341,100,100727,100,99261,100,100909,100,99238,100
2019-06-28 10:04:11.430102038,100181,107,100002,207,100182,204,99994,204,100198,204,99936,204,100339,100,99925,100,100363,100,99921,100,100488,100,99781,100,100494,100,99518,100,100511,100,99341,100,100727,100,99261,100,100909,100,98703,100
2019-06-28 10:04:20.000000000,100182,179,100002,179,100198,179,99994,179,100339,179,99936,179,100363,179,99925,179,100488,100,99921,100,100494,100,99781,100,100511,100,99518,100,100727,100,99341,100,100909,100,99261,100,101144,100,98703,100
2019-06-28 10:04:30.000000000,100182,179,100002,179,100198,179,99994,179,100339,179,99936,179,100363,179,99925,179,100488,100,99921,100,100494,100,99781,100,100511,100,99518,100,100727,100,99341,100,100909,100,99261,100,101144,100,98703,100
2019-06-28 10:04:33.280849979,100182,179,100181,100,100198,179,100002,179,100339,179,99994,179,100363,179,99936,179,100488,100,99925,179,100494,100,99921,100,100511,100,99781,100,100727,100,99518,100,100909,100,99341,100,101144,100,99261,100
2019-06-28 10:04:39.507659176,100182,179,100181,100,100198,179,100002,179,100339,179,99994,179,100363,179,99936,179,100460,100,99925,179,100488,100,99921,100,100494,100,99781,100,100511,100,99518,100,100727,100,99261,100,100909,100,98703,100
2019-06-28 10:04:40.000000000,100182,163,100181,163,100198,163,100002,163,100339,163,99994,163,100363,163,99936,163,100460,163,99925,163,100488,100,99921,100,100494,100,99781,100,100511,100,99518,100,100727,100,99261,100,100909,100,98703,100
2019-06-28 10:04:50.000000000,100182,179,100181,179,100198,179,100002,179,100339,179,99994,179,100363,179,99936,179,100460,100,99925,100,100488,100,99921,100,100494,100,99781,100,100511,100,99518,100,100727,100,99261,100,100909,100,98703,100
2019-06-28 10:04:51.955704770,100182,179,100181,179,100198,179,100002,179,100253,100,99994,179,100339,179,99936,179,100363,179,99925,100,100460,100,99921,100,100488,100,99781,100,100494,100,99518,100,100511,100,99261,100,100727,100,98703,100
2019-06-28 10:05:00.000000000,100182,163,100181,163,100198,163,100002,163,100253,163,99994,163,100339,163,99936,163,100363,163,99925,163,100460,100,99921,100,100488,100,99781,100,100494,100,99518,100,100511,100,99261,100,100727,100,98703,100
2019-06-28 10:05:04.480415064,100182,163,100181,263,100198,163,100002,163,100253,163,99994,163,100339,163,99936,163,100363,163,99925,163,100460,100,99921,100,100488,100,99781,100,100494,100,99518,100,100511,100,99261,100,100727,100,98703,100
2019-06-28 10:05:10.000000000,100182,416,100181,516,100198,100,100002,100,100253,100,99994,100,100339,100,99936,100,100363,100,99925,100,100460,100,99921,100,100488,100,99781,100,100494,100,99518,100,100511,100,99261,100,100727,100,98703,100
2019-06-28 10:05:20.000000000,100182,163,100181,263,100198,163,100002,163,100253,163,99994,163,100339,163,99936,163,100363,163,99925,163,100460,100,99921,100,100488,100,99781,100,100494,100,99518,100,100511,100,99261,100,100727,100,98703,100
2019-06-28 10:05:20.443842733,100182,63,100181,263,100198,163,100002,163,100253,163,99994,163,100339,163,99936,163,100363,163,99925,163,100460,100,99921,100,100488,100,99781,100,100494,100,99518,100,100511,100,99261,100,100727,100,98703,100
2019-06-28 10:05:22.215107913,100198,163,100182,37,100253,163,100181,263,100339,163,100002,163,100363,163,99994,163,100460,100,99936,163,100488,100,99925,163,100494,100,99921,100,100511,100,99781,100,100727,100,99518,100,100909,100,99261,100
2019-06-28 10:05:30.000000000,100198,163,100182,100,100253,163,100181,263,100339,163,100002,163,100363,163,99994,163,100460,163,99936,163,100488,100,99925,100,100494,100,99921,100,100511,100,99781,100,100727,100,99518,100,100909,100,99261,100
2019-06-28 10:05:40.000000000,100198,179,100182,116,100253,179,100181,279,100339,179,100002,179,100363,179,99994,179,100460,100,99936,100,100488,100,99925,100,100494,100,99921,100,100511,100,99781,100,100727,100,99518,100,100909,100,99261,100
2019-06-28 10:05:48.918523462,100198,179,100182,116,100253,179,100181,279,100339,179,100002,179,100363,179,99994,179,100460,100,99936,100,100488,100,99925,100,100494,100,99921,100,100511,100,99781,100,100638,100,99518,100,100727,100,99261,100
2019-06-28 10:05:50.000000000,100198,258,100182,195,100253,258,100181,358,100339,100,100002,100,100363,100,99994,100,100460,100,99936,100,100488,100,99925,100,100494,100,99921,100,100511,100,99781,100,100638,100,99518,100,100727,100,99261,100
2019-06-28 10:06:00.000000000,100198,179,100182,116,100253,179,100181,279,100339,179,100002,179,100363,179,99994,179,100460,100,99936,100,100488,100,99925,100,100494,100,99921,100,100511,100,99781,100,100638,100,99518,100,100727,100,99261,100
2019-06-28 10:06:08.620828087,100198,179,100182,116,100253,179,100181,279,100339,179,100002,179,100363,179,99994,179,100460,100,99936,100,100473,100,99925,100,100488,100,99921,100,100511,100,99781,100,100638,100,99518,100,100727,100,99261,100
2019-06-28 10:06:10.000000000,100198,163,100182,100,100253,163,100181,263,100339,163,100002,163,100363,163,99994,163,100460,163,99936,163,100473,100,99925,100,100488,100,99921,100,100511,100,99781,100,100638,100,99518,100,100727,100,99261,100
2019-06-28 10:06:20.000000000,100198,163,100182,100,100253,163,100181,263,100339,163,100002,163,100363,163,99994,163,100460,163,99936,163,100473,100,99925,100,100488,100,99921,100,100511,100,99781,100,100638,100,99518,100,100727,100,99261,100
2019-06-28 10:06:30.000000000,100198,163,100182,100,100253,163,100181,263,100339,163,100002,163,100363,163,99994,163,100460,163,99936,163,100473,100,99925,100,100488,100,99921,100,100511,100,99781,100,100638,100,99518,100,100727,100,99261,100
2019-06-28 10:06:36.842445051,100198,163,100182,100,100253,163,100181,263,100339,163,100002,163,100363,163,99994,163,100460,163,99936,163,100473,100,99925,100,100488,100,99921,100,100511,100,99781,100,100638,100,99518,100,100727,100,99261,100
2019-06-28 10:06:40.000000000,100198,416,100182,353,100253,100,100181,200,100339,100,100002,100,100363,100,99994,100,100460,100,99936,100,100473,100,99925,100,100488,100,99921,100,100511,100,99781,100,100638,100,99518,100,100727,100,99261,100
2019-06-28 10:06:50.000000000,100198,207,100182,144,100253,204,100181,304,100339,204,100002,204,100363,100,99994,100,100460,100,99936,100,100473,100,99925,100,100488,100,99921,100,100511,100,99781,100,100638,100,99518,100,100727,100,99261,100
2019-06-28 10:06:52.611741314,100198,107,100182,144,100253,204,100181,304,100339,204,100002,204,100363,100,99994,100,100460,100,99936,100,100473,100,99925,100,100488,100,99921,100,100511,100,99781,100,100638,100,99518,100,100727,100,99261,100
2019-06-28 10:06:53.201444920,100198,107,100182,144,100253,204,100181,304,100339,204,100002,204,100363,100,99994,100,100460,100,99936,100,100473,100,99925,100,100488,100,99921,100,100511,100,99781,100,100638,100,99518,100,100727,100,99261,100
2019-06-28 10:06:57.076866505,100198,7,100182,144,100253,204,100181,304,100339,204,100002,204,100363,100,99994,100,100460,100,99936,100,100473,100,99925,100,100488,100,99921,100,100511,100,99781,100,100638,100,99518,100,100727,100,99261,100
2019-06-28 10:07:00.000000000,100253,163,100182,100,100339,163,100181,263,100363,163,100002,163,100460,163,99994,163,100473,163,99936,163,100488,100,99925,100,100511,100,99921,100,100638,100,99781,100,100727,100,99518,100,100750,100,99261,100
2019-06-28 10:07:10.000000000,100253,179,100182,116,100339,179,100181,279,100363,179,100002,179,100460,179,99994,179,100473,100,99936,100,100488,100,99925,100,100511,100,99921,100,100638,100,99781,100,100727,100,99518,100,100750,100,99261,100
2019-06-28 10:07:15.689755236,100253,179,100182,116,100339,179,100181,179,100363,179,100002,179,100460,179,99994,179,100473,100,99936,100,100488,100,99925,100,100511,100,99921,100,100638,100,99781,100,100727,100,99518,100,100750,100,99261,100
2019-06-28 10:07:20.000000000,100253,258,100182,195,100339,258,100181,258,100363,100,100002,100,100460,100,99994,100,100473,100,99936,100,100488,100,99925,100,100511,100,99921,100,100638,100,99781,100,100727,100,99518,100,100750,100,99261,100
2019-06-28 10:07:30.000000000,100253,258,100182,195,100339,258,100181,258,100363,100,100002,100,100460,100,99994,100,100473,100,99936,100,100488,100,99925,100,100511,100,99921,100,100638,100,99781,100,100727,100,99518,100,100750,100,99261,100
2019-06-28 10:07:38.372510592,100253,258,100182,195,100339,258,100181,258,100363,100,100002,100,100460,100,99994,100,100473,100,99936,100,100488,100,99925,100,100511,100,99921,100,100638,100,99781,100,100681,100,99518,100,100727,100,99261,100
2019-06-28 10:07:38.616232093,100253,158,100182,195,100339,258,100181,258,100363,100,100002,100,100460,100,99994,100,100473,100,99936,100,100488,100,99921,100,100511,100,99781,100,100638,100,99518,100,100681,100,99261,100,100727,100,98703,100
2019-06-28 10:07:40.000000000,100339,207,100182,144,100363,204,100181,204,100460,204,100002,204,100473,100,99994,100,100488,100,99936,100,100511,100,99921,100,100638,100,99781,100,100681,100,99518,100,100727,100,99261,100,100750,100,98703,100
