,ask_price_1,ask_size_1,bid_price_1,bid_size_1,ask_price_2,ask_size_2,bid_price_2,bid_size_2,ask_price_3,ask_size_3,bid_price_3,bid_size_3,ask_price_4,ask_size_4,bid_price_4,bid_size_4,ask_price_5,ask_size_5,bid_price_5,bid_size_5,ask_price_6,ask_size_6,bid_price_6,bid_size_6,ask_price_7,ask_size_7,bid_price_7,bid_size_7,ask_price_8,ask_size_8,bid_price_8,bid_size_8,ask_price_9,ask_size_9,bid_price_9,bid_size_9,ask_price_10,ask_size_10,bid_price_10,bid_size_10
2019-06-28 09:30:00.000000000,,,99854,100,,,,,,,,,,,,,,,,,,,,,,,,,,,,,,,,,,,,
2019-06-28 09:30:00.000000001,,,99971,100,,,99854,100,,,,,,,,,,,,,,,,,,,,,,,,,,,,,,,,
2019-06-28 09:30:00.000000002,,,99971,100,,,99854,100,,,99813,100,,,,,,,,,,,,,,,,,,,,,,,,,,,,
2019-06-28 09:30:00.000000004,,,99971,100,,,99946,100,,,99854,100,,,99813,100,,,,,,,,,,,,,,,,,,,,,,,,
2019-06-28 09:30:00.000000008,,,99971,100,,,99946,100,,,99854,100,,,99814,100,,,99813,100,,,,,,,,,,,,,,,,,,,,
2019-06-28 09:30:00.000000012,,,100101,100,,,99971,100,,,99946,100,,,99854,100,,,99814,100,,,99813,100,,,,,,,,,,,,,,,,
2019-06-28 09:30:00.000000014,,,100101,100,,,99971,100,,,99946,100,,,99912,100,,,99854,100,,,99814,100,,,99813,100,,,,,,,,,,,,
2019-06-28 09:30:00.000000015,,,100101,100,,,99971,100,,,99946,100,,,99912,100,,,99878,100,,,99854,100,,,99814,100,,,99813,100,,,,,,,,
2019-06-28 09:30:00.000000016,100157,100,100101,100,,,99971,100,,,99946,100,,,99912,100,,,99878,100,,,99854,100,,,99814,100,,,99813,100,,,,,,,,
2019-06-28 09:30:00.000000019,100157,100,100101,100,,,99971,100,,,99946,100,,,99913,100,,,99912,100,,,99878,100,,,99854,100,,,99814,100,,,99813,100,,,,
2019-06-28 09:30:00.000000020,100157,100,99971,100,,,99946,100,,,99913,100,,,99912,100,,,99878,100,,,99854,100,,,99814,100,,,99813,100,,,,,,,,
2019-06-28 09:30:00.000000023,100157,100,100008,100,100197,100,99979,100,,,99971,100,,,99946,100,,,99913,100,,,99912,100,,,99878,100,,,99854,100,,,99814,100,,,99813,100
2019-06-28 09:30:00.000000025,100122,100,100008,100,100157,100,99979,100,100197,100,99971,100,,,99946,100,,,99913,100,,,99912,100,,,99878,100,,,99860,100,,,99854,100,,,99814,100
2019-06-28 09:30:00.000000026,100026,100,100008,100,100122,100,99979,100,100157,100,99971,100,100197,100,99946,100,,,99913,100,,,99912,100,,,99878,100,,,99860,100,,,99854,100,,,99814,100
2019-06-28 09:30:00.000000030,100026,100,100008,100,100122,100,99979,100,100141,100,99971,100,100157,100,99950,100,100197,100,99946,100,,,99913,100,,,99912,100,,,99878,100,,,99860,100,,,99854,100
2019-06-28 09:30:00.000000031,100026,100,100008,100,100122,100,99979,100,100141,100,99971,100,100157,100,99950,100,100197,100,99946,100,,,99918,100,,,99913,100,,,99912,100,,,99878,100,,,99860,100
2019-06-28 09:30:00.000000032,100026,100,100008,100,100122,100,99979,100,100141,100,99971,100,100157,100,99950,100,100197,100,99946,100,,,99918,100,,,99913,100,,,99912,100,,,99878,100,,,99860,100
2019-06-28 09:30:00.000000036,100026,100,100008,100,100122,100,99979,100,100141,100,99971,100,100157,100,99950,100,100197,100,99946,100,,,99918,100,,,99913,100,,,99912,100,,,99909,100,,,99878,100
2019-06-28 09:30:00.000000041,100026,100,100008,100,100033,100,99979,100,100053,100,99971,100,100122,100,99950,100,100141,100,99946,100,100157,100,99918,100,100197,100,99913,100,,,99912,100,,,99909,100,,,99878,100
2019-06-28 09:30:00.000000042,100016,100,100008,100,100033,100,99979,100,100039,100,99971,100,100053,100,99950,100,100122,100,99946,200,100141,100,99918,100,100157,100,99913,100,100197,100,99912,100,,,99909,100,,,99878,100
2019-06-28 09:30:00.000000045,100016,100,100008,100,100032,100,99979,100,100033,100,99971,100,100039,100,99950,100,100053,100,99946,200,100122,100,99918,100,100141,100,99913,100,100157,100,99912,100,100197,100,99909,100,,,99878,100
2019-06-28 09:30:00.000000046,100016,100,100008,100,100032,100,99979,100,100033,100,99971,100,100039,100,99950,100,100053,100,99946,200,100107,100,99918,100,100122,100,99913,100,100141,100,99912,100,100157,100,99909,100,100197,100,99878,100
2019-06-28 09:30:00.000000048,100016,100,100008,100,100032,100,99979,100,100033,100,99971,100,100039,100,99950,100,100053,100,99946,200,100107,100,99943,100,100122,100,99918,100,100141,100,99913,100,100157,100,99912,100,100197,100,99909,100
2019-06-28 09:30:00.000000049,100016,100,100008,100,100032,100,99979,100,100033,100,99971,100,100039,100,99950,100,100053,100,99946,200,100101,100,99943,100,100107,100,99934,100,100122,100,99918,100,100141,100,99913,100,100157,100,99912,100
2019-06-28 09:30:00.000000050,100016,100,100008,100,100032,100,99979,100,100033,100,99971,100,100039,100,99962,100,100053,100,99950,100,100101,200,99946,200,100107,100,99943,100,100122,100,99934,100,100141,100,99918,100,100157,100,99913,100
2019-06-28 09:30:00.000000051,100016,100,100008,100,100032,100,99979,100,100033,100,99971,100,100039,100,99962,100,100053,100,99950,100,100101,200,99946,200,100107,100,99943,100,100122,100,99934,100,100141,100,99918,100,100157,100,99913,100
2019-06-28 09:30:00.000000056,100032,100,100008,100,100033,100,99979,100,100039,100,99971,100,100053,100,99962,100,100070,100,99950,100,100082,100,99946,200,100101,200,99943,100,100107,100,99934,100,100122,100,99926,100,100127,100,99918,100
2019-06-28 09:30:00.000000061,100032,100,99979,100,100033,100,99971,100,100039,100,99962,100,100053,100,99950,100,100070,100,99946,200,100082,100,99943,100,100101,200,99934,100,100107,100,99926,100,100122,100,99918,100,100127,100,99913,100
2019-06-28 09:30:00.000000065,100026,100,99979,100,100032,100,99971,100,100033,100,99962,100,100039,100,99950,100,100053,100,99946,200,100070,100,99943,100,100077,100,99934,100,100082,100,99926,100,100101,200,99918,100,100107,100,99913,100
2019-06-28 09:30:00.000000067,100026,100,99979,100,100032,100,99971,100,100033,100,99962,100,100039,100,99950,100,100053,100,99946,200,100070,100,99943,100,100077,100,99934,100,100082,100,99926,100,100101,200,99918,100,100107,100,99913,100
2019-06-28 09:30:00.000000069,100026,100,99979,100,100030,100,99971,100,100032,100,99962,100,100033,100,99950,100,100039,100,99946,200,100053,100,99943,100,100070,100,99934,100,100077,100,99926,100,100082,100,99918,100,100101,200,99913,100
2019-06-28 09:30:00.000000071,100026,100,99979,100,100030,100,99971,100,100032,100,99962,100,100033,100,99950,100,100039,100,99946,200,100053,100,99943,100,100070,100,99934,100,100077,100,99926,100,100082,100,99918,100,100101,200,99913,100
2019-06-28 09:30:00.000000073,100026,100,99979,100,100030,100,99971,100,100032,100,99962,100,100033,100,99950,100,100039,100,99946,200,100053,100,99943,100,100070,100,99934,100,100077,100,99931,100,100082,100,99926,100,100101,200,99918,100
2019-06-28 09:30:00.000000076,100026,100,99986,100,100030,100,99979,100,100032,100,99971,100,100033,100,99962,100,100039,100,99950,100,100053,100,99946,200,100070,100,99943,100,100077,100,99934,100,100082,100,99931,100,100101,200,99926,100
2019-06-28 09:30:00.000000077,100026,100,99986,100,100030,100,99979,100,100032,100,99971,100,100033,100,99962,100,100039,100,99950,100,100053,100,99946,200,100070,100,99943,100,100077,100,99942,100,100082,100,99934,100,100101,200,99931,100
2019-06-28 09:30:00.000000078,100026,100,100008,100,100030,100,99986,100,100032,100,99979,100,100033,100,99971,100,100039,100,99962,100,100053,100,99950,100,100070,100,99946,200,100077,100,99943,100,100082,100,99942,100,100101,200,99934,100
2019-06-28 09:30:00.000000079,100026,100,100008,200,100030,100,99986,100,100032,100,99979,100,100033,100,99971,100,100039,100,99962,100,100053,100,99950,100,100070,100,99946,200,100077,100,99943,100,100082,100,99942,100,100101,200,99934,100
2019-06-28 09:30:00.000000084,100026,100,100008,200,100030,100,99986,100,100032,100,99979,100,100033,100,99971,100,100039,100,99962,100,100053,100,99950,100,100070,100,99946,200,100077,100,99943,100,100082,100,99942,100,100101,200,99934,100
2019-06-28 09:30:00.000000085,100026,100,100008,200,100030,100,99986,100,100032,100,99979,100,100033,100,99971,100,100039,100,99962,100,100053,100,99950,100,100070,100,99946,200,100077,100,99943,100,100082,100,99942,100,100101,200,99934,100
2019-06-28 09:30:00.000000086,100026,100,100008,200,100030,100,99986,100,100032,100,99979,100,100033,100,99971,100,100039,100,99962,100,100043,100,99950,100,100053,100,99946,200,100070,100,99943,100,100077,100,99942,100,100082,100,99934,100
2019-06-28 09:30:00.000000088,100026,100,100009,100,100030,100,100008,100,100032,100,99986,100,100033,100,99979,100,100039,100,99977,100,100043,100,99971,100,100053,100,99962,100,100070,100,99950,100,100077,100,99946,200,100082,100,99943,100
2019-06-28 09:30:00.000000089,100026,100,100008,100,100030,100,99986,100,100032,100,99979,100,100033,100,99977,100,100039,100,99971,100,100043,100,99962,100,100053,100,99950,100,100070,100,99946,200,100077,100,99943,100,100082,100,99942,100
2019-06-28 09:30:00.000000091,100026,100,100008,100,100030,100,99986,100,100032,100,99979,100,100033,100,99977,100,100039,100,99971,100,100043,100,99962,100,100053,100,99950,100,100070,100,99946,200,100077,100,99943,100,100082,100,99942,100
2019-06-28 09:30:00.000000092,100026,100,100008,100,100030,100,99986,100,100032,100,99979,100,100033,100,99977,100,100039,100,99971,100,100043,100,99962,100,100053,100,99950,100,100070,100,99946,200,100077,100,99943,100,100082,100,99942,100
2019-06-28 09:30:00.000000096,100009,100,100008,100,100026,100,99986,100,100030,100,99979,100,100032,100,99977,100,100033,100,99971,100,100039,100,99962,100,100043,100,99950,100,100053,100,99946,200,100070,100,99943,100,100077,100,99942,100
2019-06-28 09:30:00.000000098,100009,100,99986,100,100026,100,99979,100,100030,100,99977,100,100032,100,99971,100,100033,100,99962,100,100039,100,99950,100,100043,100,99946,200,100053,100,99943,100,100070,100,99942,100,100077,100,99934,100
2019-06-28 09:30:00.000000099,100009,100,99986,100,100026,100,99979,100,100030,100,99977,100,100032,100,99971,100,100033,100,99966,100,100039,100,99962,100,100043,100,99950,100,100051,100,99946,200,100053,100,99943,100,100070,100,99942,100
2019-06-28 09:30:10.000000000,100009,173,99986,173,100026,173,99979,173,100030,173,99977,173,100032,173,99971,173,100033,173,99966,173,100039,100,99962,100,100043,100,99950,100,100051,100,99946,200,100053,100,99943,100,100070,100,99942,100
2019-06-28 09:30:12.224891673,100009,173,100008,100,100026,173,99986,173,100030,173,99979,173,100032,173,99977,173,100033,173,99971,173,100039,100,99966,173,100043,100,99962,100,100051,100,99950,100,100053,100,99946,200,100070,100,99943,100
2019-06-28 09:30:16.120500458,100009,73,100008,100,100026,173,99986,173,100030,173,99979,173,100032,173,99977,173,100033,173,99971,173,100039,100,99966,173,100043,100,99962,100,100051,100,99950,100,100053,100,99946,200,100070,100,99943,100
2019-06-28 09:30:19.204328837,100026,173,100009,27,100030,173,100008,100,100032,173,99986,173,100033,173,99979,173,100039,100,99977,173,100043,100,99971,173,100051,100,99966,173,100053,100,99962,100,100070,100,99950,100,100077,100,99946,200
2019-06-28 09:30:20.000000000,100026,282,100009,209,100030,282,100008,282,100032,100,99986,100,100033,100,99979,100,100039,100,99977,100,100043,100,99971,100,100051,100,99966,100,100053,100,99962,100,100070,100,99950,100,100077,100,99946,200
2019-06-28 09:30:29.030364931,100026,282,100009,309,100030,282,100008,282,100033,100,99986,100,100039,100,99979,100,100043,100,99977,100,100051,100,99971,100,100053,100,99966,100,100070,100,99962,100,100077,100,99950,100,100082,100,99946,200
2019-06-28 09:30:30.000000000,100026,224,100009,251,100030,220,100008,220,100033,220,99986,220,100039,100,99979,100,100043,100,99977,100,100051,100,99971,100,100053,100,99966,100,100070,100,99962,100,100077,100,99950,100,100082,100,99946,200
2019-06-28 09:30:40.000000000,100026,224,100009,251,100030,220,100008,220,100033,220,99986,220,100039,100,99979,100,100043,100,99977,100,100051,100,99971,100,100053,100,99966,100,100070,100,99962,100,100077,100,99950,100,100082,100,99946,200
2019-06-28 09:30:50.000000000,100026,464,100009,491,100030,100,100008,100,100033,100,99986,100,100039,100,99979,100,100043,100,99977,100,100051,100,99971,100,100053,100,99966,100,100070,100,99962,100,100077,100,99950,100,100082,100,99946,200
2019-06-28 09:31:00.000000000,100026,191,100009,218,100030,191,100008,191,100033,191,99986,191,100039,191,99979,191,100043,100,99977,100,100051,100,99971,100,100053,100,99966,100,100070,100,99962,100,100077,100,99950,100,100082,100,99946,200
2019-06-28 09:31:04.344584447,100026,191,100009,118,100030,191,100008,191,100033,191,99986,191,100039,191,99979,191,100043,100,99977,100,100051,100,99971,100,100053,100,99966,100,100070,100,99962,100,100077,100,99950,100,100082,100,99946,200
2019-06-28 09:31:10.000000000,100026,224,100009,151,100030,220,100008,220,100033,220,99986,220,100039,100,99979,100,100043,100,99977,100,100051,100,99971,100,100053,100,99966,100,100070,100,99962,100,100077,100,99950,100,100082,100,99946,200
2019-06-28 09:31:20.000000000,100026,173,100009,100,100030,173,100008,173,100033,173,99986,173,100039,173,99979,173,100043,173,99977,173,100051,100,99971,100,100053,100,99966,100,100070,100,99962,100,100077,100,99950,100,100082,100,99946,200
2019-06-28 09:31:21.687630927,100026,173,100008,173,100030,173,99986,173,100033,173,99979,173,100039,173,99977,173,100043,173,99971,100,100051,100,99966,100,100053,100,99962,100,100070,100,99950,100,100077,100,99946,200,100082,100,99942,100
2019-06-28 09:31:30.000000000,100026,173,100008,173,100030,173,99986,173,100033,173,99979,173,100039,173,99977,173,100043,173,99971,173,100051,100,99966,100,100053,100,99962,100,100070,100,99950,100,100077,100,99946,200,100082,100,99942,100
2019-06-28 09:31:38.102404414,100009,100,100008,173,100026,173,99986,173,100030,173,99979,173,100033,173,99977,173,100039,173,99971,173,100043,173,99966,100,100051,100,99962,100,100053,100,99950,100,100070,100,99946,200,100077,100,99942,100
2019-06-28 09:31:40.000000000,100009,173,100008,173,100026,173,99986,173,100030,173,99979,173,100033,173,99977,173,100039,173,99971,173,100043,100,99966,100,100051,100,99962,100,100053,100,99950,100,100070,100,99946,200,100077,100,99942,100
2019-06-28 09:31:44.122463787,100009,173,100008,73,100026,173,99986,173,100030,73,99979,173,100033,173,99977,173,100039,173,99971,173,100043,100,99966,100,100051,100,99962,100,100053,100,99950,100,100070,100,99946,200,100077,100,99942,100
2019-06-28 09:31:50.000000000,100009,191,99986,191,100026,191,99979,191,100033,191,99977,191,100039,191,99971,191,100043,100,99966,100,100051,100,99962,100,100053,100,99950,100,100070,100,99946,200,100077,100,99942,100,100082,100,99934,100
2019-06-28 09:31:51.554048007,100009,191,99986,191,100026,191,99979,191,100033,191,99977,191,100039,191,99971,191,100043,100,99966,100,100051,100,99962,100,100053,100,99950,100,100070,100,99946,200,100077,100,99942,100,100082,100,99934,100
2019-06-28 09:32:00.000000000,100009,464,99986,464,100026,100,99979,100,100033,100,99977,100,100039,100,99971,100,100043,100,99966,100,100051,100,99962,100,100053,100,99950,100,100070,100,99946,200,100077,100,99942,100,100082,100,99934,100
2019-06-28 09:32:10.000000000,100009,282,99986,282,100026,282,99979,282,100033,100,99977,100,100039,100,99971,100,100043,100,99966,100,100051,100,99962,100,100053,100,99950,100,100070,100,99946,200,100077,100,99942,100,100082,100,99934,100
2019-06-28 09:32:20.000000000,100009,224,99986,224,100026,220,99979,220,100033,220,99977,220,100039,100,99971,100,100043,100,99966,100,100051,100,99962,100,100053,100,99950,100,100070,100,99946,200,100077,100,99942,100,100082,100,99934,100
2019-06-28 09:32:30.000000000,100009,224,99986,224,100026,220,99979,220,100033,220,99977,220,100039,100,99971,100,100043,100,99966,100,100051,100,99962,100,100053,100,99950,100,100070,100,99946,200,100077,100,99942,100,100082,100,99934,100
2019-06-28 09:32:40.000000000,100009,224,99986,224,100026,220,99979,220,100033,220,99977,220,100039,100,99971,100,100043,100,99966,100,100051,100,99962,100,100053,100,99950,100,100070,100,99946,200,100077,100,99942,100,100082,100,99934,100
2019-06-28 09:32:50.000000000,100009,224,99986,224,100026,220,99979,220,100033,220,99977,220,100039,100,99971,100,100043,100,99966,100,100051,100,99962,100,100053,100,99950,100,100070,100,99946,200,100077,100,99942,100,100082,100,99934,100
2019-06-28 09:33:00.000000000,100009,191,99986,191,100026,191,99979,191,100033,191,99977,191,100039,191,99971,191,100043,100,99966,100,100051,100,99962,100,100053,100,99950,100,100070,100,99946,200,100077,100,99942,100,100082,100,99934,100
2019-06-28 09:33:10.000000000,100009,173,99986,173,100026,173,99979,173,100033,173,99977,173,100039,173,99971,173,100043,173,99966,173,100051,100,99962,100,100053,100,99950,100,100070,100,99946,200,100077,100,99942,100,100082,100,99934,100
2019-06-28 09:33:14.081610888,100009,73,99986,173,100026,173,99979,173,100033,173,99977,173,100039,173,99971,173,100043,173,99966,173,100051,100,99950,100,100053,100,99946,200,100070,100,99942,100,100077,100,99934,100,100082,100,99931,100
2019-06-28 09:33:16.574513247,100009,73,99986,173,100026,173,99979,173,100033,173,99977,173,100039,173,99971,173,100043,173,99966,73,100051,100,99950,100,100053,100,99946,200,100070,100,99942,100,100077,100,99934,100,100082,100,99931,100
2019-06-28 09:33:20.000000000,100026,464,99986,464,100033,100,99979,100,100039,100,99977,100,100043,100,99971,100,100051,100,99950,100,100053,100,99946,200,100070,100,99942,100,100077,100,99934,100,100082,100,99931,100,100101,100,99926,100
2019-06-28 09:33:27.832948108,100026,464,99986,464,100033,100,99979,100,100039,100,99977,100,100043,100,99971,100,100051,100,99950,100,100053,100,99946,200,100070,100,99942,100,100077,100,99934,100,100082,100,99931,100,100107,100,99926,100
2019-06-28 09:33:30.000000000,100026,224,99986,224,100033,220,99979,220,100039,220,99977,220,100043,100,99971,100,100051,100,99950,100,100053,100,99946,200,100070,100,99942,100,100077,100,99934,100,100082,100,99931,100,100107,100,99926,100
2019-06-28 09:33:31.134322779,100026,124,99986,224,100033,220,99979,220,100039,220,99977,220,100043,100,99971,100,100051,100,99950,100,100053,100,99946,200,100070,100,99942,100,100077,100,99934,100,100082,100,99931,100,100107,100,99926,100
2019-06-28 09:33:37.873021335,100026,124,100009,100,100033,220,99986,224,100039,220,99979,220,100043,100,99977,220,100051,100,99971,100,100053,100,99950,100,100070,100,99946,200,100077,100,99942,100,100082,100,99934,100,100107,100,99931,100
2019-06-28 09:33:40.000000000,100033,464,100009,464,100039,100,99986,100,100043,100,99979,100,100051,100,99977,100,100053,100,99971,100,100070,100,99950,100,100077,100,99946,200,100082,100,99942,100,100107,100,99934,100,100127,100,99931,100
2019-06-28 09:33:50.000000000,100033,173,100009,173,100039,173,99986,173,100043,173,99979,173,100051,173,99977,173,100053,173,99971,173,100070,100,99950,100,100077,100,99946,200,100082,100,99942,100,100107,100,99934,100,100127,100,99931,100
2019-06-28 09:33:55.850084907,100033,173,100009,273,100039,173,99986,173,100043,173,99979,173,100051,173,99977,173,100053,173,99971,173,100070,100,99950,100,100077,100,99946,200,100082,100,99942,100,100107,100,99934,100,100127,100,99931,100
2019-06-28 09:34:00.000000000,100033,464,100009,564,100039,100,99986,100,100043,100,99979,100,100051,100,99977,100,100053,100,99971,100,100070,100,99950,100,100077,100,99946,200,100082,100,99942,100,100107,100,99934,100,100127,100,99931,100
2019-06-28 09:34:10.000000000,100033,191,100009,291,100039,191,99986,191,100043,191,99979,191,100051,191,99977,191,100053,100,99971,100,100070,100,99950,100,100077,100,99946,200,100082,100,99942,100,100107,100,99934,100,100127,100,99931,100
2019-06-28 09:34:14.538457094,100033,91,100009,291,100039,191,99986,191,100043,191,99979,191,100051,191,99977,191,100053,100,99971,100,100070,100,99950,100,100077,100,99946,200,100082,100,99942,100,100107,100,99934,100,100127,100,99931,100
2019-06-28 09:34:20.000000000,100039,224,100009,324,100043,220,99986,220,100051,220,99979,220,100053,100,99977,100,100070,100,99971,100,100077,100,99950,100,100082,100,99946,200,100107,100,99942,100,100127,100,99934,100,100141,100,99931,100
2019-06-28 09:34:30.000000000,100039,191,100009,291,100043,191,99986,191,100051,191,99979,191,100053,191,99977,191,100070,100,99971,100,100077,100,99950,100,100082,100,99946,200,100107,100,99942,100,100127,100,99934,100,100141,100,99931,100
2019-06-28 09:34:40.000000000,100039,191,100009,291,100043,191,99986,191,100051,191,99979,191,100053,191,99977,191,100070,100,99971,100,100077,100,99950,100,100082,100,99946,200,100107,100,99942,100,100127,100,99934,100,100141,100,99931,100
2019-06-28 09:34:40.079173962,100039,191,100009,291,100043,191,99986,191,100051,191,99979,191,100053,191,99977,191,100070,100,99971,100,100077,100,99950,100,100082,100,99946,200,100107,100,99942,100,100127,100,99934,100,100141,100,99931,100
2019-06-28 09:34:50.000000000,100039,282,100009,382,100043,282,99986,282,100051,100,99979,100,100053,100,99977,100,100070,100,99971,100,100077,100,99950,100,100082,100,99946,200,100107,100,99942,100,100127,100,99934,100,100141,100,99931,100
2019-06-28 09:35:00.000000000,100039,282,100009,382,100043,282,99986,282,100051,100,99979,100,100053,100,99977,100,100070,100,99971,100,100077,100,99950,100,100082,100,99946,200,100107,100,99942,100,100127,100,99934,100,100141,100,99931,100
2019-06-28 09:35:10.000000000,100039,191,100009,291,100043,191,99986,191,100051,191,99979,191,100053,191,99977,191,100070,100,99971,100,100077,100,99950,100,100082,100,99946,200,100107,100,99942,100,100127,100,99934,100,100141,100,99931,100
2019-06-28 09:35:20.000000000,100039,191,100009,291,100043,191,99986,191,100051,191,99979,191,100053,191,99977,191,100070,100,99971,100,100077,100,99950,100,100082,100,99946,200,100107,100,99942,100,100127,100,99934,100,100141,100,99931,100
2019-06-28 09:35:28.846888930,100039,91,100009,291,100043,191,99986,191,100051,191,99979,191,100053,191,99977,191,100070,100,99971,100,100077,100,99950,100,100082,100,99946,200,100107,100,99942,100,100127,100,99934,100,100141,100,99931,100
2019-06-28 09:35:30.000000000,100043,224,100009,324,100051,220,99986,220,100053,220,99979,220,100070,100,99977,100,100077,100,99971,100,100082,100,99950,100,100107,100,99946,200,100127,100,99942,100,100141,100,99934,100,100142,100,99931,100
2019-06-28 09:35:30.484587647,100043,224,100033,100,100051,220,100009,324,100053,220,99986,220,100070,100,99979,120,100077,100,99977,100,100082,100,99971,100,100107,100,99950,100,100127,100,99946,200,100141,100,99942,100,100142,100,99934,100
2019-06-28 09:35:40.000000000,100043,282,100033,282,100051,282,100009,382,100053,100,99986,100,100070,100,99977,100,100077,100,99971,100,100082,100,99950,100,100107,100,99946,200,100127,100,99942,100,100141,100,99934,100,100142,100,99931,100
2019-06-28 09:35:50.000000000,100043,224,100033,224,100051,220,100009,320,100053,220,99986,220,100070,100,99977,100,100077,100,99971,100,100082,100,99950,100,100107,100,99946,200,100127,100,99942,100,100141,100,99934,100,100142,100,99931,100
2019-06-28 09:36:00.000000000,100043,282,100033,282,100051,282,100009,382,100053,100,99986,100,100070,100,99977,100,100077,100,99971,100,100082,100,99950,100,100107,100,99946,200,100127,100,99942,100,100141,100,99934,100,100142,100,99931,100
2019-06-28 09:36:09.577719296,100043,182,100033,282,100051,282,100009,382,100053,100,99986,100,100070,100,99977,100,100077,100,99971,100,100082,100,99950,100,100107,100,99946,200,100127,100,99942,100,100141,100,99934,100,100142,100,99931,100
2019-06-28 09:36:10.000000000,100051,191,100033,191,100053,191,100009,291,100070,191,99986,191,100077,191,99977,191,100082,100,99971,100,100107,100,99950,100,100127,100,99946,200,100141,100,99942,100,100142,100,99934,100,100157,100,99931,100
2019-06-28 09:36:20.000000000,100051,191,100033,191,100053,191,100009,291,100070,191,99986,191,100077,191,99977,191,100082,100,99971,100,100107,100,99950,100,100127,100,99946,200,100141,100,99942,100,100142,100,99934,100,100157,100,99931,100
2019-06-28 09:36:30.000000000,100051,173,100033,173,100053,173,100009,273,100070,173,99986,173,100077,173,99977,173,100082,173,99971,173,100107,100,99950,100,100127,100,99946,200,100141,100,99942,100,100142,100,99934,100,100157,100,99931,100
2019-06-28 09:36:40.000000000,100051,224,100033,224,100053,220,100009,320,100070,220,99986,220,100077,100,99977,100,100082,100,99971,100,100107,100,99950,100,100127,100,99946,200,100141,100,99942,100,100142,100,99934,100,100157,100,99931,100
2019-06-28 09:36:50.000000000,100051,464,100033,464,100053,100,100009,200,100070,100,99986,100,100077,100,99977,100,100082,100,99971,100,100107,100,99950,100,100127,100,99946,200,100141,100,99942,100,100142,100,99934,100,100157,100,99931,100
2019-06-28 09:37:00.000000000,100051,282,100033,282,100053,282,100009,382,100070,100,99986,100,100077,100,99977,100,100082,100,99971,100,100107,100,99950,100,100127,100,99946,200,100141,100,99942,100,100142,100,99934,100,100157,100,99931,100
2019-06-28 09:37:10.000000000,100051,173,100033,173,100053,173,100009,273,100070,173,99986,173,100077,173,99977,173,100082,173,99971,173,100107,100,99950,100,100127,100,99946,200,100141,100,99942,100,100142,100,99934,100,100157,100,99931,100
2019-06-28 09:37:11.251855893,100038,100,100033,173,100051,173,100009,273,100053,173,99986,173,100070,173,99977,173,100077,173,99971,173,100082,173,99950,100,100107,100,99946,200,100127,100,99942,100,100141,100,99934,100,100142,100,99931,100
2019-06-28 09:37:20.000000000,100038,224,100033,224,100051,220,100009,320,100053,220,99986,220,100070,100,99977,100,100077,100,99971,100,100082,100,99950,100,100107,100,99946,200,100127,100,99942,100,100141,100,99934,100,100142,100,99931,100
2019-06-28 09:37:20.043172582,100038,124,100033,224,100051,220,100009,320,100053,220,99986,220,100070,100,99977,100,100077,100,99971,100,100082,100,99950,100,100127,100,99946,200,100141,100,99942,100,100142,100,99934,100,100157,100,99931,100
2019-06-28 09:37:30.000000000,100051,173,100033,173,100053,173,100009,273,100070,173,99986,173,100077,173,99977,173,100082,173,99971,173,100127,100,99950,100,100141,100,99946,200,100142,100,99942,100,100157,100,99934,100,100187,100,99931,100
2019-06-28 09:37:33.638448786,100051,173,100038,100,100053,173,100033,173,100070,173,100009,273,100077,173,99986,173,100082,173,99977,173,100127,100,99971,173,100141,100,99950,100,100142,100,99946,200,100157,100,99942,100,100187,100,99934,100
2019-06-28 09:37:37.625411918,100051,173,100038,100,100053,173,100033,173,100070,173,100009,273,100077,173,99986,173,100082,173,99977,173,100127,100,99971,173,100141,100,99950,100,100142,100,99946,200,100157,100,99942,100,100187,100,99934,100
2019-06-28 09:37:40.000000000,100051,464,100038,464,100053,100,100033,100,100070,100,100009,200,100077,100,99986,100,100082,100,99977,100,100127,100,99971,100,100141,100,99950,100,100142,100,99946,200,100157,100,99942,100,100187,100,99934,100
2019-06-28 09:37:50.000000000,100051,464,100038,464,100053,100,100033,100,100070,100,100009,200,100077,100,99986,100,100082,100,99977,100,100127,100,99971,100,100141,100,99950,100,100142,100,99946,200,100157,100,99942,100,100187,100,99934,100
2019-06-28 09:37:50.073462358,100051,364,100038,464,100053,100,100033,100,100070,100,100009,200,100077,100,99986,100,100082,100,99977,100,100127,100,99971,100,100141,100,99950,100,100142,100,99946,200,100157,100,99942,100,100187,100,99934,100
2019-06-28 09:38:00.000000000,100053,191,100038,191,100070,191,100033,191,100077,191,100009,291,100082,191,99986,191,100127,100,99977,100,100141,100,99971,100,100142,100,99950,100,100157,100,99946,200,100187,100,99942,100,100197,100,99934,100
2019-06-28 09:38:10.000000000,100053,282,100038,282,100070,282,100033,282,100077,100,100009,200,100082,100,99986,100,100127,100,99977,100,100141,100,99971,100,100142,100,99950,100,100157,100,99946,200,100187,100,99942,100,100197,100,99934,100
2019-06-28 09:38:20.000000000,100053,191,100038,191,100070,191,100033,191,100077,191,100009,291,100082,191,99986,191,100127,100,99977,100,100141,100,99971,100,100142,100,99950,100,100157,100,99946,200,100187,100,99942,100,100197,100,99934,100
2019-06-28 09:38:24.618698106,100053,91,100038,191,100070,191,100033,191,100077,191,100009,291,100082,191,99986,191,100127,100,99977,100,100141,100,99971,100,100142,100,99950,100,100157,100,99946,200,100187,100,99942,100,100197,100,99934,100
2019-06-28 09:38:28.138902393,100053,91,100051,100,100070,191,100038,191,100077,191,100033,191,100082,191,100009,291,100127,100,99986,191,100141,100,99977,100,100142,100,99971,100,100157,100,99950,100,100187,100,99946,200,100197,100,99942,100
2019-06-28 09:38:30.000000000,100070,464,100051,464,100077,100,100038,100,100082,100,100033,100,100127,100,100009,200,100141,100,99986,100,100142,100,99977,100,100157,100,99971,100,100187,100,99950,100,100197,100,99946,200,100204,100,99942,100
2019-06-28 09:38:38.399545644,100070,364,100051,464,100077,100,100038,100,100082,100,100033,100,100127,100,100009,200,100141,100,99986,100,100142,100,99977,100,100157,100,99971,100,100187,100,99950,100,100197,100,99946,200,100204,100,99942,100
2019-06-28 09:38:40.000000000,100077,464,100051,464,100082,100,100038,100,100127,100,100033,100,100141,100,100009,200,100142,100,99986,100,100157,100,99977,100,100187,100,99971,100,100197,100,99950,100,100204,100,99946,200,100266,100,99942,100
2019-06-28 09:38:50.000000000,100077,224,100051,224,100082,220,100038,220,100127,220,100033,220,100141,100,100009,200,100142,100,99986,100,100157,100,99977,100,100187,100,99971,100,100197,100,99950,100,100204,100,99946,200,100266,100,99942,100
2019-06-28 09:39:00.000000000,100077,173,100051,173,100082,173,100038,173,100127,173,100033,173,100141,173,100009,273,100142,173,99986,173,100157,100,99977,100,100187,100,99971,100,100197,100,99950,100,100204,100,99946,200,100266,100,99942,100
2019-06-28 09:39:02.106823954,100077,73,100051,173,100082,173,100038,173,100127,173,100033,173,100141,173,100009,273,100142,173,99986,173,100157,100,99977,100,100187,100,99971,100,100197,100,99950,100,100204,100,99946,200,100266,100,99942,100
2019-06-28 09:39:10.000000000,100082,464,100051,464,100127,100,100038,100,100141,100,100033,100,100142,100,100009,200,100157,100,99986,100,100187,100,99977,100,100197,100,99971,100,100204,100,99950,100,100266,100,99946,200,,,99942,100
2019-06-28 09:39:20.000000000,100082,191,100051,191,100127,191,100038,191,100141,191,100033,191,100142,191,100009,291,100157,100,99986,100,100187,100,99977,100,100197,100,99971,100,100204,100,99950,100,100266,100,99946,200,,,99942,100
2019-06-28 09:39:26.681588728,100082,91,100051,191,100127,191,100038,191,100141,191,100033,191,100142,191,100009,291,100157,100,99986,100,100197,100,99977,100,100204,100,99971,100,100266,100,99950,100,,,99946,200,,,99942,100
2019-06-28 09:39:30.000000000,100127,282,100051,282,100141,282,100038,282,100142,100,100033,100,100157,100,100009,200,100197,100,99986,100,100204,100,99977,100,100266,100,99971,100,,,99950,100,,,99946,200,,,99942,100
2019-06-28 09:39:40.000000000,100127,173,100051,173,100141,173,100038,173,100142,173,100033,173,100157,173,100009,273,100197,173,99986,173,100204,100,99977,100,100266,100,99971,100,,,99950,100,,,99946,200,,,99942,100
2019-06-28 09:39:50.000000000,100127,464,100051,464,100141,100,100038,100,100142,100,100033,100,100157,100,100009,200,100197,100,99986,100,100204,100,99977,100,100266,100,99971,100,,,99950,100,,,99946,200,,,99942,100
2019-06-28 09:40:00.000000000,100127,191,100051,191,100141,191,100038,191,100142,191,100033,191,100157,191,100009,291,100197,100,99986,100,100204,100,99977,100,100266,100,99971,100,,,99950,100,,,99946,200,,,99942,100
2019-06-28 09:40:10.000000000,100127,173,100051,173,100141,173,100038,173,100142,173,100033,173,100157,173,100009,273,100197,173,99986,173,100204,100,99977,100,100266,100,99971,100,,,99950,100,,,99946,200,,,99942,100
2019-06-28 09:40:20.000000000,100127,173,100051,173,100141,173,100038,173,100142,173,100033,173,100157,173,100009,273,100197,173,99986,173,100204,100,99977,100,100266,100,99971,100,,,99950,100,,,99946,200,,,99942,100
2019-06-28 09:40:23.117672987,100127,73,100051,173,100141,173,100038,173,100142,173,100033,173,100157,173,100009,273,100197,173,99986,173,100204,100,99977,100,100266,100,99971,100,,,99950,100,,,99946,200,,,99942,100
2019-06-28 09:40:28.597608948,100141,173,100127,27,100142,173,100051,173,100157,173,100038,173,100197,173,100033,173,100204,100,100009,273,100266,100,99986,173,,,99977,100,,,99971,100,,,99950,100,,,99946,200
2019-06-28 09:40:30.000000000,100141,464,100127,391,100142,100,100051,100,100157,100,100038,100,100197,100,100033,100,100204,100,100009,200,100266,100,99986,100,,,99977,100,,,99971,100,,,99950,100,,,99946,200
2019-06-28 09:40:36.520575985,100141,464,100127,391,100142,100,100051,100,100157,100,100038,100,100197,100,100009,200,100204,100,99986,100,100266,100,99977,100,,,99971,100,,,99950,100,,,99946,200,,,99942,100
2019-06-28 09:40:40.000000000,100141,191,100127,118,100142,191,100051,191,100157,191,100038,191,100197,191,100009,291,100204,100,99986,100,100266,100,99977,100,,,99971,100,,,99950,100,,,99946,200,,,99942,100
2019-06-28 09:40:50.000000000,100141,464,100127,391,100142,100,100051,100,100157,100,100038,100,100197,100,100009,200,100204,100,99986,100,100266,100,99977,100,,,99971,100,,,99950,100,,,99946,200,,,99942,100
2019-06-28 09:40:55.154666221,100141,464,100127,491,100142,100,100051,100,100157,100,100038,100,100197,100,100009,200,100204,100,99986,100,100266,100,99977,100,,,99971,100,,,99950,100,,,99946,200,,,99942,100
2019-06-28 09:40:55.453748564,100141,464,100127,491,100142,100,100051,100,100157,100,100038,100,100197,100,100009,200,100204,100,99986,100,100266,100,99977,100,100668,100,99971,100,,,99950,100,,,99946,200,,,99942,100
2019-06-28 09:40:55.608044045,100141,364,100127,491,100142,100,100051,100,100157,100,100038,100,100197,100,100009,200,100204,100,99977,100,100266,100,99971,100,100668,100,99950,100,,,99946,200,,,99942,100,,,99931,100
2019-06-28 09:41:00.000000000,100142,224,100127,251,100157,220,100051,220,100197,220,100038,220,100204,100,100009,200,100266,100,99977,100,100668,100,99971,100,,,99950,100,,,99946,200,,,99942,100,,,99931,100
2019-06-28 09:41:08.381933786,100142,224,100127,251,100157,220,100051,220,100197,220,100038,220,100204,100,100009,200,100266,100,99977,100,100492,100,99971,100,100668,100,99950,100,,,99946,200,,,99942,100,,,99931,100
2019-06-28 09:41:10.000000000,100142,282,100127,309,100157,282,100051,282,100197,100,100038,100,100204,100,100009,200,100266,100,99977,100,100492,100,99971,100,100668,100,99950,100,,,99946,200,,,99942,100,,,99931,100
2019-06-28 09:41:15.176848582,100142,282,100127,309,100157,282,100051,282,100197,100,100038,100,100204,100,100009,200,100266,100,99977,100,100492,100,99971,100,100668,100,99950,100,100808,100,99946,200,,,99942,100,,,99931,100
2019-06-28 09:41:20.000000000,100142,224,100127,251,100157,220,100051,220,100197,220,100038,220,100204,100,100009,200,100266,100,99977,100,100492,100,99971,100,100668,100,99950,100,100808,100,99946,200,,,99942,100,,,99931,100
2019-06-28 09:41:30.000000000,100142,224,100127,251,100157,220,100051,220,100197,220,100038,220,100204,100,100009,200,100266,100,99977,100,100492,100,99971,100,100668,100,99950,100,100808,100,99946,200,,,99942,100,,,99931,100
2019-06-28 09:41:40.000000000,100142,464,100127,491,100157,100,100051,100,100197,100,100038,100,100204,100,100009,200,100266,100,99977,100,100492,100,99971,100,100668,100,99950,100,100808,100,99946,200,,,99942,100,,,99931,100
2019-06-28 09:41:41.055182785,100142,364,100127,491,100157,100,100051,100,100197,100,100038,100,100204,100,100009,200,100266,100,99977,100,100492,100,99971,100,100668,100,99950,100,100808,100,99946,200,,,99942,100,,,99931,100
2019-06-28 09:41:50.000000000,100157,173,100127,200,100197,173,100051,173,100204,173,100038,173,100266,173,100009,273,100492,173,99977,173,100668,100,99971,100,100808,100,99950,100,,,99946,200,,,99942,100,,,99931,100
2019-06-28 09:42:00.000000000,100157,464,100127,491,100197,100,100051,100,100204,100,100038,100,100266,100,100009,200,100492,100,99977,100,100668,100,99971,100,100808,100,99950,100,,,99946,200,,,99942,100,,,99931,100
2019-06-28 09:42:05.722847711,100157,464,100127,491,100197,100,100051,100,100204,100,100038,100,100266,100,100009,200,100492,100,99977,100,100668,100,99971,100,100808,100,99950,100,100840,100,99946,200,,,99942,100,,,99931,100
2019-06-28 09:42:10.000000000,100157,191,100127,218,100197,191,100051,191,100204,191,100038,191,100266,191,100009,291,100492,100,99977,100,100668,100,99971,100,100808,100,99950,100,100840,100,99946,200,,,99942,100,,,99931,100
2019-06-28 09:42:20.000000000,100157,464,100127,491,100197,100,100051,100,100204,100,100038,100,100266,100,100009,200,100492,100,99977,100,100668,100,99971,100,100808,100,99950,100,100840,100,99946,200,,,99942,100,,,99931,100
2019-06-28 09:42:23.099104355,100157,364,100127,491,100197,100,100051,100,100204,100,100038,100,100266,100,100009,200,100492,100,99977,100,100668,100,99971,100,100808,100,99950,100,100840,100,99946,200,,,99942,100,,,99931,100
2019-06-28 09:42:30.000000000,100197,464,100127,491,100204,100,100051,100,100266,100,100038,100,100492,100,100009,200,100668,100,99977,100,100808,100,99971,100,100840,100,99950,100,,,99946,200,,,99942,100,,,99931,100
2019-06-28 09:42:40.000000000,100197,224,100127,251,100204,220,100051,220,100266,220,100038,220,100492,100,100009,200,100668,100,99977,100,100808,100,99971,100,100840,100,99950,100,,,99946,200,,,99942,100,,,99931,100
2019-06-28 09:42:44.756858523,100197,224,100142,100,100204,220,100127,251,100266,220,100051,220,100492,100,100038,220,100668,100,100009,100,100808,100,99977,100,100840,100,99971,100,,,99950,100,,,99946,200,,,99942,100
2019-06-28 09:42:49.266544828,100197,124,100142,100,100204,220,100127,251,100266,220,100051,220,100492,100,100038,220,100668,100,100009,100,100808,100,99971,100,100840,100,99950,100,,,99946,200,,,99942,100,,,99931,100
2019-06-28 09:42:50.000000000,100204,464,100142,464,100266,100,100127,127,100492,100,100051,100,100668,100,100038,100,100808,100,100009,100,100840,100,99971,100,,,99950,100,,,99946,200,,,99942,100,,,99931,100
2019-06-28 09:42:50.739543297,100204,464,100142,464,100266,100,100127,127,100492,100,100051,100,100668,100,100038,100,100719,100,100009,100,100808,100,99971,100,100840,100,99950,100,,,99946,200,,,99942,100,,,99931,100
2019-06-28 09:43:00.000000000,100204,464,100142,464,100266,100,100127,127,100492,100,100051,100,100668,100,100038,100,100719,100,100009,100,100808,100,99971,100,100840,100,99950,100,,,99946,200,,,99942,100,,,99931,100
2019-06-28 09:43:04.661080838,100204,364,100142,464,100266,100,100127,127,100492,100,100051,100,100668,100,100038,100,100719,100,100009,100,100808,100,99971,100,100840,100,99950,100,,,99946,200,,,99942,100,,,99931,100
2019-06-28 09:43:10.000000000,100266,191,100142,191,100492,191,100127,218,100668,191,100051,191,100719,191,100038,191,100808,100,100009,100,100840,100,99971,100,,,99950,100,,,99946,200,,,99942,100,,,99931,100
2019-06-28 09:43:20.000000000,100266,282,100142,282,100492,282,100127,309,100668,100,100051,100,100719,100,100038,100,100808,100,100009,100,100840,100,99971,100,,,99950,100,,,99946,200,,,99942,100,,,99931,100
2019-06-28 09:43:30.000000000,100266,191,100142,191,100492,191,100127,218,100668,191,100051,191,100719,191,100038,191,100808,100,100009,100,100840,100,99971,100,,,99950,100,,,99946,200,,,99942,100,,,99931,100
2019-06-28 09:43:37.920657466,100266,91,100142,191,100492,191,100127,218,100668,191,100051,191,100719,191,100038,191,100808,100,100009,100,100840,100,99971,100,,,99950,100,,,99946,200,,,99942,100,,,99931,100
2019-06-28 09:43:38.334066902,100266,91,100204,100,100492,191,100142,191,100668,191,100127,218,100719,191,100051,191,100808,100,100038,91,100840,100,100009,100,,,99971,100,,,99950,100,,,99946,200,,,99942,100
2019-06-28 09:43:40.000000000,100492,173,100204,173,100668,173,100142,173,100719,173,100127,200,100808,173,100051,173,100840,173,100009,173,,,99971,100,,,99950,100,,,99946,200,,,99942,100,,,99931,100
2019-06-28 09:43:50.000000000,100492,464,100204,464,100668,100,100142,100,100719,100,100127,127,100808,100,100051,100,100840,100,100009,100,,,99971,100,,,99950,100,,,99946,200,,,99942,100,,,99931,100
2019-06-28 09:43:57.543531766,100472,100,100204,464,100492,464,100142,100,100668,100,100127,127,100719,100,100051,100,100808,100,100009,100,100840,100,99971,100,,,99950,100,,,99946,200,,,99942,100,,,99931,100
2019-06-28 09:44:00.000000000,100472,191,100204,191,100492,191,100142,191,100668,191,100127,218,100719,191,100051,191,100808,100,100009,100,100840,100,99971,100,,,99950,100,,,99946,200,,,99942,100,,,99931,100
2019-06-28 09:44:07.153961432,100472,191,100204,291,100492,191,100142,191,100668,191,100127,218,100719,191,100051,191,100808,100,100009,100,100840,100,99971,100,,,99950,100,,,99946,200,,,99942,100,,,99931,100
2019-06-28 09:44:10.000000000,100472,282,100204,382,100492,282,100142,282,100668,100,100127,127,100719,100,100051,100,100808,100,100009,100,100840,100,99971,100,,,99950,100,,,99946,200,,,99942,100,,,99931,100
2019-06-28 09:44:20.000000000,100472,191,100204,291,100492,191,100142,191,100668,191,100127,218,100719,191,100051,191,100808,100,100009,100,100840,100,99971,100,,,99950,100,,,99946,200,,,99942,100,,,99931,100
2019-06-28 09:44:30.000000000,100472,191,100204,291,100492,191,100142,191,100668,191,100127,218,100719,191,100051,191,100808,100,100009,100,100840,100,99971,100,,,99950,100,,,99946,200,,,99942,100,,,99931,100
2019-06-28 09:44:30.379913483,100406,100,100204,291,100472,191,100142,191,100492,191,100127,218,100668,191,100051,191,100719,191,100009,100,100808,100,99971,100,100840,100,99950,100,,,99946,200,,,99942,100,,,99926,100
2019-06-28 09:44:34.978833427,100406,100,100204,291,100472,191,100142,191,100492,191,100127,218,100668,191,100051,191,100719,191,100009,100,100808,100,99971,100,100840,100,99950,100,,,99946,200,,,99942,100,,,99926,100
2019-06-28 09:44:40.000000000,100406,282,100204,382,100472,282,100142,282,100492,100,100127,127,100668,100,100051,100,100719,100,100009,100,100808,100,99971,100,100840,100,99950,100,,,99946,200,,,99942,100,,,99926,100
2019-06-28 09:44:44.991197606,100406,282,100204,382,100472,282,100142,282,100492,100,100127,127,100496,100,100051,100,100668,100,100009,100,100719,100,99971,100,100808,100,99950,100,100840,100,99946,200,,,99942,100,,,99926,100
2019-06-28 09:44:50.000000000,100406,224,100204,324,100472,220,100142,220,100492,220,100127,247,100496,100,100051,100,100668,100,100009,100,100719,100,99971,100,100808,100,99950,100,100840,100,99946,200,,,99942,100,,,99926,100
2019-06-28 09:44:59.329491719,100406,224,100284,100,100472,220,100204,324,100492,220,100142,220,100496,100,100127,247,100668,100,100051,100,100719,100,100009,100,100808,100,99971,100,100840,100,99946,200,,,99942,100,,,99926,100
2019-06-28 09:45:00.000000000,100406,224,100284,224,100472,220,100204,320,100492,220,100142,220,100496,100,100127,127,100668,100,100051,100,100719,100,100009,100,100808,100,99971,100,100840,100,99946,200,,,99942,100,,,99926,100
2019-06-28 09:45:08.454199552,100406,224,100284,124,100472,220,100204,320,100492,220,100142,220,100496,100,100127,127,100668,100,100051,100,100719,100,100009,100,100808,100,99971,100,100840,100,99946,200,,,99942,100,,,99926,100
2019-06-28 09:45:10.000000000,100406,464,100204,564,100472,100,100142,100,100492,100,100127,127,100496,100,100051,100,100668,100,100009,100,100719,100,99971,100,100808,100,99946,200,100840,100,99942,100,,,99926,100,,,99912,100
2019-06-28 09:45:20.000000000,100406,282,100204,382,100472,282,100142,282,100492,100,100127,127,100496,100,100051,100,100668,100,100009,100,100719,100,99971,100,100808,100,99946,200,100840,100,99942,100,,,99926,100,,,99912,100
2019-06-28 09:45:28.726434741,100406,282,100204,282,100472,282,100142,282,100492,100,100127,127,100496,100,100051,100,100668,100,100009,100,100719,100,99971,100,100808,100,99946,200,100840,100,99942,100,,,99926,100,,,99912,100
2019-06-28 09:45:29.081925307,100406,282,100204,282,100472,282,100142,282,100492,100,100127,100,100496,100,100051,100,100668,100,100009,100,100719,100,99971,100,100808,100,99946,200,100840,100,99942,100,,,99926,100,,,99912,100
2019-06-28 09:45:30.000000000,100406,191,100204,191,100472,191,100142,191,100492,191,100127,191,100496,191,100051,191,100668,100,100009,100,100719,100,99971,100,100808,100,99946,200,100840,100,99942,100,,,99926,100,,,99912,100
2019-06-28 09:45:31.183742536,100406,191,100204,91,100472,191,100142,191,100492,191,100127,191,100496,191,100051,191,100668,100,100009,100,100808,100,99971,100,100840,100,99946,200,,,99942,100,,,99926,100,,,99912,100
2019-06-28 09:45:40.000000000,100406,224,100142,224,100472,220,100127,220,100492,220,100051,220,100496,100,100009,100,100668,100,99971,100,100808,100,99946,200,100840,100,99942,100,,,99926,100,,,99912,100,,,99909,100
2019-06-28 09:45:50.000000000,100406,464,100142,464,100472,100,100127,100,100492,100,100051,100,100496,100,100009,100,100668,100,99971,100,100808,100,99946,200,100840,100,99942,100,,,99926,100,,,99912,100,,,99909,100
2019-06-28 09:45:58.881233744,100406,464,100142,464,100472,100,100127,100,100492,100,100051,100,100496,100,100009,100,100668,100,99971,100,100808,100,99969,100,100840,100,99946,200,,,99942,100,,,99926,100,,,99912,100
2019-06-28 09:46:00.000000000,100406,282,100142,282,100472,282,100127,282,100492,100,100051,100,100496,100,100009,100,100668,100,99971,100,100808,100,99969,100,100840,100,99946,200,,,99942,100,,,99926,100,,,99912,100
2019-06-28 09:46:00.876769022,100406,282,100142,182,100472,282,100127,282,100492,100,100051,100,100496,100,100009,100,100668,100,99971,100,100808,100,99969,100,100840,100,99946,200,,,99942,100,,,99926,100,,,99912,100
2019-06-28 09:46:10.000000000,100406,282,100127,282,100472,282,100051,282,100492,100,100009,100,100496,100,99971,100,100668,100,99969,100,100808,100,99946,200,100840,100,99942,100,,,99926,100,,,99912,100,,,99909,100
2019-06-28 09:46:14.971804421,100406,282,100127,182,100472,282,100051,282,100492,100,100009,100,100496,100,99971,100,100668,100,99969,100,100808,100,99946,200,100840,100,99942,100,,,99926,100,,,99912,100,,,99909,100
2019-06-28 09:46:20.000000000,100406,173,100051,173,100472,173,100009,173,100492,173,99971,173,100496,173,99969,173,100668,173,99946,273,100808,100,99942,100,100840,100,99926,100,,,99912,100,,,99909,100,,,99860,100
2019-06-28 09:46:30.000000000,100406,191,100051,191,100472,191,100009,191,100492,191,99971,191,100496,191,99969,191,100668,100,99946,200,100808,100,99942,100,100840,100,99926,100,,,99912,100,,,99909,100,,,99860,100
2019-06-28 09:46:31.863397476,100142,100,100051,191,100406,191,100009,191,100472,191,99971,191,100492,191,99969,191,100496,191,99946,200,100668,100,99942,100,100808,100,99926,100,100840,100,99912,100,,,99909,100,,,99860,100
2019-06-28 09:46:40.000000000,100142,282,100051,282,100406,282,100009,282,100472,100,99971,100,100492,100,99969,100,100496,100,99946,200,100668,100,99942,100,100808,100,99926,100,100840,100,99912,100,,,99909,100,,,99860,100
2019-06-28 09:46:50.000000000,100142,224,100051,224,100406,220,100009,220,100472,220,99971,220,100492,100,99969,100,100496,100,99946,200,100668,100,99942,100,100808,100,99926,100,100840,100,99912,100,,,99909,100,,,99860,100
2019-06-28 09:46:54.708590137,100142,224,100051,224,100406,220,100009,220,100472,220,99971,220,100492,100,99969,100,100496,100,99946,200,100668,100,99942,100,100808,100,99926,100,100840,100,99912,100,,,99909,100,,,99860,100
2019-06-28 09:47:00.000000000,100142,224,100051,224,100406,220,100009,220,100472,220,99971,220,100492,100,99969,100,100496,100,99946,200,100668,100,99942,100,100808,100,99926,100,100840,100,99912,100,,,99909,100,,,99860,100
2019-06-28 09:47:08.872209630,100142,224,100051,124,100406,120,100009,220,100472,220,99971,220,100492,100,99969,100,100496,100,99946,200,100668,100,99942,100,100808,100,99926,100,100840,100,99912,100,,,99909,100,,,99860,100
2019-06-28 09:47:10.000000000,100142,282,100009,282,100472,282,99971,282,100492,100,99969,100,100496,100,99946,200,100668,100,99942,100,100808,100,99926,100,100840,100,99912,100,,,99909,100,,,99860,100,,,99854,100
2019-06-28 09:47:19.239144223,100142,282,100009,282,100472,282,99971,282,100492,100,99969,100,100496,100,99946,200,100668,100,99942,100,100808,100,99926,100,100840,100,99912,100,,,99909,100,,,99860,100,,,99854,100
2019-06-28 09:47:20.000000000,100142,191,100009,191,100472,191,99971,191,100492,191,99969,191,100496,191,99946,291,100668,100,99942,100,100808,100,99926,100,100840,100,99912,100,,,99909,100,,,99860,100,,,99854,100
2019-06-28 09:47:30.000000000,100142,224,100009,224,100472,220,99971,220,100492,220,99969,220,100496,100,99946,200,100668,100,99942,100,100808,100,99926,100,100840,100,99912,100,,,99909,100,,,99860,100,,,99854,100
2019-06-28 09:47:40.000000000,100142,173,100009,173,100472,173,99971,173,100492,173,99969,173,100496,173,99946,273,100668,173,99942,173,100808,100,99926,100,100840,100,99912,100,,,99909,100,,,99860,100,,,99854,100
2019-06-28 09:47:44.349257752,100127,100,100009,173,100142,173,99971,173,100472,173,99969,173,100492,173,99946,273,100496,173,99942,173,100668,173,99926,100,100808,100,99912,100,100840,100,99909,100,,,99860,100,,,99854,100
2019-06-28 09:47:46.076592947,100127,100,100009,173,100142,173,99971,173,100472,173,99969,173,100492,173,99946,273,100496,173,99942,173,100668,173,99926,100,100808,100,99912,100,100840,100,99909,100,,,99860,100,,,99854,100
2019-06-28 09:47:50.000000000,100127,282,100009,282,100142,282,99971,282,100472,100,99969,100,100492,100,99946,200,100496,100,99942,100,100668,100,99926,100,100808,100,99912,100,100840,100,99909,100,,,99860,100,,,99854,100
2019-06-28 09:47:51.350931177,100127,382,100009,282,100142,282,99971,182,100472,100,99969,100,100492,100,99946,200,100496,100,99942,100,100668,100,99926,100,100808,100,99912,100,100840,100,99909,100,,,99860,100,,,99854,100
2019-06-28 09:48:00.000000000,100127,382,100009,282,100142,282,99969,282,100472,100,99946,200,100492,100,99942,100,100496,100,99926,100,100668,100,99912,100,100808,100,99909,100,100840,100,99860,100,,,99854,100,,,99845,100
2019-06-28 09:48:06.242650691,100127,382,100009,282,100142,282,99969,282,100472,100,99946,100,100492,100,99942,100,100496,100,99926,100,100668,100,99912,100,100808,100,99909,100,100840,100,99860,100,,,99854,100,,,99845,100
2019-06-28 09:48:10.000000000,100127,564,100009,464,100142,100,99969,100,100472,100,99946,100,100492,100,99942,100,100496,100,99926,100,100668,100,99912,100,100808,100,99909,100,100840,100,99860,100,,,99854,100,,,99845,100
2019-06-28 09:48:20.000000000,100127,564,100009,464,100142,100,99969,100,100472,100,99946,100,100492,100,99942,100,100496,100,99926,100,100668,100,99912,100,100808,100,99909,100,100840,100,99860,100,,,99854,100,,,99845,100
2019-06-28 09:48:30.000000000,100127,382,100009,282,100142,282,99969,282,100472,100,99946,100,100492,100,99942,100,100496,100,99926,100,100668,100,99912,100,100808,100,99909,100,100840,100,99860,100,,,99854,100,,,99845,100
2019-06-28 09:48:40.000000000,100127,382,100009,282,100142,282,99969,282,100472,100,99946,100,100492,100,99942,100,100496,100,99926,100,100668,100,99912,100,100808,100,99909,100,100840,100,99860,100,,,99854,100,,,99845,100
2019-06-28 09:48:50.000000000,100127,564,100009,464,100142,100,99969,100,100472,100,99946,100,100492,100,99942,100,100496,100,99926,100,100668,100,99912,100,100808,100,99909,100,100840,100,99860,100,,,99854,100,,,99845,100
2019-06-28 09:49:00.000000000,100127,324,100009,224,100142,220,99969,220,100472,220,99946,220,100492,100,99942,100,100496,100,99926,100,100668,100,99912,100,100808,100,99909,100,100840,100,99860,100,,,99854,100,,,99845,100
2019-06-28 09:49:10.000000000,100127,564,100009,464,100142,100,99969,100,100472,100,99946,100,100492,100,99942,100,100496,100,99926,100,100668,100,99912,100,100808,100,99909,100,100840,100,99860,100,,,99854,100,,,99845,100
2019-06-28 09:49:11.187788576,100127,564,100009,464,100142,100,99969,100,100472,100,99946,100,100492,100,99942,100,100496,100,99926,100,100668,100,99912,100,100808,100,99909,100,100840,100,99860,100,,,99854,100,,,99845,100
2019-06-28 09:49:20.000000000,100127,273,100009,173,100142,173,99969,173,100472,173,99946,173,100492,173,99942,173,100496,173,99926,173,100668,100,99912,100,100808,100,99909,100,100840,100,99860,100,,,99854,100,,,99845,100
2019-06-28 09:49:30.000000000,100127,291,100009,191,100142,191,99969,191,100472,191,99946,191,100492,191,99942,191,100496,100,99926,100,100668,100,99912,100,100808,100,99909,100,100840,100,99860,100,,,99854,100,,,99845,100
2019-06-28 09:49:36.727194144,100127,291,100009,91,100142,191,99969,191,100472,191,99946,191,100492,191,99942,191,100496,100,99926,100,100668,100,99909,100,100808,100,99860,100,100840,100,99854,100,,,99845,100,,,99839,100
2019-06-28 09:49:37.036109567,100127,291,100009,91,100142,191,99969,191,100472,191,99946,191,100492,191,99942,191,100496,100,99926,100,100668,100,99909,100,100808,100,99860,100,100840,100,99854,100,,,99845,100,,,99839,100
2019-06-28 09:49:40.000000000,100127,291,99969,191,100142,191,99946,191,100472,191,99942,191,100492,191,99926,191,100496,100,99909,100,100668,100,99860,100,100808,100,99854,100,100840,100,99845,100,,,99839,100,,,99814,100
2019-06-28 09:49:42.305581348,100127,291,99969,191,100142,191,99946,191,100472,191,99942,191,100492,191,99926,191,100496,100,99909,100,100668,100,99860,100,100808,100,99854,100,100840,100,99845,100,,,99839,100,,,99814,100
2019-06-28 09:49:49.972961247,100051,100,99969,191,100127,291,99946,191,100142,191,99942,191,100472,191,99926,191,100492,191,99909,100,100496,100,99860,100,100668,100,99854,100,100808,100,99845,100,100840,100,99839,100,,,99814,100
2019-06-28 09:49:50.000000000,100051,282,99969,282,100127,382,99946,282,100142,100,99942,100,100472,100,99926,100,100492,100,99909,100,100496,100,99860,100,100668,100,99854,100,100808,100,99845,100,100840,100,99839,100,,,99814,100
2019-06-28 09:49:54.630879784,100051,282,99969,282,100127,382,99946,282,100142,100,99942,100,100472,100,99926,100,100492,100,99909,100,100496,100,99860,100,100668,100,99854,100,100808,100,99845,100,100840,100,99839,100,,,99814,100
2019-06-28 09:50:00.000000000,100051,464,99969,464,100127,200,99946,100,100142,100,99942,100,100472,100,99926,100,100492,100,99909,100,100496,100,99860,100,100668,100,99854,100,100808,100,99845,100,100840,100,99839,100,,,99814,100
2019-06-28 09:50:00.972384831,100051,464,99969,364,100127,200,99942,100,100142,100,99926,100,100472,100,99909,100,100492,100,99860,100,100496,100,99854,100,100668,100,99845,100,100808,100,99839,100,100840,100,99814,100,,,99736,100
2019-06-28 09:50:10.000000000,100051,282,99942,282,100127,382,99926,282,100142,100,99909,100,100472,100,99860,100,100492,100,99854,100,100496,100,99845,100,100668,100,99839,100,100808,100,99814,100,100840,100,99736,100,,,99702,100
2019-06-28 09:50:16.642048279,100009,100,99942,282,100051,282,99926,282,100127,382,99909,100,100142,100,99860,100,100472,100,99854,100,100492,100,99845,100,100496,100,99839,100,100668,100,99814,100,100808,100,99736,100,100840,100,99702,100
2019-06-28 09:50:20.000000000,100009,191,99942,191,100051,191,99926,191,100127,291,99909,191,100142,191,99860,191,100472,100,99854,100,100492,100,99845,100,100496,100,99839,100,100668,100,99814,100,100808,100,99736,100,100840,100,99702,100
2019-06-28 09:50:30.000000000,100009,173,99942,173,100051,173,99926,173,100127,273,99909,173,100142,173,99860,173,100472,173,99854,173,100492,100,99845,100,100496,100,99839,100,100668,100,99814,100,100808,100,99736,100,100840,100,99702,100
2019-06-28 09:50:40.000000000,100009,282,99942,282,100051,282,99926,282,100127,200,99909,100,100142,100,99860,100,100472,100,99854,100,100492,100,99845,100,100496,100,99839,100,100668,100,99814,100,100808,100,99736,100,100840,100,99702,100
2019-06-28 09:50:50.000000000,100009,191,99942,191,100051,191,99926,191,100127,291,99909,191,100142,191,99860,191,100472,100,99854,100,100492,100,99845,100,100496,100,99839,100,100668,100,99814,100,100808,100,99736,100,100840,100,99702,100
2019-06-28 09:50:56.743653562,100009,191,99942,191,100051,191,99926,191,100127,291,99909,191,100142,191,99860,191,100472,100,99854,100,100492,100,99845,100,100496,100,99839,100,100668,100,99814,100,100808,100,99736,100,100840,100,99702,100
2019-06-28 09:51:00.000000000,100009,173,99942,173,100051,173,99926,173,100127,273,99909,173,100142,173,99860,173,100472,173,99854,173,100492,100,99845,100,100496,100,99839,100,100668,100,99814,100,100808,100,99736,100,100840,100,99702,100
2019-06-28 09:51:06.244642455,100009,173,99942,173,100051,173,99926,173,100127,273,99909,173,100142,173,99860,173,100472,173,99854,173,100492,100,99839,100,100496,100,99814,100,100668,100,99736,100,100808,100,99702,100,100840,100,99668,100
2019-06-28 09:51:08.665327436,100009,173,99942,173,100051,173,99926,173,100127,273,99909,173,100142,173,99860,173,100472,173,99854,173,100492,100,99839,100,100496,100,99814,100,100668,100,99736,100,100808,100,99702,100,100840,100,99668,100
2019-06-28 09:51:10.000000000,100009,282,99942,282,100051,282,99926,282,100127,200,99909,100,100142,100,99860,100,100472,100,99854,100,100492,100,99839,100,100496,100,99814,100,100668,100,99736,100,100808,100,99702,100,100840,100,99668,100
2019-06-28 09:51:16.395349733,100009,282,99952,100,100051,282,99942,282,100127,200,99926,282,100142,100,99909,100,100472,100,99860,100,100492,100,99854,100,100496,100,99839,100,100668,100,99814,100,100808,100,99736,100,100840,100,99702,100
2019-06-28 09:51:20.000000000,100009,173,99952,173,100051,173,99942,173,100127,273,99926,173,100142,173,99909,173,100472,173,99860,173,100492,100,99854,100,100496,100,99839,100,100668,100,99814,100,100808,100,99736,100,100840,100,99702,100
2019-06-28 09:51:23.658665765,100009,173,99952,73,100051,173,99942,173,100127,273,99926,173,100142,173,99909,173,100472,173,99860,173,100492,100,99854,100,100496,100,99839,100,100668,100,99814,100,100808,100,99736,100,100840,100,99702,100
2019-06-28 09:51:30.000000000,100009,173,99942,173,100051,173,99926,173,100127,273,99909,173,100142,173,99860,173,100472,173,99854,173,100492,100,99839,100,100496,100,99814,100,100668,100,99736,100,100808,100,99702,100,100840,100,99668,100
2019-06-28 09:51:40.000000000,100009,173,99942,173,100051,173,99926,173,100127,273,99909,173,100142,173,99860,173,100472,173,99854,173,100492,100,99839,100,100496,100,99814,100,100668,100,99736,100,100808,100,99702,100,100840,100,99668,100
2019-06-28 09:51:46.157392460,100009,173,99942,173,100051,173,99926,173,100127,273,99909,173,100142,173,99860,173,100472,173,99854,173,100492,100,99839,100,100668,100,99814,100,100808,100,99736,100,100840,100,99723,100,,,99702,100
2019-06-28 09:51:50.000000000,100009,224,99942,224,100051,220,99926,220,100127,320,99909,220,100142,100,99860,100,100472,100,99854,100,100492,100,99839,100,100668,100,99814,100,100808,100,99736,100,100840,100,99723,100,,,99702,100
2019-06-28 09:51:58.627033516,100009,224,99942,224,100051,220,99926,220,100127,320,99909,220,100142,100,99860,100,100472,100,99854,100,100492,100,99839,100,100668,100,99814,100,100808,100,99736,100,100840,100,99723,100,,,99702,100
2019-06-28 09:52:00.000000000,100009,224,99942,224,100051,220,99926,220,100127,320,99909,220,100142,100,99860,100,100472,100,99854,100,100492,100,99839,100,100668,100,99814,100,100808,100,99736,100,100840,100,99723,100,,,99702,100
2019-06-28 09:52:10.000000000,100009,224,99942,224,100051,220,99926,220,100127,320,99909,220,100142,100,99860,100,100472,100,99854,100,100492,100,99839,100,100668,100,99814,100,100808,100,99736,100,100840,100,99723,100,,,99702,100
2019-06-28 09:52:11.449374228,100009,224,99942,124,100051,220,99926,220,100127,320,99909,220,100142,100,99860,100,100472,100,99839,100,100492,100,99814,100,100668,100,99736,100,100808,100,99723,100,100840,100,99702,100,,,99668,100
2019-06-28 09:52:13.088153730,100009,224,99942,124,100051,220,99926,220,100127,320,99909,120,100142,100,99860,100,100472,100,99839,100,100492,100,99814,200,100668,100,99736,100,100808,100,99723,100,100840,100,99702,100,,,99668,100
2019-06-28 09:52:14.146778721,100009,224,99942,24,100051,220,99926,220,100127,320,99909,120,100142,100,99860,100,100472,100,99839,100,100492,100,99814,200,100668,100,99736,100,100808,100,99723,100,100840,100,99702,100,,,99668,100
2019-06-28 09:52:20.000000000,100009,464,99926,464,100051,100,99860,100,100127,200,99839,100,100142,100,99814,200,100472,100,99736,100,100492,100,99723,100,100668,100,99702,100,100808,100,99668,100,100840,100,99646,100,,,99619,100
2019-06-28 09:52:30.000000000,100009,173,99926,173,100051,173,99860,173,100127,273,99839,173,100142,173,99814,273,100472,173,99736,173,100492,100,99723,100,100668,100,99702,100,100808,100,99668,100,100840,100,99646,100,,,99619,100
2019-06-28 09:52:40.000000000,100009,224,99926,224,100051,220,99860,220,100127,320,99839,220,100142,100,99814,200,100472,100,99736,100,100492,100,99723,100,100668,100,99702,100,100808,100,99668,100,100840,100,99646,100,,,99619,100
2019-06-28 09:52:40.600072177,100009,224,99926,124,100051,220,99860,220,100127,320,99839,220,100142,100,99814,200,100472,100,99736,100,100492,100,99723,100,100668,100,99702,100,100808,100,99668,100,100840,100,99646,100,,,99619,100
2019-06-28 09:52:50.000000000,100009,191,99860,191,100051,191,99839,191,100127,291,99814,291,100142,191,99736,191,100472,100,99723,100,100492,100,99702,100,100668,100,99668,100,100808,100,99646,100,100840,100,99619,100,,,99616,100
2019-06-28 09:52:57.115138587,100009,191,99860,91,100051,191,99839,191,100127,291,99814,291,100142,191,99736,191,100472,100,99723,100,100492,100,99702,100,100668,100,99668,100,100808,100,99646,100,100840,100,99619,100,,,99616,100
2019-06-28 09:53:00.000000000,100009,173,99839,173,100051,173,99814,273,100127,273,99736,173,100142,173,99723,173,100472,173,99702,173,100492,100,99668,100,100668,100,99646,100,100808,100,99619,100,100840,100,99616,100,,,99546,100
2019-06-28 09:53:04.738496045,100009,173,99839,173,100051,173,99814,273,100127,273,99736,173,100142,173,99723,173,100472,173,99702,173,100492,100,99668,100,100668,100,99646,100,100808,100,99619,100,100840,100,99616,100,,,99546,100
2019-06-28 09:53:07.868525844,100009,173,99839,73,100051,173,99814,273,100127,273,99736,73,100142,173,99723,173,100472,173,99702,173,100492,100,99668,100,100668,100,99646,100,100808,100,99619,100,100840,100,99616,100,,,99546,100
2019-06-28 09:53:10.000000000,100009,191,99814,291,100051,191,99723,191,100127,291,99702,191,100142,191,99668,191,100472,100,99646,100,100492,100,99619,100,100668,100,99616,100,100808,100,99546,100,100840,100,99490,100,,,99445,100
2019-06-28 09:53:10.679607146,100009,191,99814,291,100051,191,99776,100,100127,291,99723,191,100142,191,99702,191,100472,100,99668,191,100492,100,99646,100,100668,100,99619,100,100808,100,99616,100,100840,100,99546,100,,,99490,100
2019-06-28 09:53:20.000000000,100009,173,99814,273,100051,173,99776,173,100127,273,99723,173,100142,173,99702,173,100472,173,99668,173,100492,100,99646,100,100668,100,99619,100,100808,100,99616,100,100840,100,99546,100,,,99490,100
2019-06-28 09:53:22.693250255,100009,173,99814,273,100051,173,99776,173,100127,273,99723,173,100142,173,99702,173,100472,173,99668,173,100492,100,99619,100,100668,100,99616,100,100808,100,99546,100,100840,100,99512,100,,,99490,100
2019-06-28 09:53:30.000000000,100009,224,99814,324,100051,220,99776,220,100127,320,99723,220,100142,100,99702,100,100472,100,99668,100,100492,100,99619,100,100668,100,99616,100,100808,100,99546,100,100840,100,99512,100,,,99490,100
2019-06-28 09:53:40.000000000,100009,464,99814,564,100051,100,99776,100,100127,200,99723,100,100142,100,99702,100,100472,100,99668,100,100492,100,99619,100,100668,100,99616,100,100808,100,99546,100,100840,100,99512,100,,,99490,100
2019-06-28 09:53:47.790133240,100009,464,99814,564,100051,100,99776,100,100127,200,99764,100,100142,100,99723,100,100472,100,99702,100,100492,100,99668,100,100668,100,99619,100,100808,100,99616,100,100840,100,99546,100,,,99512,100
2019-06-28 09:53:50.000000000,100009,173,99814,273,100051,173,99776,173,100127,273,99764,173,100142,173,99723,173,100472,173,99702,173,100492,100,99668,100,100668,100,99619,100,100808,100,99616,100,100840,100,99546,100,,,99512,100
2019-06-28 09:53:52.950761321,100009,173,99814,173,100051,173,99776,173,100127,273,99764,173,100142,173,99723,173,100472,173,99702,173,100492,100,99668,100,100668,100,99619,100,100808,100,99616,100,100840,100,99546,100,,,99512,100
2019-06-28 09:54:00.000000000,100009,224,99814,224,100051,220,99776,220,100127,320,99764,220,100142,100,99723,100,100472,100,99702,100,100492,100,99668,100,100668,100,99619,100,100808,100,99616,100,100840,100,99546,100,,,99512,100
2019-06-28 09:54:10.000000000,100009,173,99814,173,100051,173,99776,173,100127,273,99764,173,100142,173,99723,173,100472,173,99702,173,100492,100,99668,100,100668,100,99619,100,100808,100,99616,100,100840,100,99546,100,,,99512,100
2019-06-28 09:54:20.000000000,100009,282,99814,282,100051,282,99776,282,100127,200,99764,100,100142,100,99723,100,100472,100,99702,100,100492,100,99668,100,100668,100,99619,100,100808,100,99616,100,100840,100,99546,100,,,99512,100
2019-06-28 09:54:30.000000000,100009,191,99814,191,100051,191,99776,191,100127,291,99764,191,100142,191,99723,191,100472,100,99702,100,100492,100,99668,100,100668,100,99619,100,100808,100,99616,100,100840,100,99546,100,,,99512,100
2019-06-28 09:54:31.128737350,100009,191,99931,100,100051,191,99814,191,100127,291,99776,191,100142,191,99764,191,100472,100,99723,191,100492,100,99702,100,100668,100,99668,100,100808,100,99619,100,100840,100,99616,100,,,99546,100
2019-06-28 09:54:40.000000000,100009,464,99931,464,100051,100,99814,100,100127,200,99776,100,100142,100,99764,100,100472,100,99723,100,100492,100,99702,100,100668,100,99668,100,100808,100,99619,100,100840,100,99616,100,,,99546,100
2019-06-28 09:54:42.424349052,100009,464,99931,364,100051,100,99814,100,100127,200,99776,100,100142,100,99764,100,100472,100,99723,100,100492,100,99702,100,100668,100,99668,100,100808,100,99619,100,100840,100,99546,100,,,99512,100
2019-06-28 09:54:50.000000000,100009,464,99814,464,100051,100,99776,100,100127,200,99764,100,100142,100,99723,100,100472,100,99702,100,100492,100,99668,100,100668,100,99619,100,100808,100,99546,100,100840,100,99512,100,,,99445,100
2019-06-28 09:55:00.000000000,100009,173,99814,173,100051,173,99776,173,100127,273,99764,173,100142,173,99723,173,100472,173,99702,173,100492,100,99668,100,100668,100,99619,100,100808,100,99546,100,100840,100,99512,100,,,99445,100
2019-06-28 09:55:06.526645069,100009,173,99814,173,100051,173,99776,173,100127,273,99764,173,100142,173,99758,100,100472,173,99723,173,100492,100,99702,173,100668,100,99668,100,100808,100,99619,100,100840,100,99546,100,,,99512,100
2019-06-28 09:55:10.000000000,100009,282,99814,282,100051,282,99776,282,100127,200,99764,100,100142,100,99758,100,100472,100,99723,100,100492,100,99702,100,100668,100,99668,100,100808,100,99619,100,100840,100,99546,100,,,99512,100
2019-06-28 09:55:20.000000000,100009,282,99814,282,100051,282,99776,282,100127,200,99764,100,100142,100,99758,100,100472,100,99723,100,100492,100,99702,100,100668,100,99668,100,100808,100,99619,100,100840,100,99546,100,,,99512,100
2019-06-28 09:55:22.486431690,100009,182,99814,282,100051,282,99776,282,100127,200,99764,100,100142,100,99758,100,100472,100,99723,100,100492,100,99702,100,100668,100,99668,100,100808,100,99619,100,100840,100,99546,100,,,99512,100
2019-06-28 09:55:30.000000000,100051,282,99814,282,100127,382,99776,282,100142,100,99764,100,100472,100,99758,100,100492,100,99723,100,100668,100,99702,100,100808,100,99668,100,100840,100,99619,100,,,99546,100,,,99512,100
2019-06-28 09:55:36.430863139,100051,282,99932,100,100127,382,99814,282,100142,100,99776,282,100472,100,99764,100,100492,100,99758,100,100668,100,99723,100,100808,100,99702,100,100840,100,99668,100,,,99619,100,,,99546,100
2019-06-28 09:55:36.871800242,100051,282,99932,100,100127,382,99814,282,100142,100,99776,282,100472,100,99764,100,100489,100,99758,100,100492,100,99723,100,100668,100,99702,100,100808,100,99668,100,100840,100,99619,100,,,99546,100
2019-06-28 09:55:40.000000000,100051,224,99932,224,100127,320,99814,220,100142,220,99776,220,100472,100,99764,100,100489,100,99758,100,100492,100,99723,100,100668,100,99702,100,100808,100,99668,100,100840,100,99619,100,,,99546,100
2019-06-28 09:55:44.305207616,100051,224,99932,224,100127,320,99814,220,100142,220,99776,220,100448,100,99764,100,100472,100,99758,100,100489,100,99723,100,100492,100,99702,100,100668,100,99668,100,100808,100,99619,100,100840,100,99546,100
2019-06-28 09:55:50.000000000,100051,282,99932,282,100127,382,99814,282,100142,100,99776,100,100448,100,99764,100,100472,100,99758,100,100489,100,99723,100,100492,100,99702,100,100668,100,99668,100,100808,100,99619,100,100840,100,99546,100
2019-06-28 09:55:55.129243283,100051,182,99932,282,100127,382,99814,282,100142,100,99776,100,100448,100,99764,100,100472,100,99758,100,100489,100,99723,100,100492,100,99702,100,100668,100,99668,100,100808,100,99619,100,100840,100,99546,100
2019-06-28 09:56:00.000000000,100127,382,99932,282,100142,282,99814,282,100448,100,99776,100,100472,100,99764,100,100489,100,99758,100,100492,100,99723,100,100668,100,99702,100,100808,100,99668,100,100840,100,99619,100,,,99546,100
2019-06-28 09:56:10.000000000,100127,324,99932,224,100142,220,99814,220,100448,220,99776,220,100472,100,99764,100,100489,100,99758,100,100492,100,99723,100,100668,100,99702,100,100808,100,99668,100,100840,100,99619,100,,,99546,100
2019-06-28 09:56:20.000000000,100127,324,99932,224,100142,220,99814,220,100448,220,99776,220,100472,100,99764,100,100489,100,99758,100,100492,100,99723,100,100668,100,99702,100,100808,100,99668,100,100840,100,99619,100,,,99546,100
2019-06-28 09:56:23.870042395,100127,224,99932,224,100142,220,99814,220,100448,220,99776,220,100472,100,99764,100,100489,100,99758,100,100492,100,99723,100,100668,100,99702,100,100808,100,99668,100,100840,100,99619,100,,,99546,100
2019-06-28 09:56:30.000000000,100127,282,99932,282,100142,282,99814,282,100448,100,99776,100,100472,100,99764,100,100489,100,99758,100,100492,100,99723,100,100668,100,99702,100,100808,100,99668,100,100840,100,99619,100,,,99546,100
2019-06-28 09:56:40.000000000,100127,282,99932,282,100142,282,99814,282,100448,100,99776,100,100472,100,99764,100,100489,100,99758,100,100492,100,99723,100,100668,100,99702,100,100808,100,99668,100,100840,100,99619,100,,,99546,100
2019-06-28 09:56:48.643454036,100126,100,99932,282,100127,282,99814,282,100142,282,99776,100,100448,100,99764,100,100472,100,99758,100,100489,100,99723,100,100492,100,99702,100,100668,100,99668,100,100808,100,99619,100,100840,100,99546,100
2019-06-28 09:56:50.000000000,100126,173,99932,173,100127,173,99814,173,100142,173,99776,173,100448,173,99764,173,100472,173,99758,173,100489,100,99723,100,100492,100,99702,100,100668,100,99668,100,100808,100,99619,100,100840,100,99546,100
2019-06-28 09:56:51.626979017,100126,173,99932,173,100127,173,99847,100,100142,173,99814,173,100448,173,99776,173,100472,173,99764,173,100489,100,99758,173,100492,100,99723,100,100668,100,99702,100,100808,100,99668,100,100840,100,99619,100
2019-06-28 09:56:51.919104761,100126,173,99932,73,100127,173,99814,173,100142,173,99776,173,100448,173,99764,173,100472,173,99758,173,100489,100,99723,100,100492,100,99702,100,100668,100,99668,100,100808,100,99619,100,100840,100,99546,100
2019-06-28 09:57:00.000000000,100126,282,99814,282,100127,282,99776,282,100142,100,99764,100,100448,100,99758,100,100472,100,99723,100,100489,100,99702,100,100492,100,99668,100,100668,100,99619,100,100808,100,99546,100,100840,100,99512,100
2019-06-28 09:57:10.000000000,100126,191,99814,191,100127,191,99776,191,100142,191,99764,191,100448,191,99758,191,100472,100,99723,100,100489,100,99702,100,100492,100,99668,100,100668,100,99619,100,100808,100,99546,100,100840,100,99512,100
2019-06-28 09:57:16.765729378,100125,100,99814,191,100126,191,99776,191,100127,191,99764,191,100142,191,99758,191,100448,191,99723,100,100472,100,99702,100,100489,100,99668,100,100492,100,99619,100,100668,100,99546,100,100808,100,99512,100
2019-06-28 09:57:20.000000000,100125,191,99814,191,100126,191,99776,191,100127,191,99764,191,100142,191,99758,191,100448,100,99723,100,100472,100,99702,100,100489,100,99668,100,100492,100,99619,100,100668,100,99546,100,100808,100,99512,100
2019-06-28 09:57:30.000000000,100125,282,99814,282,100126,282,99776,282,100127,100,99764,100,100142,100,99758,100,100448,100,99723,100,100472,100,99702,100,100489,100,99668,100,100492,100,99619,100,100668,100,99546,100,100808,100,99512,100
2019-06-28 09:57:35.900087444,100069,100,99814,282,100125,282,99776,282,100126,282,99764,100,100127,100,99758,100,100142,100,99723,100,100448,100,99702,100,100472,100,99668,100,100489,100,99619,100,100492,100,99546,100,100668,100,99512,100
2019-06-28 09:57:40.000000000,100069,224,99814,224,100125,220,99776,220,100126,220,99764,220,100127,100,99758,100,100142,100,99723,100,100448,100,99702,100,100472,100,99668,100,100489,100,99619,100,100492,100,99546,100,100668,100,99512,100
2019-06-28 09:57:46.983863705,100069,224,99869,100,100125,220,99814,224,100126,220,99776,220,100127,100,99764,220,100142,100,99758,100,100448,100,99723,100,100472,100,99702,100,100489,100,99668,100,100492,100,99619,100,100668,100,99546,100
2019-06-28 09:57:50.000000000,100069,464,99869,464,100125,100,99814,100,100126,100,99776,100,100127,100,99764,100,100142,100,99758,100,100448,100,99723,100,100472,100,99702,100,100489,100,99668,100,100492,100,99619,100,100668,100,99546,100
2019-06-28 09:58:00.000000000,100069,464,99869,464,100125,100,99814,100,100126,100,99776,100,100127,100,99764,100,100142,100,99758,100,100448,100,99723,100,100472,100,99702,100,100489,100,99668,100,100492,100,99619,100,100668,100,99546,100
2019-06-28 09:58:10.000000000,100069,173,99869,173,100125,173,99814,173,100126,173,99776,173,100127,173,99764,173,100142,173,99758,173,100448,100,99723,100,100472,100,99702,100,100489,100,99668,100,100492,100,99619,100,100668,100,99546,100
2019-06-28 09:58:20.000000000,100069,464,99869,464,100125,100,99814,100,100126,100,99776,100,100127,100,99764,100,100142,100,99758,100,100448,100,99723,100,100472,100,99702,100,100489,100,99668,100,100492,100,99619,100,100668,100,99546,100
2019-06-28 09:58:30.000000000,100069,282,99869,282,100125,282,99814,282,100126,100,99776,100,100127,100,99764,100,100142,100,99758,100,100448,100,99723,100,100472,100,99702,100,100489,100,99668,100,100492,100,99619,100,100668,100,99546,100
2019-06-28 09:58:40.000000000,100069,224,99869,224,100125,220,99814,220,100126,220,99776,220,100127,100,99764,100,100142,100,99758,100,100448,100,99723,100,100472,100,99702,100,100489,100,99668,100,100492,100,99619,100,100668,100,99546,100
2019-06-28 09:58:50.000000000,100069,191,99869,191,100125,191,99814,191,100126,191,99776,191,100127,191,99764,191,100142,100,99758,100,100448,100,99723,100,100472,100,99702,100,100489,100,99668,100,100492,100,99619,100,100668,100,99546,100
2019-06-28 09:58:52.002885323,100069,191,99869,191,100125,191,99814,191,100126,191,99776,191,100127,191,99764,191,100142,100,99758,100,100448,100,99723,100,100472,100,99702,100,100489,100,99682,100,100492,100,99668,100,100668,100,99619,100
2019-06-28 09:58:58.660810440,100069,191,99869,191,100125,291,99814,191,100126,191,99776,191,100127,191,99764,191,100142,100,99758,100,100448,100,99723,100,100472,100,99702,100,100489,100,99682,100,100492,100,99668,100,100668,100,99619,100
2019-06-28 09:59:00.000000000,100069,282,99869,282,100125,382,99814,282,100126,100,99776,100,100127,100,99764,100,100142,100,99758,100,100448,100,99723,100,100472,100,99702,100,100489,100,99682,100,100492,100,99668,100,100668,100,99619,100
2019-06-28 09:59:10.000000000,100069,191,99869,191,100125,291,99814,191,100126,191,99776,191,100127,191,99764,191,100142,100,99758,100,100448,100,99723,100,100472,100,99702,100,100489,100,99682,100,100492,100,99668,100,100668,100,99619,100
2019-06-28 09:59:18.083355218,100069,191,99869,191,100125,391,99814,191,100126,191,99776,191,100127,191,99764,191,100142,100,99758,100,100448,100,99723,100,100472,100,99702,100,100489,100,99682,100,100492,100,99668,100,100668,100,99619,100
2019-06-28 09:59:20.000000000,100069,191,99869,191,100125,391,99814,191,100126,191,99776,191,100127,191,99764,191,100142,100,99758,100,100448,100,99723,100,100472,100,99702,100,100489,100,99682,100,100492,100,99668,100,100668,100,99619,100
2019-06-28 09:59:30.000000000,100069,173,99869,173,100125,373,99814,173,100126,173,99776,173,100127,173,99764,173,100142,173,99758,173,100448,100,99723,100,100472,100,99702,100,100489,100,99682,100,100492,100,99668,100,100668,100,99619,100
2019-06-28 09:59:40.000000000,100069,191,99869,191,100125,391,99814,191,100126,191,99776,191,100127,191,99764,191,100142,100,99758,100,100448,100,99723,100,100472,100,99702,100,100489,100,99682,100,100492,100,99668,100,100668,100,99619,100
2019-06-28 09:59:50.000000000,100069,173,99869,173,100125,373,99814,173,100126,173,99776,173,100127,173,99764,173,100142,173,99758,173,100448,100,99723,100,100472,100,99702,100,100489,100,99682,100,100492,100,99668,100,100668,100,99619,100
2019-06-28 10:00:00.000000000,100069,173,99869,173,100125,373,99814,173,100126,173,99776,173,100127,173,99764,173,100142,173,99758,173,100448,100,99723,100,100472,100,99702,100,100489,100,99682,100,100492,100,99668,100,100668,100,99619,100
2019-06-28 10:00:10.000000000,100069,224,99869,224,100125,420,99814,220,100126,220,99776,220,100127,100,99764,100,100142,100,99758,100,100448,100,99723,100,100472,100,99702,100,100489,100,99682,100,100492,100,99668,100,100668,100,99619,100
2019-06-28 10:00:20.000000000,100069,173,99869,173,100125,373,99814,173,100126,173,99776,173,100127,173,99764,173,100142,173,99758,173,100448,100,99723,100,100472,100,99702,100,100489,100,99682,100,100492,100,99668,100,100668,100,99619,100
2019-06-28 10:00:30.000000000,100069,282,99869,282,100125,482,99814,282,100126,100,99776,100,100127,100,99764,100,100142,100,99758,100,100448,100,99723,100,100472,100,99702,100,100489,100,99682,100,100492,100,99668,100,100668,100,99619,100
2019-06-28 10:00:40.000000000,100069,224,99869,224,100125,420,99814,220,100126,220,99776,220,100127,100,99764,100,100142,100,99758,100,100448,100,99723,100,100472,100,99702,100,100489,100,99682,100,100492,100,99668,100,100668,100,99619,100
2019-06-28 10:00:50.000000000,100069,464,99869,464,100125,300,99814,100,100126,100,99776,100,100127,100,99764,100,100142,100,99758,100,100448,100,99723,100,100472,100,99702,100,100489,100,99682,100,100492,100,99668,100,100668,100,99619,100
2019-06-28 10:01:00.000000000,100069,191,99869,191,100125,391,99814,191,100126,191,99776,191,100127,191,99764,191,100142,100,99758,100,100448,100,99723,100,100472,100,99702,100,100489,100,99682,100,100492,100,99668,100,100668,100,99619,100
2019-06-28 10:01:02.210553712,100069,191,99933,100,100125,391,99869,191,100126,191,99814,191,100127,191,99776,191,100142,100,99764,191,100448,100,99758,100,100472,100,99723,100,100489,100,99702,100,100492,100,99682,100,100668,100,99668,100
2019-06-28 10:01:10.000000000,100069,282,99933,282,100125,482,99869,282,100126,100,99814,100,100127,100,99776,100,100142,100,99764,100,100448,100,99758,100,100472,100,99723,100,100489,100,99702,100,100492,100,99682,100,100668,100,99668,100
2019-06-28 10:01:20.000000000,100069,191,99933,191,100125,391,99869,191,100126,191,99814,191,100127,191,99776,191,100142,100,99764,100,100448,100,99758,100,100472,100,99723,100,100489,100,99702,100,100492,100,99682,100,100668,100,99668,100
2019-06-28 10:01:24.192487481,100069,91,99933,191,100125,391,99869,191,100126,191,99814,191,100127,191,99776,191,100142,100,99764,100,100448,100,99758,100,100472,100,99723,100,100489,100,99702,100,100492,100,99682,100,100668,100,99668,100
2019-06-28 10:01:30.000000000,100125,482,99933,282,100126,282,99869,282,100127,100,99814,100,100142,100,99776,100,100448,100,99764,100,100472,100,99758,100,100489,100,99723,100,100492,100,99702,100,100668,100,99682,100,100808,100,99668,100
2019-06-28 10:01:40.000000000,100125,424,99933,224,100126,220,99869,220,100127,220,99814,220,100142,100,99776,100,100448,100,99764,100,100472,100,99758,100,100489,100,99723,100,100492,100,99702,100,100668,100,99682,100,100808,100,99668,100
2019-06-28 10:01:50.000000000,100125,373,99933,173,100126,173,99869,173,100127,173,99814,173,100142,173,99776,173,100448,173,99764,173,100472,100,99758,100,100489,100,99723,100,100492,100,99702,100,100668,100,99682,100,100808,100,99668,100
2019-06-28 10:01:57.770697124,100125,273,99933,173,100126,173,99869,173,100127,173,99814,173,100142,173,99776,173,100448,173,99764,173,100472,100,99758,100,100489,100,99723,100,100492,100,99702,100,100668,100,99682,100,100808,100,99668,100
2019-06-28 10:01:58.813821721,100125,173,99933,173,100126,173,99869,173,100127,173,99814,173,100142,173,99776,173,100448,173,99764,173,100472,100,99758,100,100489,100,99723,100,100492,100,99702,100,100668,100,99682,100,100808,100,99668,100
2019-06-28 10:02:00.000000000,100125,173,99933,173,100126,173,99869,173,100127,173,99814,173,100142,173,99776,173,100448,173,99764,173,100472,100,99758,100,100489,100,99723,100,100492,100,99702,100,100668,100,99682,100,100808,100,99668,100
2019-06-28 10:02:10.000000000,100125,224,99933,224,100126,220,99869,220,100127,220,99814,220,100142,100,99776,100,100448,100,99764,100,100472,100,99758,100,100489,100,99723,100,100492,100,99702,100,100668,100,99682,100,100808,100,99668,100
2019-06-28 10:02:10.226733972,100125,224,99933,224,100126,220,99869,220,100127,220,99814,220,100142,100,99776,100,100281,100,99764,100,100448,100,99758,100,100472,100,99723,100,100489,100,99702,100,100492,100,99682,100,100668,100,99668,100
2019-06-28 10:02:20.000000000,100125,464,99933,464,100126,100,99869,100,100127,100,99814,100,100142,100,99776,100,100281,100,99764,100,100448,100,99758,100,100472,100,99723,100,100489,100,99702,100,100492,100,99682,100,100668,100,99668,100
2019-06-28 10:02:30.000000000,100125,282,99933,282,100126,282,99869,282,100127,100,99814,100,100142,100,99776,100,100281,100,99764,100,100448,100,99758,100,100472,100,99723,100,100489,100,99702,100,100492,100,99682,100,100668,100,99668,100
2019-06-28 10:02:34.206617680,100125,182,99933,282,100126,282,99869,282,100127,100,99814,100,100142,100,99776,100,100281,100,99764,100,100448,100,99758,100,100472,100,99723,100,100489,100,99702,100,100492,100,99682,100,100668,100,99668,100
2019-06-28 10:02:40.000000000,100126,173,99933,173,100127,173,99869,173,100142,173,99814,173,100281,173,99776,173,100448,173,99764,173,100472,100,99758,100,100489,100,99723,100,100492,100,99702,100,100668,100,99682,100,100808,100,99668,100
2019-06-28 10:02:50.000000000,100126,464,99933,464,100127,100,99869,100,100142,100,99814,100,100281,100,99776,100,100448,100,99764,100,100472,100,99758,100,100489,100,99723,100,100492,100,99702,100,100668,100,99682,100,100808,100,99668,100
2019-06-28 10:03:00.000000000,100126,173,99933,173,100127,173,99869,173,100142,173,99814,173,100281,173,99776,173,100448,173,99764,173,100472,100,99758,100,100489,100,99723,100,100492,100,99702,100,100668,100,99682,100,100808,100,99668,100
2019-06-28 10:03:06.739786755,100126,173,99933,173,100127,173,99869,173,100142,173,99814,173,100281,173,99776,173,100448,173,99764,173,100472,100,99758,100,100489,100,99723,100,100492,100,99702,100,100581,100,99682,100,100668,100,99668,100
2019-06-28 10:03:10.000000000,100126,173,99933,173,100127,173,99869,173,100142,173,99814,173,100281,173,99776,173,100448,173,99764,173,100472,100,99758,100,100489,100,99723,100,100492,100,99702,100,100581,100,99682,100,100668,100,99668,100
2019-06-28 10:03:20.000000000,100126,464,99933,464,100127,100,99869,100,100142,100,99814,100,100281,100,99776,100,100448,100,99764,100,100472,100,99758,100,100489,100,99723,100,100492,100,99702,100,100581,100,99682,100,100668,100,99668,100
2019-06-28 10:03:21.957873607,100126,464,99933,464,100127,100,99869,100,100142,100,99814,100,100281,100,99776,100,100433,100,99764,100,100448,100,99758,100,100472,100,99723,100,100489,100,99702,100,100492,100,99682,100,100581,100,99668,100
2019-06-28 10:03:30.000000000,100126,282,99933,282,100127,282,99869,282,100142,100,99814,100,100281,100,99776,100,100433,100,99764,100,100448,100,99758,100,100472,100,99723,100,100489,100,99702,100,100492,100,99682,100,100581,100,99668,100
2019-06-28 10:03:30.691799801,100126,282,100125,100,100127,282,99933,282,100142,100,99869,282,100281,100,99814,100,100433,100,99776,100,100448,100,99764,100,100472,100,99758,100,100489,100,99723,100,100492,100,99702,100,100581,100,99682,100
2019-06-28 10:03:40.000000000,100126,464,100125,464,100127,100,99933,100,100142,100,99869,100,100281,100,99814,100,100433,100,99776,100,100448,100,99764,100,100472,100,99758,100,100489,100,99723,100,100492,100,99702,100,100581,100,99682,100
2019-06-28 10:03:44.003117138,100126,464,100125,464,100127,100,99933,100,100142,100,99869,100,100281,100,99852,100,100433,100,99814,100,100448,100,99776,100,100472,100,99764,100,100489,100,99758,100,100492,100,99723,100,100581,100,99702,100
2019-06-28 10:03:50.000000000,100126,464,100125,464,100127,100,99933,100,100142,100,99869,100,100281,100,99852,100,100433,100,99814,100,100448,100,99776,100,100472,100,99764,100,100489,100,99758,100,100492,100,99723,100,100581,100,99702,100
2019-06-28 10:03:52.152652199,100126,464,100125,364,100127,100,99933,100,100142,100,99869,100,100281,100,99852,100,100433,100,99776,100,100448,100,99764,100,100472,100,99758,100,100489,100,99723,100,100492,100,99702,100,100581,100,99682,100
2019-06-28 10:04:00.000000000,100126,282,99933,282,100127,282,99869,282,100142,100,99852,100,100281,100,99776,100,100433,100,99764,100,100448,100,99758,100,100472,100,99723,100,100489,100,99702,100,100492,100,99682,100,100581,100,99668,100
2019-06-28 10:04:10.000000000,100126,282,99933,282,100127,282,99869,282,100142,100,99852,100,100281,100,99776,100,100433,100,99764,100,100448,100,99758,100,100472,100,99723,100,100489,100,99702,100,100492,100,99682,100,100581,100,99668,100
2019-06-28 10:04:17.583440437,100126,282,99933,282,100127,182,99869,282,100142,100,99852,100,100281,100,99776,100,100433,100,99764,100,100448,100,99758,100,100472,100,99723,100,100489,100,99702,100,100492,100,99682,100,100581,100,99668,100
2019-06-28 10:04:20.000000000,100126,224,99933,224,100142,220,99869,220,100281,220,99852,220,100433,100,99776,100,100448,100,99764,100,100472,100,99758,100,100489,100,99723,100,100492,100,99702,100,100581,100,99682,100,100668,100,99668,100
2019-06-28 10:04:30.000000000,100126,173,99933,173,100142,173,99869,173,100281,173,99852,173,100433,173,99776,173,100448,173,99764,173,100472,100,99758,100,100489,100,99723,100,100492,100,99702,100,100581,100,99682,100,100668,100,99668,100
2019-06-28 10:04:31.650143447,100126,173,99933,173,100142,173,99869,173,100281,173,99852,173,100433,173,99776,173,100448,173,99764,173,100472,100,99758,100,100489,100,99723,100,100492,100,99722,100,100581,100,99702,100,100668,100,99682,100
2019-06-28 10:04:33.633691043,100126,173,99933,173,100142,173,99869,173,100281,173,99852,173,100433,173,99776,173,100448,173,99764,173,100472,100,99758,100,100489,100,99741,100,100492,100,99723,100,100581,100,99722,100,100668,100,99702,100
2019-06-28 10:04:40.000000000,100126,224,99933,224,100142,220,99869,220,100281,220,99852,220,100433,100,99776,100,100448,100,99764,100,100472,100,99758,100,100489,100,99741,100,100492,100,99723,100,100581,100,99722,100,100668,100,99702,100
2019-06-28 10:04:46.444132616,100126,224,99933,124,100142,220,99869,220,100281,220,99852,220,100433,100,99776,100,100448,100,99764,100,100472,100,99758,100,100492,100,99741,100,100581,100,99723,100,100668,100,99722,100,100808,100,99702,100
2019-06-28 10:04:50.000000000,100126,464,99869,464,100142,100,99852,100,100281,100,99776,100,100433,100,99764,100,100448,100,99758,100,100472,100,99741,100,100492,100,99723,100,100581,100,99722,100,100668,100,99702,100,100808,100,99682,100
2019-06-28 10:05:00.000000000,100126,173,99869,173,100142,173,99852,173,100281,173,99776,173,100433,173,99764,173,100448,173,99758,173,100472,100,99741,100,100492,100,99723,100,100581,100,99722,100,100668,100,99702,100,100808,100,99682,100
2019-06-28 10:05:10.000000000,100126,464,99869,464,100142,100,99852,100,100281,100,99776,100,100433,100,99764,100,100448,100,99758,100,100472,100,99741,100,100492,100,99723,100,100581,100,99722,100,100668,100,99702,100,100808,100,99682,100
2019-06-28 10:05:12.365546039,100126,464,99869,364,100142,100,99852,100,100281,100,99776,100,100433,100,99764,100,100448,100,99758,100,100472,100,99741,100,100492,100,99723,100,100581,100,99722,100,100668,100,99702,100,100808,100,99682,100
2019-06-28 10:05:20.000000000,100126,224,99852,224,100142,220,99776,220,100281,220,99764,220,100433,100,99758,100,100448,100,99741,100,100472,100,99723,100,100492,100,99722,100,100581,100,99702,100,100668,100,99682,100,100808,100,99668,100
2019-06-28 10:05:29.467088511,100126,224,99852,224,100142,220,99776,220,100281,220,99764,220,100433,100,99758,100,100448,100,99741,100,100472,100,99735,100,100492,100,99723,100,100581,100,99722,100,100668,100,99702,100,100808,100,99682,100
2019-06-28 10:05:30.000000000,100126,464,99852,464,100142,100,99776,100,100281,100,99764,100,100433,100,99758,100,100448,100,99741,100,100472,100,99735,100,100492,100,99723,100,100581,100,99722,100,100668,100,99702,100,100808,100,99682,100
2019-06-28 10:05:34.753131931,100126,464,99852,464,100142,100,99776,100,100281,100,99764,100,100433,100,99758,100,100448,100,99741,100,100472,100,99735,100,100492,100,99723,100,100581,100,99722,100,100668,100,99702,100,100808,100,99682,100
2019-06-28 10:05:38.359248170,99991,100,99852,464,100126,464,99776,100,100142,100,99764,100,100281,100,99758,100,100433,100,99741,100,100448,100,99735,100,100472,100,99723,100,100492,100,99702,100,100581,100,99682,100,100668,100,99668,100
2019-06-28 10:05:40.000000000,99991,464,99852,464,100126,100,99776,100,100142,100,99764,100,100281,100,99758,100,100433,100,99741,100,100448,100,99735,100,100472,100,99723,100,100492,100,99702,100,100581,100,99682,100,100668,100,99668,100
2019-06-28 10:05:43.646477300,99927,100,99852,464,99991,464,99776,100,100126,100,99764,100,100142,100,99758,100,100281,100,99741,100,100433,100,99735,100,100448,100,99723,100,100492,100,99702,100,100581,100,99682,100,100668,100,99668,100
2019-06-28 10:05:50.000000000,99927,191,99852,191,99991,191,99776,191,100126,191,99764,191,100142,191,99758,191,100281,100,99741,100,100433,100,99735,100,100448,100,99723,100,100492,100,99702,100,100581,100,99682,100,100668,100,99668,100
2019-06-28 10:06:00.000000000,99927,464,99852,464,99991,100,99776,100,100126,100,99764,100,100142,100,99758,100,100281,100,99741,100,100433,100,99735,100,100448,100,99723,100,100492,100,99702,100,100581,100,99682,100,100668,100,99668,100
2019-06-28 10:06:10.000000000,99927,282,99852,282,99991,282,99776,282,100126,100,99764,100,100142,100,99758,100,100281,100,99741,100,100433,100,99735,100,100448,100,99723,100,100492,100,99702,100,100581,100,99682,100,100668,100,99668,100
2019-06-28 10:06:20.000000000,99927,191,99852,191,99991,191,99776,191,100126,191,99764,191,100142,191,99758,191,100281,100,99741,100,100433,100,99735,100,100448,100,99723,100,100492,100,99702,100,100581,100,99682,100,100668,100,99668,100
2019-06-28 10:06:24.575105632,99927,91,99852,191,99991,191,99776,191,100126,191,99764,191,100142,191,99758,191,100281,100,99741,100,100433,100,99735,100,100448,100,99723,100,100492,100,99702,100,100581,100,99682,100,100668,100,99668,100
2019-06-28 10:06:28.017393681,99991,191,99927,9,100126,191,99852,191,100142,191,99776,191,100281,100,99764,191,100433,100,99758,191,100448,100,99741,100,100492,100,99735,100,100581,100,99723,100,100668,100,99702,100,100808,100,99682,100
2019-06-28 10:06:30.000000000,99991,224,99927,133,100126,220,99852,220,100142,220,99776,220,100281,100,99764,100,100433,100,99758,100,100448,100,99741,100,100492,100,99735,100,100581,100,99723,100,100668,100,99702,100,100808,100,99682,100
2019-06-28 10:06:31.587274406,99991,224,99927,133,100126,220,99893,100,100142,220,99852,220,100281,100,99776,220,100433,100,99764,100,100448,100,99741,100,100492,100,99735,100,100581,100,99723,100,100668,100,99702,100,100808,100,99682,100
2019-06-28 10:06:40.000000000,99991,173,99927,82,100126,173,99893,173,100142,173,99852,173,100281,173,99776,173,100433,173,99764,173,100448,100,99741,100,100492,100,99735,100,100581,100,99723,100,100668,100,99702,100,100808,100,99682,100
2019-06-28 10:06:50.000000000,99991,191,99927,100,100126,191,99893,191,100142,191,99852,191,100281,191,99776,191,100433,100,99764,100,100448,100,99741,100,100492,100,99735,100,100581,100,99723,100,100668,100,99702,100,100808,100,99682,100
2019-06-28 10:06:56.503168856,99991,191,99927,91,100045,100,99893,191,100126,191,99852,191,100142,191,99776,191,100281,191,99764,100,100433,100,99741,100,100448,100,99735,100,100492,100,99723,100,100581,100,99702,100,100668,100,99682,100
2019-06-28 10:07:00.000000000,99991,191,99893,191,100045,191,99852,191,100126,191,99776,191,100142,191,99764,191,100281,100,99741,100,100433,100,99735,100,100448,100,99723,100,100492,100,99702,100,100581,100,99682,100,100668,100,99668,100
2019-06-28 10:07:10.000000000,99991,224,99893,224,100045,220,99852,220,100126,220,99776,220,100142,100,99764,100,100281,100,99741,100,100433,100,99735,100,100448,100,99723,100,100492,100,99702,100,100581,100,99682,100,100668,100,99668,100
2019-06-28 10:07:20.000000000,99991,224,99893,224,100045,220,99852,220,100126,220,99776,220,100142,100,99764,100,100281,100,99741,100,100433,100,99735,100,100448,100,99723,100,100492,100,99702,100,100581,100,99682,100,100668,100,99668,100
2019-06-28 10:07:27.252814669,99991,124,99893,224,100045,220,99852,220,100126,220,99776,220,100142,100,99764,100,100281,100,99741,100,100433,100,99735,100,100448,100,99723,100,100492,100,99702,100,100581,100,99682,100,100668,100,99668,100
2019-06-28 10:07:30.000000000,100045,282,99893,282,100126,282,99852,282,100142,100,99776,100,100281,100,99764,100,100433,100,99741,100,100448,100,99735,100,100492,100,99723,100,100581,100,99702,100,100668,100,99682,100,100808,100,99668,100
2019-06-28 10:07:30.669466273,100045,282,99893,282,100126,282,99852,282,100142,100,99776,100,100249,100,99764,100,100281,100,99741,100,100433,100,99735,100,100448,100,99723,100,100581,100,99702,100,100668,100,99682,100,100808,100,99668,100
2019-06-28 10:07:40.000000000,100045,191,99893,191,100126,191,99852,191,100142,191,99776,191,100249,191,99764,191,100281,100,99741,100,100433,100,99735,100,100448,100,99723,100,100581,100,99702,100,100668,100,99682,100,100808,100,99668,100
2019-06-28 10:07:50.000000000,100045,224,99893,224,100126,220,99852,220,100142,220,99776,220,100249,100,99764,100,100281,100,99741,100,100433,100,99735,100,100448,100,99723,100,100581,100,99702,100,100668,100,99682,100,100808,100,99668,100
2019-06-28 10:08:00.000000000,100045,173,99893,173,100126,173,99852,173,100142,173,99776,173,100249,173,99764,173,100281,173,99741,173,100433,100,99735,100,100448,100,99723,100,100581,100,99702,100,100668,100,99682,100,100808,100,99668,100
2019-06-28 10:08:10.000000000,100045,173,99893,173,100126,173,99852,173,100142,173,99776,173,100249,173,99764,173,100281,173,99741,173,100433,100,99735,100,100448,100,99723,100,100581,100,99702,100,100668,100,99682,100,100808,100,99668,100
2019-06-28 10:08:16.594505934,100045,173,99893,173,100126,173,99852,173,100142,173,99776,173,100249,173,99764,173,100281,173,99741,173,100433,100,99735,100,100448,100,99723,100,100503,100,99702,100,100581,100,99682,100,100668,100,99668,100
2019-06-28 10:08:20.000000000,100045,191,99893,191,100126,191,99852,191,100142,191,99776,191,100249,191,99764,191,100281,100,99741,100,100433,100,99735,100,100448,100,99723,100,100503,100,99702,100,100581,100,99682,100,100668,100,99668,100
2019-06-28 10:08:27.003782292,100045,91,99893,191,100126,191,99852,191,100142,191,99776,191,100249,191,99764,191,100281,100,99741,100,100433,100,99735,100,100448,100,99723,100,100503,100,99702,100,100581,100,99682,100,100668,100,99668,100
2019-06-28 10:08:30.000000000,100126,224,99893,224,100142,220,99852,220,100249,220,99776,220,100281,100,99764,100,100433,100,99741,100,100448,100,99735,100,100503,100,99723,100,100581,100,99702,100,100668,100,99682,100,100808,100,99668,100
2019-06-28 10:08:40.000000000,100126,173,99893,173,100142,173,99852,173,100249,173,99776,173,100281,173,99764,173,100433,173,99741,173,100448,100,99735,100,100503,100,99723,100,100581,100,99702,100,100668,100,99682,100,100808,100,99668,100
2019-06-28 10:08:50.000000000,100126,173,99893,173,100142,173,99852,173,100249,173,99776,173,100281,173,99764,173,100433,173,99741,173,100448,100,99735,100,100503,100,99723,100,100581,100,99702,100,100668,100,99682,100,100808,100,99668,100
2019-06-28 10:09:00.000000000,100126,224,99893,224,100142,220,99852,220,100249,220,99776,220,100281,100,99764,100,100433,100,99741,100,100448,100,99735,100,100503,100,99723,100,100581,100,99702,100,100668,100,99682,100,100808,100,99668,100
2019-06-28 10:09:10.000000000,100126,173,99893,173,100142,173,99852,173,100249,173,99776,173,100281,173,99764,173,100433,173,99741,173,100448,100,99735,100,100503,100,99723,100,100581,100,99702,100,100668,100,99682,100,100808,100,99668,100
2019-06-28 10:09:10.883135626,100126,173,99893,173,100142,173,99852,173,100249,173,99776,173,100281,173,99764,173,100433,173,99741,173,100448,100,99735,100,100503,100,99723,100,100581,100,99702,100,100668,100,99682,100,100808,100,99668,100
2019-06-28 10:09:11.727151742,100126,173,99893,173,100142,173,99852,173,100249,173,99776,173,100281,173,99764,173,100433,173,99741,173,100448,100,99735,100,100503,100,99723,100,100581,100,99702,100,100668,100,99682,100,100808,100,99619,100
2019-06-28 10:09:20.000000000,100126,173,99893,173,100142,173,99852,173,100249,173,99776,173,100281,173,99764,173,100433,173,99741,173,100448,100,99735,100,100503,100,99723,100,100581,100,99702,100,100668,100,99682,100,100808,100,99619,100
2019-06-28 10:09:29.036531929,100126,73,99893,173,100142,173,99852,173,100249,173,99776,173,100281,173,99764,173,100433,173,99741,173,100448,100,99735,100,100503,100,99723,100,100581,100,99702,100,100668,100,99682,100,100808,100,99619,100
2019-06-28 10:09:30.000000000,100142,191,99893,191,100249,191,99852,191,100281,191,99776,191,100433,191,99764,191,100448,100,99741,100,100503,100,99735,100,100581,100,99723,100,100668,100,99702,100,100808,100,99682,100,100908,100,99619,100
2019-06-28 10:09:36.561322344,100142,191,99893,191,100249,191,99852,191,100281,191,99776,191,100433,191,99764,191,100448,100,99741,100,100503,100,99735,100,100581,100,99723,100,100668,100,99702,100,100808,100,99682,100,100878,100,99619,100
2019-06-28 10:09:40.000000000,100142,191,99893,191,100249,191,99852,191,100281,191,99776,191,100433,191,99764,191,100448,100,99741,100,100503,100,99735,100,100581,100,99723,100,100668,100,99702,100,100808,100,99682,100,100878,100,99619,100
2019-06-28 10:09:50.000000000,100142,224,99893,224,100249,220,99852,220,100281,220,99776,220,100433,100,99764,100,100448,100,99741,100,100503,100,99735,100,100581,100,99723,100,100668,100,99702,100,100808,100,99682,100,100878,100,99619,100
2019-06-28 10:09:53.152261795,100142,224,100045,100,100249,220,99893,224,100281,220,99852,220,100433,100,99776,220,100448,100,99764,100,100503,100,99741,100,100581,100,99735,100,100668,100,99723,100,100808,100,99702,100,100878,100,99682,100
2019-06-28 10:10:00.000000000,100142,173,100045,173,100249,173,99893,173,100281,173,99852,173,100433,173,99776,173,100448,173,99764,173,100503,100,99741,100,100581,100,99735,100,100668,100,99723,100,100808,100,99702,100,100878,100,99682,100
2019-06-28 10:10:05.113960175,100142,73,100045,173,100249,173,99893,173,100281,173,99852,173,100433,173,99776,73,100448,173,99764,173,100503,100,99741,100,100581,100,99735,100,100668,100,99723,100,100808,100,99702,100,100878,100,99682,100
