,ask_price_1,ask_size_1,bid_price_1,bid_size_1,ask_price_2,ask_size_2,bid_price_2,bid_size_2,ask_price_3,ask_size_3,bid_price_3,bid_size_3,ask_price_4,ask_size_4,bid_price_4,bid_size_4,ask_price_5,ask_size_5,bid_price_5,bid_size_5,ask_price_6,ask_size_6,bid_price_6,bid_size_6,ask_price_7,ask_size_7,bid_price_7,bid_size_7,ask_price_8,ask_size_8,bid_price_8,bid_size_8,ask_price_9,ask_size_9,bid_price_9,bid_size_9,ask_price_10,ask_size_10,bid_price_10,bid_size_10
2019-06-28 09:30:00.000000000,100008,100,,,,,,,,,,,,,,,,,,,,,,,,,,,,,,,,,,,,,,
2019-06-28 09:30:00.000000002,100008,100,,,100144,100,,,,,,,,,,,,,,,,,,,,,,,,,,,,,,,,,,
2019-06-28 09:30:00.000000003,100008,100,,,100131,100,,,100144,100,,,,,,,,,,,,,,,,,,,,,,,,,,,,,,
2019-06-28 09:30:00.000000004,100008,100,99954,100,100064,100,,,100131,100,,,100144,100,,,,,,,,,,,,,,,,,,,,,,,,,,
2019-06-28 09:30:00.000000005,100008,100,99978,100,100064,100,99954,100,100131,100,99950,100,100144,100,,,,,,,,,,,,,,,,,,,,,,,,,,
2019-06-28 09:30:00.000000009,100008,100,99978,100,100064,100,99954,100,100083,100,99950,100,100131,100,,,100144,100,,,,,,,,,,,,,,,,,,,,,,
2019-06-28 09:30:00.000000010,100008,100,99978,100,100064,100,99954,100,100083,100,99950,100,100131,100,99911,100,100144,100,,,,,,,,,,,,,,,,,,,,,,
2019-06-28 09:30:00.000000013,100008,100,99978,100,100064,100,99954,100,100083,100,99950,100,100131,100,99911,100,100144,100,99891,100,,,,,,,,,,,,,,,,,,,,
2019-06-28 09:30:00.000000020,100008,100,99978,100,100064,100,99954,100,100083,100,99950,100,100105,100,99911,100,100131,100,99891,100,100144,100,99873,100,,,,,,,,,,,,,,,,
2019-06-28 09:30:00.000000023,100008,100,99978,100,100064,100,99964,100,100083,100,99954,100,100105,100,99950,100,100131,100,99911,100,100144,100,99891,100,100156,100,99873,100,,,,,,,,,,,,
2019-06-28 09:30:00.000000025,100008,100,99978,100,100064,100,99964,100,100083,100,99954,100,100105,100,99950,100,100131,100,99911,100,100144,100,99905,100,100156,100,99891,100,,,99873,100,,,,,,,,
2019-06-28 09:30:00.000000026,100008,100,99978,100,100064,100,99969,100,100083,100,99964,100,100105,100,99954,100,100131,100,99950,100,100144,100,99911,100,100156,100,99905,100,,,99891,100,,,99873,100,,,,
2019-06-28 09:30:00.000000030,99995,100,99978,100,100008,100,99969,100,100064,100,99964,100,100083,100,99954,100,100105,100,99950,100,100131,100,99925,100,100144,100,99911,100,100156,100,99905,100,,,99896,100,,,99891,100
2019-06-28 09:30:00.000000031,99995,100,99978,100,100008,100,99971,100,100064,100,99969,100,100070,100,99964,100,100083,100,99954,100,100105,100,99950,100,100131,100,99925,100,100144,100,99911,100,100156,100,99905,100,100187,100,99896,100
2019-06-28 09:30:00.000000033,100008,100,99978,100,100064,100,99971,100,100070,100,99969,100,100083,100,99964,100,100105,100,99954,100,100131,100,99950,100,100144,100,99925,100,100156,100,99911,100,100187,100,99905,100,,,99896,100
2019-06-28 09:30:00.000000034,100008,100,99978,100,100064,100,99971,100,100067,100,99969,100,100070,100,99964,100,100083,100,99954,100,100105,100,99950,100,100131,100,99925,100,100144,100,99911,100,100156,100,99905,100,100187,100,99896,100
2019-06-28 09:30:00.000000035,100008,100,99978,100,100009,100,99971,100,100064,100,99969,100,100067,100,99964,100,100070,100,99954,100,100083,100,99950,100,100105,100,99925,100,100131,100,99911,100,100144,100,99905,100,100156,100,99896,100
2019-06-28 09:30:00.000000036,100008,100,99978,100,100009,100,99971,100,100041,100,99969,100,100064,100,99964,100,100067,100,99954,100,100070,100,99950,100,100083,100,99925,100,100105,100,99911,100,100131,100,99905,100,100144,100,99896,100
2019-06-28 09:30:00.000000037,100008,100,99978,100,100009,100,99971,100,100041,100,99969,100,100064,100,99964,100,100067,100,99954,100,100070,100,99950,100,100083,100,99925,100,100105,100,99911,100,100131,100,99907,100,100144,100,99905,100
2019-06-28 09:30:00.000000038,100008,100,99978,100,100009,100,99971,100,100041,100,99969,100,100064,100,99964,100,100067,100,99954,100,100070,100,99950,100,100083,100,99925,100,100105,100,99911,100,100131,100,99907,100,100144,100,99905,100
2019-06-28 09:30:00.000000039,100009,100,99978,100,100040,100,99971,100,100041,100,99969,100,100064,100,99964,100,100067,100,99954,100,100070,100,99950,100,100083,100,99925,100,100105,100,99924,100,100131,100,99911,100,100144,100,99907,100
2019-06-28 09:30:00.000000040,100009,100,99978,100,100040,100,99971,100,100041,100,99969,100,100064,100,99964,100,100067,100,99954,100,100070,100,99950,100,100083,100,99925,100,100105,100,99924,100,100131,100,99921,100,100144,100,99911,100
2019-06-28 09:30:00.000000044,100008,200,99978,100,100009,100,99971,100,100040,100,99969,100,100041,100,99964,100,100064,100,99954,100,100067,100,99950,100,100070,100,99925,100,100083,100,99924,100,100105,100,99921,100,100131,100,99911,100
2019-06-28 09:30:00.000000046,100008,200,99978,100,100009,100,99971,100,100040,100,99969,100,100041,100,99964,100,100061,100,99954,100,100064,100,99950,100,100067,100,99925,100,100070,100,99924,100,100083,100,99921,100,100105,100,99911,100
2019-06-28 09:30:00.000000047,100008,200,99978,100,100009,100,99971,100,100040,100,99969,100,100041,100,99964,100,100042,100,99954,100,100061,100,99950,100,100064,100,99925,100,100067,100,99924,100,100070,100,99921,100,100083,100,99911,100
2019-06-28 09:30:00.000000049,100008,200,99995,100,100009,100,99978,100,100040,100,99971,100,100041,100,99969,100,100042,100,99964,100,100061,100,99954,100,100064,100,99950,100,100067,100,99925,100,100070,100,99924,100,100083,100,99921,100
2019-06-28 09:30:00.000000052,100008,200,99995,100,100009,100,99978,100,100040,100,99976,100,100041,100,99971,100,100042,100,99969,100,100061,100,99964,100,100064,100,99954,100,100067,100,99950,100,100070,100,99925,100,100083,100,99924,100
2019-06-28 09:30:00.000000054,100008,200,99995,100,100009,100,99978,100,100040,200,99976,100,100041,100,99971,100,100042,100,99969,100,100061,100,99964,100,100064,100,99954,100,100067,100,99950,100,100070,100,99925,100,100083,100,99924,100
2019-06-28 09:30:00.000000060,100008,200,99995,100,100009,100,99978,100,100040,200,99976,100,100041,100,99971,100,100042,100,99969,100,100061,100,99964,100,100064,100,99954,100,100067,100,99950,100,100070,100,99925,100,100083,100,99924,100
2019-06-28 09:30:00.000000063,100008,200,99995,100,100009,100,99978,100,100040,200,99976,100,100041,100,99971,100,100042,100,99969,100,100061,100,99964,100,100064,100,99954,100,100067,100,99950,100,100070,100,99925,100,100083,100,99924,100
2019-06-28 09:30:00.000000066,100008,100,99995,100,100009,100,99978,100,100040,200,99976,100,100041,100,99971,100,100042,100,99969,100,100061,100,99964,100,100064,100,99954,100,100067,100,99950,100,100070,100,99925,100,100083,100,99924,100
2019-06-28 09:30:00.000000073,100009,100,99995,100,100040,200,99978,100,100041,100,99976,100,100042,100,99971,100,100061,100,99969,100,100064,100,99964,100,100067,100,99954,100,100070,100,99950,100,100083,100,99925,100,100105,100,99924,100
2019-06-28 09:30:00.000000074,100009,100,99995,100,100040,200,99984,100,100041,100,99978,100,100042,100,99976,100,100061,100,99971,100,100064,100,99969,100,100067,100,99964,100,100070,100,99954,100,100083,100,99950,100,100105,100,99925,100
2019-06-28 09:30:00.000000075,100009,100,99995,100,100040,200,99984,100,100041,100,99978,100,100042,100,99976,100,100061,100,99971,100,100064,100,99969,100,100067,100,99964,100,100070,100,99954,100,100073,100,99950,100,100083,100,99925,100
2019-06-28 09:30:00.000000076,100009,100,99995,100,100040,200,99984,100,100041,100,99978,100,100042,100,99976,100,100059,100,99971,100,100061,100,99969,100,100064,100,99964,100,100067,100,99954,100,100070,100,99950,100,100073,100,99925,100
2019-06-28 09:30:00.000000077,100009,100,99995,100,100040,200,99984,100,100041,100,99978,100,100042,100,99976,100,100059,100,99971,100,100061,100,99969,100,100064,100,99964,100,100067,100,99954,100,100070,100,99950,100,100073,100,99925,100
2019-06-28 09:30:00.000000080,100009,100,99995,100,100040,200,99984,100,100041,100,99978,100,100042,100,99976,100,100059,100,99971,100,100061,100,99969,100,100064,100,99964,100,100067,100,99954,100,100070,100,99950,100,100073,100,99925,100
2019-06-28 09:30:00.000000082,100009,100,99995,100,100040,200,99984,100,100041,100,99978,100,100042,100,99976,100,100059,100,99971,100,100061,100,99969,100,100064,100,99964,100,100067,100,99954,100,100070,100,99950,100,100073,100,99925,100
2019-06-28 09:30:00.000000083,100009,100,99995,100,100019,100,99984,100,100040,200,99978,100,100041,100,99976,100,100042,100,99971,100,100059,100,99969,100,100061,100,99964,100,100064,100,99954,100,100067,100,99950,100,100070,100,99925,100
2019-06-28 09:30:00.000000085,100009,100,99995,100,100019,100,99984,100,100040,200,99978,100,100041,100,99976,100,100042,100,99971,100,100059,100,99969,100,100061,100,99964,100,100064,100,99957,100,100067,100,99954,100,100070,100,99950,100
2019-06-28 09:30:00.000000094,100009,100,99995,100,100019,100,99984,100,100031,100,99978,100,100040,200,99976,100,100041,100,99971,100,100042,100,99969,100,100059,100,99964,100,100061,100,99957,100,100064,100,99954,100,100067,100,99950,100
2019-06-28 09:30:00.000000095,100009,100,99995,100,100019,100,99984,100,100031,100,99978,100,100040,200,99976,100,100041,100,99971,100,100042,100,99969,100,100059,100,99964,100,100061,100,99957,100,100064,100,99954,100,100067,100,99950,100
2019-06-28 09:30:00.000000097,100009,100,99995,100,100019,100,99984,100,100031,100,99978,100,100040,200,99976,100,100041,100,99971,100,100042,100,99969,100,100059,100,99964,100,100061,200,99957,100,100064,100,99954,100,100067,100,99950,100
2019-06-28 09:30:00.000000099,100009,100,99995,100,100019,100,99984,100,100031,100,99978,100,100040,200,99976,100,100041,100,99971,100,100042,100,99969,100,100059,100,99964,100,100061,200,99957,100,100064,100,99954,100,100067,100,99950,100
2019-06-28 09:30:05.836769623,100009,100,99995,100,100019,100,99984,100,100031,100,99976,100,100040,200,99971,100,100041,100,99969,100,100042,100,99964,100,100059,100,99957,100,100061,200,99954,100,100064,100,99950,100,100067,100,99925,100
2019-06-28 09:30:10.000000000,100009,217,99995,217,100019,217,99984,217,100031,217,99976,217,100040,317,99971,217,100041,100,99969,100,100042,100,99964,100,100059,100,99957,100,100061,200,99954,100,100064,100,99950,100,100067,100,99925,100
2019-06-28 09:30:20.000000000,100009,194,99995,194,100019,194,99984,194,100031,194,99976,194,100040,294,99971,194,100041,194,99969,194,100042,100,99964,100,100059,100,99957,100,100061,200,99954,100,100064,100,99950,100,100067,100,99925,100
2019-06-28 09:30:25.356079283,100009,194,99995,194,100019,194,99984,194,100031,194,99976,194,100040,294,99971,194,100041,194,99969,194,100042,100,99964,100,100059,100,99957,100,100061,200,99954,100,100064,100,99950,100,100067,100,99925,100
2019-06-28 09:30:30.000000000,100009,334,99995,334,100019,334,99984,334,100031,100,99976,100,100040,200,99971,100,100041,100,99969,100,100042,100,99964,100,100059,100,99957,100,100061,200,99954,100,100064,100,99950,100,100067,100,99925,100
2019-06-28 09:30:33.344676339,100009,234,99995,334,100019,334,99984,334,100031,100,99976,100,100040,200,99971,100,100041,100,99969,100,100042,100,99964,100,100059,100,99957,100,100061,200,99954,100,100064,100,99950,100,100067,100,99925,100
2019-06-28 09:30:40.000000000,100019,569,99995,569,100031,100,99984,100,100040,200,99976,100,100041,100,99971,100,100042,100,99969,100,100059,100,99964,100,100061,200,99957,100,100064,100,99954,100,100067,100,99950,100,100073,100,99925,100
2019-06-28 09:30:50.000000000,100019,569,99995,569,100031,100,99984,100,100040,200,99976,100,100041,100,99971,100,100042,100,99969,100,100059,100,99964,100,100061,200,99957,100,100064,100,99954,100,100067,100,99950,100,100073,100,99925,100
2019-06-28 09:30:54.183735077,100019,569,100008,100,100031,100,99995,569,100040,200,99984,100,100041,100,99976,100,100042,100,99971,100,100059,100,99969,100,100061,200,99964,100,100064,100,99957,100,100067,100,99954,100,100073,100,99950,100
2019-06-28 09:31:00.000000000,100019,217,100008,217,100031,217,99995,217,100040,317,99984,217,100041,217,99976,217,100042,100,99971,100,100059,100,99969,100,100061,200,99964,100,100064,100,99957,100,100067,100,99954,100,100073,100,99950,100
2019-06-28 09:31:10.000000000,100019,259,100008,259,100031,255,99995,255,100040,355,99984,255,100041,100,99976,100,100042,100,99971,100,100059,100,99969,100,100061,200,99964,100,100064,100,99957,100,100067,100,99954,100,100073,100,99950,100
2019-06-28 09:31:13.307386711,100019,259,100008,259,100031,255,99995,255,100040,355,99984,255,100041,100,99976,100,100042,100,99971,100,100059,100,99969,100,100061,200,99964,100,100064,100,99957,100,100067,100,99954,100,100073,100,99950,100
2019-06-28 09:31:20.000000000,100019,217,100008,217,100031,217,99995,217,100040,317,99984,217,100041,217,99976,217,100042,100,99971,100,100059,100,99969,100,100061,200,99964,100,100064,100,99957,100,100067,100,99954,100,100073,100,99950,100
2019-06-28 09:31:30.000000000,100019,569,100008,569,100031,100,99995,100,100040,200,99984,100,100041,100,99976,100,100042,100,99971,100,100059,100,99969,100,100061,200,99964,100,100064,100,99957,100,100067,100,99954,100,100073,100,99950,100
2019-06-28 09:31:39.327213666,100019,469,100008,569,100031,100,99995,100,100040,200,99984,100,100041,100,99976,100,100042,100,99971,100,100059,100,99969,100,100061,200,99964,100,100064,100,99957,100,100067,100,99954,100,100073,100,99950,100
2019-06-28 09:31:40.000000000,100031,194,100008,194,100040,294,99995,194,100041,194,99984,194,100042,194,99976,194,100059,194,99971,194,100061,200,99969,100,100064,100,99964,100,100067,100,99957,100,100073,100,99954,100,100083,100,99950,100
2019-06-28 09:31:45.714317075,100031,194,100008,194,100040,294,99995,194,100041,194,99984,194,100042,194,99976,194,100059,194,99971,194,100061,200,99969,100,100064,100,99964,100,100067,100,99957,100,100073,100,99954,100,100083,100,99950,100
2019-06-28 09:31:47.662438840,100031,94,100008,194,100040,194,99995,194,100041,194,99984,194,100042,194,99976,194,100059,194,99971,194,100061,200,99969,100,100064,100,99964,100,100067,100,99957,100,100073,100,99954,100,100083,100,99950,100
2019-06-28 09:31:47.914831722,100040,194,100031,6,100041,194,100008,194,100042,194,99995,194,100059,194,99984,194,100061,200,99976,194,100064,100,99971,194,100067,100,99969,100,100073,100,99964,100,100083,100,99957,100,100105,100,99954,100
2019-06-28 09:31:50.000000000,100040,569,100031,475,100041,100,100008,100,100042,100,99995,100,100059,100,99984,100,100061,200,99976,100,100064,100,99971,100,100067,100,99969,100,100073,100,99964,100,100083,100,99957,100,100105,100,99954,100
2019-06-28 09:32:00.000000000,100040,194,100031,100,100041,194,100008,194,100042,194,99995,194,100059,194,99984,194,100061,294,99976,194,100064,100,99971,100,100067,100,99969,100,100073,100,99964,100,100083,100,99957,100,100105,100,99954,100
2019-06-28 09:32:10.000000000,100040,194,100031,100,100041,194,100008,194,100042,194,99995,194,100059,194,99984,194,100061,294,99976,194,100064,100,99971,100,100067,100,99969,100,100073,100,99964,100,100083,100,99957,100,100105,100,99954,100
2019-06-28 09:32:20.000000000,100040,259,100031,165,100041,255,100008,255,100042,255,99995,255,100059,100,99984,100,100061,200,99976,100,100064,100,99971,100,100067,100,99969,100,100073,100,99964,100,100083,100,99957,100,100105,100,99954,100
2019-06-28 09:32:21.844722972,100040,259,100031,165,100041,255,100008,255,100042,255,99995,255,100059,100,99984,100,100061,200,99976,100,100064,100,99971,100,100067,100,99969,100,100073,100,99964,100,100083,100,99957,100,100105,100,99954,100
2019-06-28 09:32:30.000000000,100040,334,100031,240,100041,334,100008,334,100042,100,99995,100,100059,100,99984,100,100061,200,99976,100,100064,100,99971,100,100067,100,99969,100,100073,100,99964,100,100083,100,99957,100,100105,100,99954,100
2019-06-28 09:32:40.000000000,100040,334,100031,240,100041,334,100008,334,100042,100,99995,100,100059,100,99984,100,100061,200,99976,100,100064,100,99971,100,100067,100,99969,100,100073,100,99964,100,100083,100,99957,100,100105,100,99954,100
2019-06-28 09:32:50.000000000,100040,194,100031,100,100041,194,100008,194,100042,194,99995,194,100059,194,99984,194,100061,294,99976,194,100064,100,99971,100,100067,100,99969,100,100073,100,99964,100,100083,100,99957,100,100105,100,99954,100
2019-06-28 09:33:00.000000000,100040,569,100031,475,100041,100,100008,100,100042,100,99995,100,100059,100,99984,100,100061,200,99976,100,100064,100,99971,100,100067,100,99969,100,100073,100,99964,100,100083,100,99957,100,100105,100,99954,100
2019-06-28 09:33:10.000000000,100040,217,100031,123,100041,217,100008,217,100042,217,99995,217,100059,217,99984,217,100061,200,99976,100,100064,100,99971,100,100067,100,99969,100,100073,100,99964,100,100083,100,99957,100,100105,100,99954,100
2019-06-28 09:33:20.000000000,100040,259,100031,165,100041,255,100008,255,100042,255,99995,255,100059,100,99984,100,100061,200,99976,100,100064,100,99971,100,100067,100,99969,100,100073,100,99964,100,100083,100,99957,100,100105,100,99954,100
2019-06-28 09:33:22.610900579,100040,159,100031,159,100041,255,100008,255,100042,255,99995,255,100059,100,99984,100,100061,200,99976,100,100064,100,99971,100,100067,100,99969,100,100073,100,99964,100,100083,100,99957,100,100105,100,99954,100
2019-06-28 09:33:23.832864150,100040,59,100031,159,100041,255,100008,255,100042,255,99995,255,100059,100,99984,100,100061,200,99976,100,100064,100,99971,100,100067,100,99969,100,100073,100,99964,100,100083,100,99957,100,100105,100,99954,100
2019-06-28 09:33:30.000000000,100041,569,100008,569,100042,100,99995,100,100059,100,99984,100,100061,200,99976,100,100064,100,99971,100,100067,100,99969,100,100073,100,99964,100,100083,100,99957,100,100105,100,99954,100,100129,100,99950,100
2019-06-28 09:33:30.599094982,100041,569,100008,569,100042,100,99995,100,100059,100,99984,100,100061,200,99976,100,100064,100,99971,100,100067,100,99969,100,100073,100,99964,100,100083,100,99957,100,100105,100,99954,100,100129,100,99950,100
2019-06-28 09:33:40.000000000,100041,194,100008,194,100042,194,99995,194,100059,194,99984,194,100061,294,99976,194,100064,194,99971,194,100067,100,99969,100,100073,100,99964,100,100083,100,99957,100,100105,100,99954,100,100129,100,99950,100
2019-06-28 09:33:50.000000000,100041,569,100008,569,100042,100,99995,100,100059,100,99984,100,100061,200,99976,100,100064,100,99971,100,100067,100,99969,100,100073,100,99964,100,100083,100,99957,100,100105,100,99954,100,100129,100,99950,100
2019-06-28 09:33:50.030298160,100041,569,100008,569,100042,100,99995,100,100059,100,99984,100,100061,200,99976,100,100064,100,99971,100,100067,100,99969,100,100073,100,99964,100,100083,100,99957,100,100105,100,99954,100,100129,100,99950,100
2019-06-28 09:34:00.000000000,100041,194,100008,194,100042,194,99995,194,100059,194,99984,194,100061,294,99976,194,100064,194,99971,194,100067,100,99969,100,100073,100,99964,100,100083,100,99957,100,100105,100,99954,100,100129,100,99950,100
2019-06-28 09:34:10.000000000,100041,569,100008,569,100042,100,99995,100,100059,100,99984,100,100061,200,99976,100,100064,100,99971,100,100067,100,99969,100,100073,100,99964,100,100083,100,99957,100,100105,100,99954,100,100129,100,99950,100
2019-06-28 09:34:20.000000000,100041,194,100008,194,100042,194,99995,194,100059,194,99984,194,100061,294,99976,194,100064,194,99971,194,100067,100,99969,100,100073,100,99964,100,100083,100,99957,100,100105,100,99954,100,100129,100,99950,100
2019-06-28 09:34:26.467468754,100041,94,100008,194,100042,194,99995,194,100059,194,99984,194,100061,294,99976,194,100064,194,99971,194,100067,100,99969,100,100073,100,99964,100,100083,100,99957,100,100105,100,99954,100,100129,100,99950,100
2019-06-28 09:34:30.000000000,100042,259,100008,259,100059,255,99995,255,100061,355,99984,255,100064,100,99976,100,100067,100,99971,100,100073,100,99969,100,100083,100,99964,100,100105,100,99957,100,100129,100,99954,100,100132,100,99950,100
2019-06-28 09:34:36.429408197,100042,259,100040,100,100059,255,100008,259,100061,355,99995,255,100064,100,99984,255,100067,100,99976,100,100073,100,99971,100,100083,100,99969,100,100105,100,99964,100,100129,100,99957,100,100132,100,99954,100
2019-06-28 09:34:40.000000000,100042,569,100040,569,100059,100,100008,100,100061,200,99995,100,100064,100,99984,100,100067,100,99976,100,100073,100,99971,100,100083,100,99969,100,100105,100,99964,100,100129,100,99957,100,100132,100,99954,100
2019-06-28 09:34:50.000000000,100042,259,100040,259,100059,255,100008,255,100061,355,99995,255,100064,100,99984,100,100067,100,99976,100,100073,100,99971,100,100083,100,99969,100,100105,100,99964,100,100129,100,99957,100,100132,100,99954,100
2019-06-28 09:35:00.000000000,100042,217,100040,217,100059,217,100008,217,100061,317,99995,217,100064,217,99984,217,100067,100,99976,100,100073,100,99971,100,100083,100,99969,100,100105,100,99964,100,100129,100,99957,100,100132,100,99954,100
2019-06-28 09:35:02.783035680,100042,217,100040,317,100059,217,100008,217,100061,317,99995,217,100064,217,99984,217,100067,100,99976,100,100073,100,99971,100,100083,100,99969,100,100105,100,99964,100,100129,100,99957,100,100132,100,99954,100
2019-06-28 09:35:10.000000000,100042,217,100040,317,100059,217,100008,217,100061,317,99995,217,100064,217,99984,217,100067,100,99976,100,100073,100,99971,100,100083,100,99969,100,100105,100,99964,100,100129,100,99957,100,100132,100,99954,100
2019-06-28 09:35:13.201049961,100042,117,100040,317,100059,217,100008,217,100061,317,99995,217,100064,217,99984,217,100067,100,99976,100,100073,100,99971,100,100083,100,99969,100,100105,100,99964,100,100129,100,99957,100,100132,100,99950,100
2019-06-28 09:35:15.090659160,100042,117,100040,317,100059,217,100008,217,100061,317,99995,217,100064,217,99984,217,100067,100,99976,100,100073,100,99971,100,100083,100,99969,100,100105,100,99964,100,100129,100,99957,100,100132,100,99950,100
2019-06-28 09:35:20.000000000,100059,334,100040,434,100061,434,100008,334,100064,100,99995,100,100067,100,99984,100,100073,100,99976,100,100083,100,99971,100,100105,100,99969,100,100129,100,99964,100,100132,100,99957,100,100133,100,99950,100
2019-06-28 09:35:30.000000000,100059,259,100040,359,100061,355,100008,255,100064,255,99995,255,100067,100,99984,100,100073,100,99976,100,100083,100,99971,100,100105,100,99969,100,100129,100,99964,100,100132,100,99957,100,100133,100,99950,100
2019-06-28 09:35:34.293439759,100059,259,100040,359,100061,355,100008,255,100064,255,99995,255,100067,100,99984,100,100073,100,99976,100,100083,100,99971,100,100105,100,99969,100,100129,100,99964,100,100132,100,99957,100,100133,100,99950,100
2019-06-28 09:35:34.364023431,100059,159,100040,359,100061,355,100008,255,100064,255,99995,255,100067,100,99984,100,100073,100,99976,100,100083,100,99971,100,100105,100,99969,100,100129,100,99964,100,100132,100,99957,100,100133,100,99950,100
2019-06-28 09:35:40.000000000,100061,434,100040,434,100064,334,100008,334,100067,100,99995,100,100073,100,99984,100,100083,100,99976,100,100105,100,99971,100,100129,100,99969,100,100132,100,99964,100,100133,100,99957,100,100187,100,99950,100
2019-06-28 09:35:44.627362382,100061,434,100040,334,100064,334,100008,334,100067,100,99995,100,100073,100,99984,100,100083,100,99976,100,100105,100,99971,100,100129,100,99969,100,100132,100,99964,100,100133,100,99957,100,100187,100,99950,100
2019-06-28 09:35:48.294106472,100061,434,100040,334,100064,334,100008,334,100067,100,99995,100,100073,100,99984,100,100083,100,99976,100,100105,100,99971,100,100129,100,99969,100,100132,100,99964,100,100133,100,99957,100,100187,100,99950,100
2019-06-28 09:35:50.000000000,100061,359,100040,259,100064,255,100008,255,100067,255,99995,255,100073,100,99984,100,100083,100,99976,100,100105,100,99971,100,100129,100,99969,100,100132,100,99964,100,100133,100,99957,100,100187,100,99950,100
2019-06-28 09:36:00.000000000,100061,669,100040,569,100064,100,100008,100,100067,100,99995,100,100073,100,99984,100,100083,100,99976,100,100105,100,99971,100,100129,100,99969,100,100132,100,99964,100,100133,100,99957,100,100187,100,99950,100
2019-06-28 09:36:08.873875893,100061,569,100040,569,100064,100,100008,100,100067,100,99995,100,100073,100,99984,100,100083,100,99976,100,100105,100,99971,100,100129,100,99969,100,100132,100,99964,100,100133,100,99957,100,100187,100,99950,100
2019-06-28 09:36:10.000000000,100061,259,100040,259,100064,255,100008,255,100067,255,99995,255,100073,100,99984,100,100083,100,99976,100,100105,100,99971,100,100129,100,99969,100,100132,100,99964,100,100133,100,99957,100,100187,100,99950,100
2019-06-28 09:36:20.000000000,100061,194,100040,194,100064,194,100008,194,100067,194,99995,194,100073,194,99984,194,100083,194,99976,194,100105,100,99971,100,100129,100,99969,100,100132,100,99964,100,100133,100,99957,100,100187,100,99950,100
2019-06-28 09:36:22.445600399,100061,194,100059,100,100064,194,100040,94,100067,194,100008,194,100073,194,99995,194,100083,194,99984,194,100105,100,99976,194,100129,100,99971,100,100132,100,99969,100,100133,100,99964,100,100187,100,99957,100
2019-06-28 09:36:30.000000000,100061,259,100059,259,100064,255,100008,255,100067,255,99995,255,100073,100,99984,100,100083,100,99976,100,100105,100,99971,100,100129,100,99969,100,100132,100,99964,100,100133,100,99957,100,100187,100,99950,100
2019-06-28 09:36:30.886309084,100061,259,100059,259,100064,255,100008,255,100067,255,99995,255,100073,100,99984,100,100083,100,99976,100,100105,100,99971,100,100129,100,99969,100,100132,100,99964,100,100133,100,99950,100,100187,100,99925,100
2019-06-28 09:36:36.227641292,100061,259,100059,359,100064,255,100008,255,100067,255,99995,255,100073,100,99984,100,100083,100,99976,100,100105,100,99971,100,100129,100,99969,100,100132,100,99964,100,100133,100,99950,100,100208,100,99925,100
2019-06-28 09:36:40.000000000,100061,259,100059,359,100064,255,100008,255,100067,255,99995,255,100073,100,99984,100,100083,100,99976,100,100105,100,99971,100,100129,100,99969,100,100132,100,99964,100,100133,100,99950,100,100208,100,99925,100
2019-06-28 09:36:46.422985749,100061,159,100059,359,100064,255,100008,255,100067,255,99995,255,100073,100,99984,100,100083,100,99976,100,100105,100,99971,100,100129,100,99969,100,100132,100,99964,100,100133,100,99950,100,100208,100,99925,100
2019-06-28 09:36:50.000000000,100064,569,100059,669,100067,100,100008,100,100073,100,99995,100,100083,100,99984,100,100105,100,99976,100,100129,100,99971,100,100132,100,99969,100,100133,100,99964,100,100208,100,99950,100,100749,100,99925,100
2019-06-28 09:37:00.000000000,100064,334,100059,434,100067,334,100008,334,100073,100,99995,100,100083,100,99984,100,100105,100,99976,100,100129,100,99971,100,100132,100,99969,100,100133,100,99964,100,100208,100,99950,100,100749,100,99925,100
2019-06-28 09:37:06.285638971,100064,234,100059,434,100067,334,100008,334,100073,100,99995,100,100083,100,99984,100,100105,100,99976,100,100129,100,99971,100,100132,100,99969,100,100133,100,99964,100,100208,100,99950,100,100749,100,99925,100
2019-06-28 09:37:06.693367895,100064,234,100059,434,100067,334,100008,334,100073,100,99995,100,100083,100,99984,100,100105,100,99976,100,100129,100,99971,100,100132,100,99969,100,100133,100,99964,100,100208,100,99950,100,100749,100,99925,100
2019-06-28 09:37:06.722645660,100064,234,100059,434,100067,334,100008,334,100073,100,99995,100,100083,100,99984,100,100105,100,99976,100,100129,100,99971,100,100132,100,99969,100,100133,100,99964,100,100208,100,99950,100,100749,100,99925,100
2019-06-28 09:37:10.000000000,100067,334,100059,434,100073,334,100008,334,100083,100,99995,100,100105,100,99984,100,100129,100,99976,100,100132,100,99971,100,100133,100,99969,100,100208,100,99964,100,100749,100,99950,100,100772,100,99925,100
2019-06-28 09:37:13.865963599,100067,334,100059,434,100073,334,100008,334,100083,100,99984,100,100105,100,99976,100,100129,100,99971,100,100132,100,99969,100,100133,100,99964,100,100208,100,99950,100,100749,100,99925,100,100772,100,99924,100
2019-06-28 09:37:19.710137255,100067,234,100059,434,100073,334,100008,334,100083,100,99984,100,100105,100,99976,100,100129,100,99971,100,100132,100,99969,100,100133,100,99964,100,100208,100,99950,100,100749,100,99925,100,100772,100,99924,100
2019-06-28 09:37:20.000000000,100073,334,100059,434,100083,334,100008,334,100105,100,99984,100,100129,100,99976,100,100132,100,99971,100,100133,100,99969,100,100208,100,99964,100,100749,100,99950,100,100772,100,99925,100,100934,100,99924,100
2019-06-28 09:37:27.768697837,100073,234,100059,434,100083,334,100008,334,100105,100,99984,100,100129,100,99976,100,100132,100,99971,100,100133,100,99969,100,100208,100,99964,100,100749,100,99950,100,100772,100,99925,100,100934,100,99924,100
2019-06-28 09:37:29.836614554,100073,234,100059,434,100083,334,100008,334,100105,100,99984,100,100129,100,99976,100,100132,100,99971,100,100133,100,99969,100,100208,100,99964,100,100749,100,99950,100,100772,100,99925,100,100788,100,99924,100
2019-06-28 09:37:30.000000000,100083,217,100059,317,100105,217,100008,217,100129,217,99984,217,100132,217,99976,217,100133,100,99971,100,100208,100,99969,100,100749,100,99964,100,100772,100,99950,100,100788,100,99925,100,100934,100,99924,100
2019-06-28 09:37:39.515892416,100083,117,100059,317,100105,217,100008,217,100129,217,99984,217,100132,217,99976,217,100133,100,99971,100,100208,100,99969,100,100749,100,99964,100,100772,100,99950,100,100788,100,99925,100,100934,100,99924,100
2019-06-28 09:37:40.000000000,100105,334,100059,434,100129,334,100008,334,100132,100,99984,100,100133,100,99976,100,100208,100,99971,100,100749,100,99969,100,100772,100,99964,100,100788,100,99950,100,100934,100,99925,100,100937,100,99924,100
2019-06-28 09:37:50.000000000,100105,569,100059,669,100129,100,100008,100,100132,100,99984,100,100133,100,99976,100,100208,100,99971,100,100749,100,99969,100,100772,100,99964,100,100788,100,99950,100,100934,100,99925,100,100937,100,99924,100
2019-06-28 09:37:52.063694369,100105,469,100059,669,100129,100,100008,100,100132,100,99984,100,100133,100,99976,100,100208,100,99971,100,100749,100,99969,100,100772,100,99964,100,100788,100,99950,100,100934,100,99925,100,100937,100,99924,100
2019-06-28 09:38:00.000000000,100129,569,100059,669,100132,100,100008,100,100133,100,99984,100,100208,100,99976,100,100749,100,99971,100,100772,100,99969,100,100788,100,99964,100,100934,100,99950,100,100937,100,99925,100,101007,100,99924,100
2019-06-28 09:38:10.000000000,100129,569,100059,669,100132,100,100008,100,100133,100,99984,100,100208,100,99976,100,100749,100,99971,100,100772,100,99969,100,100788,100,99964,100,100934,100,99950,100,100937,100,99925,100,101007,100,99924,100
2019-06-28 09:38:20.000000000,100129,569,100059,669,100132,100,100008,100,100133,100,99984,100,100208,100,99976,100,100749,100,99971,100,100772,100,99969,100,100788,100,99964,100,100934,100,99950,100,100937,100,99925,100,101007,100,99924,100
2019-06-28 09:38:20.978264115,100129,569,100059,669,100132,100,100008,100,100133,100,99984,100,100208,100,99976,100,100574,100,99971,100,100749,100,99969,100,100772,100,99964,100,100788,100,99950,100,100934,100,99925,100,100937,100,99924,100
2019-06-28 09:38:21.188664446,100129,569,100083,100,100132,100,100059,669,100133,100,100008,100,100208,100,99984,100,100574,100,99976,100,100749,100,99971,100,100772,100,99969,100,100788,100,99964,100,100934,100,99950,100,100937,100,99925,100
2019-06-28 09:38:21.993478958,100129,569,100083,100,100132,100,100059,669,100133,100,100008,100,100208,100,99984,100,100574,100,99976,100,100749,100,99971,100,100772,100,99969,100,100788,100,99964,100,100934,100,99950,100,100937,100,99925,100
2019-06-28 09:38:30.000000000,100129,194,100083,194,100132,194,100059,294,100133,194,100008,194,100208,194,99984,194,100574,194,99976,194,100749,100,99971,100,100772,100,99969,100,100788,100,99964,100,100934,100,99950,100,100937,100,99925,100
2019-06-28 09:38:40.000000000,100129,569,100083,569,100132,100,100059,200,100133,100,100008,100,100208,100,99984,100,100574,100,99976,100,100749,100,99971,100,100772,100,99969,100,100788,100,99964,100,100934,100,99950,100,100937,100,99925,100
2019-06-28 09:38:41.762469495,100129,469,100083,569,100132,100,100059,200,100133,100,100008,100,100208,100,99984,100,100574,100,99976,100,100749,100,99971,100,100772,100,99969,100,100788,100,99964,100,100934,100,99950,100,100937,100,99925,100
2019-06-28 09:38:50.000000000,100132,569,100083,569,100133,100,100059,200,100208,100,100008,100,100574,100,99984,100,100749,100,99976,100,100772,100,99971,100,100788,100,99969,100,100934,100,99964,100,100937,100,99950,100,101007,100,99925,100
2019-06-28 09:38:58.656411955,100132,569,100105,100,100133,100,100083,569,100208,100,100059,200,100574,100,100008,100,100749,100,99984,100,100772,100,99976,100,100788,100,99971,100,100934,100,99969,100,100937,100,99964,100,101007,100,99950,100
2019-06-28 09:39:00.000000000,100132,194,100105,194,100133,194,100083,194,100208,194,100059,294,100574,194,100008,194,100749,194,99984,194,100772,100,99976,100,100788,100,99971,100,100934,100,99969,100,100937,100,99964,100,101007,100,99950,100
2019-06-28 09:39:01.894254623,100132,194,100105,194,100133,194,100083,194,100208,194,100059,294,100574,194,100008,194,100749,194,99984,194,100772,100,99976,100,100788,100,99971,100,100794,100,99969,100,100934,100,99964,100,100937,100,99950,100
2019-06-28 09:39:10.000000000,100132,259,100105,259,100133,255,100083,255,100208,255,100059,355,100574,100,100008,100,100749,100,99984,100,100772,100,99976,100,100788,100,99971,100,100794,100,99969,100,100934,100,99964,100,100937,100,99950,100
2019-06-28 09:39:20.000000000,100132,217,100105,217,100133,217,100083,217,100208,217,100059,317,100574,217,100008,217,100749,100,99984,100,100772,100,99976,100,100788,100,99971,100,100794,100,99969,100,100934,100,99964,100,100937,100,99950,100
2019-06-28 09:39:30.000000000,100132,194,100105,194,100133,194,100083,194,100208,194,100059,294,100574,194,100008,194,100749,194,99984,194,100772,100,99976,100,100788,100,99971,100,100794,100,99969,100,100934,100,99964,100,100937,100,99950,100
2019-06-28 09:39:30.666016218,100132,194,100105,194,100133,194,100083,194,100208,194,100059,294,100506,100,100008,194,100574,194,99984,194,100749,194,99976,100,100772,100,99971,100,100788,100,99969,100,100794,100,99964,100,100934,100,99950,100
2019-06-28 09:39:40.000000000,100132,259,100105,259,100133,255,100083,255,100208,255,100059,355,100506,100,100008,100,100574,100,99984,100,100749,100,99976,100,100772,100,99971,100,100788,100,99969,100,100794,100,99964,100,100934,100,99950,100
2019-06-28 09:39:50.000000000,100132,217,100105,217,100133,217,100083,217,100208,217,100059,317,100506,217,100008,217,100574,100,99984,100,100749,100,99976,100,100772,100,99971,100,100788,100,99969,100,100794,100,99964,100,100934,100,99950,100
2019-06-28 09:39:54.566779970,100132,217,100105,217,100133,217,100083,217,100208,217,100059,317,100506,217,100008,117,100574,100,99984,100,100749,100,99976,100,100772,100,99971,100,100788,100,99969,100,100794,100,99964,100,100934,100,99950,100
2019-06-28 09:39:56.354666204,100132,217,100105,317,100133,217,100083,217,100208,217,100059,317,100506,217,100008,117,100574,100,99984,100,100749,100,99976,100,100772,100,99971,100,100788,100,99969,100,100794,100,99964,100,100934,100,99950,100
2019-06-28 09:39:58.809515215,100132,217,100105,317,100133,217,100083,217,100208,217,100059,317,100487,100,100008,117,100506,217,99984,100,100574,100,99976,100,100749,100,99971,100,100772,100,99969,100,100788,100,99964,100,100794,100,99950,100
2019-06-28 09:40:00.000000000,100132,217,100105,317,100133,217,100083,217,100208,217,100059,317,100487,217,99984,217,100506,100,99976,100,100574,100,99971,100,100749,100,99969,100,100772,100,99964,100,100788,100,99950,100,100794,100,99925,100
2019-06-28 09:40:10.000000000,100132,569,100105,669,100133,100,100083,100,100208,100,100059,200,100487,100,99984,100,100506,100,99976,100,100574,100,99971,100,100749,100,99969,100,100772,100,99964,100,100788,100,99950,100,100794,100,99925,100
2019-06-28 09:40:20.000000000,100132,334,100105,434,100133,334,100083,334,100208,100,100059,200,100487,100,99984,100,100506,100,99976,100,100574,100,99971,100,100749,100,99969,100,100772,100,99964,100,100788,100,99950,100,100794,100,99925,100
2019-06-28 09:40:28.839711327,100132,334,100105,434,100133,334,100083,334,100208,100,100059,200,100487,100,99984,100,100506,100,99976,100,100574,100,99971,100,100647,100,99969,100,100749,100,99964,100,100772,100,99950,100,100788,100,99925,100
2019-06-28 09:40:30.000000000,100132,259,100105,359,100133,255,100083,255,100208,255,100059,355,100487,100,99984,100,100506,100,99976,100,100574,100,99971,100,100647,100,99969,100,100749,100,99964,100,100772,100,99950,100,100788,100,99925,100
2019-06-28 09:40:36.498940747,100132,259,100105,459,100133,255,100083,255,100208,255,100059,355,100487,100,99984,100,100506,100,99976,100,100574,100,99971,100,100647,100,99969,100,100749,100,99964,100,100772,100,99950,100,100788,100,99925,100
2019-06-28 09:40:40.000000000,100132,259,100105,459,100133,255,100083,255,100208,255,100059,355,100487,100,99984,100,100506,100,99976,100,100574,100,99971,100,100647,100,99969,100,100749,100,99964,100,100772,100,99950,100,100788,100,99925,100
2019-06-28 09:40:50.000000000,100132,194,100105,394,100133,194,100083,194,100208,194,100059,294,100487,194,99984,194,100506,194,99976,194,100574,100,99971,100,100647,100,99969,100,100749,100,99964,100,100772,100,99950,100,100788,100,99925,100
2019-06-28 09:40:55.455093130,100132,94,100105,394,100133,194,100083,194,100208,194,100059,294,100487,194,99984,194,100506,194,99976,194,100574,100,99971,100,100647,100,99969,100,100749,100,99964,100,100772,100,99950,100,100794,100,99925,100
2019-06-28 09:41:00.000000000,100133,334,100105,534,100208,334,100083,334,100487,100,100059,200,100506,100,99984,100,100574,100,99976,100,100647,100,99971,100,100749,100,99969,100,100772,100,99964,100,100794,100,99950,100,100934,100,99925,100
2019-06-28 09:41:10.000000000,100133,569,100105,769,100208,100,100083,100,100487,100,100059,200,100506,100,99984,100,100574,100,99976,100,100647,100,99971,100,100749,100,99969,100,100772,100,99964,100,100794,100,99950,100,100934,100,99925,100
2019-06-28 09:41:20.000000000,100133,569,100105,769,100208,100,100083,100,100487,100,100059,200,100506,100,99984,100,100574,100,99976,100,100647,100,99971,100,100749,100,99969,100,100772,100,99964,100,100794,100,99950,100,100934,100,99925,100
2019-06-28 09:41:30.000000000,100133,569,100105,769,100208,100,100083,100,100487,100,100059,200,100506,100,99984,100,100574,100,99976,100,100647,100,99971,100,100749,100,99969,100,100772,100,99964,100,100794,100,99950,100,100934,100,99925,100
2019-06-28 09:41:32.295490193,100133,469,100105,769,100208,100,100083,100,100487,100,100059,200,100506,100,99976,100,100574,100,99971,100,100647,100,99969,100,100749,100,99964,100,100772,100,99950,100,100794,100,99925,100,100934,100,99924,100
2019-06-28 09:41:40.000000000,100208,194,100105,394,100487,194,100083,194,100506,194,100059,294,100574,194,99976,194,100647,194,99971,194,100749,100,99969,100,100772,100,99964,100,100794,100,99950,100,100934,100,99925,100,100937,100,99924,100
2019-06-28 09:41:45.260693531,100208,194,100132,100,100487,194,100105,294,100506,194,100083,194,100574,194,100059,294,100647,194,99976,194,100749,100,99971,194,100772,100,99969,100,100794,100,99964,100,100934,100,99950,100,100937,100,99925,100
2019-06-28 09:41:50.000000000,100208,217,100132,217,100487,217,100105,317,100506,217,100083,217,100574,217,100059,317,100647,100,99976,100,100749,100,99971,100,100772,100,99969,100,100794,100,99964,100,100934,100,99950,100,100937,100,99925,100
2019-06-28 09:41:56.042496383,100208,217,100132,117,100487,217,100105,317,100506,217,100083,217,100574,217,100059,317,100647,100,99976,100,100749,100,99971,100,100772,100,99969,100,100794,100,99964,100,100934,100,99950,100,100937,100,99925,100
2019-06-28 09:41:57.025463514,100208,217,100132,17,100487,217,100105,317,100506,217,100083,217,100574,217,100059,317,100647,100,99976,100,100749,100,99971,100,100772,100,99969,100,100794,100,99964,100,100934,100,99950,100,100937,100,99925,100
2019-06-28 09:41:58.935087696,100208,217,100132,17,100487,217,100105,317,100506,217,100083,217,100574,217,100059,317,100647,100,99976,100,100749,100,99971,100,100772,100,99969,100,100794,100,99964,100,100934,100,99950,100,100937,100,99936,100
2019-06-28 09:42:00.000000000,100208,194,100105,294,100487,194,100083,194,100506,194,100059,294,100574,194,99976,194,100647,194,99971,194,100749,100,99969,100,100772,100,99964,100,100794,100,99950,100,100934,100,99936,100,100937,100,99925,100
2019-06-28 09:42:08.701848988,100208,194,100105,294,100487,194,100083,194,100506,194,100059,294,100574,194,99976,194,100647,194,99971,194,100749,100,99969,100,100772,100,99964,100,100794,100,99950,100,100934,100,99939,100,100937,100,99936,100
2019-06-28 09:42:09.561579541,100208,194,100105,194,100487,194,100083,194,100506,194,100059,294,100574,194,99976,194,100647,194,99971,194,100749,100,99969,100,100772,100,99964,100,100794,100,99950,100,100934,100,99939,100,100937,100,99936,100
2019-06-28 09:42:10.000000000,100208,569,100105,569,100487,100,100083,100,100506,100,100059,200,100574,100,99976,100,100647,100,99971,100,100749,100,99969,100,100772,100,99964,100,100794,100,99950,100,100934,100,99939,100,100937,100,99936,100
2019-06-28 09:42:20.000000000,100208,259,100105,259,100487,255,100083,255,100506,255,100059,355,100574,100,99976,100,100647,100,99971,100,100749,100,99969,100,100772,100,99964,100,100794,100,99950,100,100934,100,99939,100,100937,100,99936,100
2019-06-28 09:42:28.756892388,100132,100,100105,259,100208,259,100083,255,100487,255,100059,355,100506,255,99976,100,100574,100,99971,100,100647,100,99969,100,100749,100,99964,100,100772,100,99950,100,100794,100,99939,100,100934,100,99936,100
2019-06-28 09:42:29.542356088,100132,100,100105,159,100208,259,100083,255,100487,255,100059,355,100506,255,99976,100,100574,100,99971,100,100647,100,99969,100,100749,100,99964,100,100772,100,99950,100,100794,100,99939,100,100934,100,99936,100
2019-06-28 09:42:30.000000000,100132,569,100083,569,100208,100,100059,200,100487,100,99976,100,100506,100,99971,100,100574,100,99969,100,100647,100,99964,100,100749,100,99950,100,100772,100,99939,100,100794,100,99936,100,100934,100,99925,100
2019-06-28 09:42:40.000000000,100132,569,100083,569,100208,100,100059,200,100487,100,99976,100,100506,100,99971,100,100574,100,99969,100,100647,100,99964,100,100749,100,99950,100,100772,100,99939,100,100794,100,99936,100,100934,100,99925,100
2019-06-28 09:42:50.000000000,100132,259,100083,259,100208,255,100059,355,100487,255,99976,255,100506,100,99971,100,100574,100,99969,100,100647,100,99964,100,100749,100,99950,100,100772,100,99939,100,100794,100,99936,100,100934,100,99925,100
2019-06-28 09:42:55.264895698,100132,259,100083,259,100208,255,100059,355,100487,255,99976,255,100506,100,99971,100,100574,100,99969,100,100647,100,99964,100,100749,100,99950,100,100772,100,99939,100,100794,100,99936,100,100934,100,99925,100
2019-06-28 09:43:00.000000000,100132,194,100083,194,100208,194,100059,294,100487,194,99976,194,100506,194,99971,194,100574,194,99969,194,100647,100,99964,100,100749,100,99950,100,100772,100,99939,100,100794,100,99936,100,100934,100,99925,100
2019-06-28 09:43:04.809027969,100132,194,100083,194,100208,194,100059,294,100487,194,99976,194,100506,194,99971,194,100574,194,99969,194,100647,100,99967,100,100749,100,99964,100,100772,100,99950,100,100794,100,99939,100,100934,100,99936,100
2019-06-28 09:43:10.000000000,100132,334,100083,334,100208,334,100059,434,100487,100,99976,100,100506,100,99971,100,100574,100,99969,100,100647,100,99967,100,100749,100,99964,100,100772,100,99950,100,100794,100,99939,100,100934,100,99936,100
2019-06-28 09:43:12.329525729,100132,334,100083,334,100208,334,100059,434,100487,100,99976,100,100506,100,99971,100,100574,100,99969,100,100647,100,99967,100,100749,100,99964,100,100772,100,99950,100,100794,100,99939,100,100934,100,99936,100
2019-06-28 09:43:20.000000000,100132,334,100083,334,100208,334,100059,434,100487,100,99976,100,100506,100,99971,100,100574,100,99969,100,100647,100,99967,100,100749,100,99964,100,100772,100,99950,100,100794,100,99939,100,100934,100,99936,100
2019-06-28 09:43:30.000000000,100132,259,100083,259,100208,255,100059,355,100487,255,99976,255,100506,100,99971,100,100574,100,99969,100,100647,100,99967,100,100749,100,99964,100,100772,100,99950,100,100794,100,99939,100,100934,100,99936,100
2019-06-28 09:43:40.000000000,100132,569,100083,569,100208,100,100059,200,100487,100,99976,100,100506,100,99971,100,100574,100,99969,100,100647,100,99967,100,100749,100,99964,100,100772,100,99950,100,100794,100,99939,100,100934,100,99936,100
2019-06-28 09:43:50.000000000,100132,334,100083,334,100208,334,100059,434,100487,100,99976,100,100506,100,99971,100,100574,100,99969,100,100647,100,99967,100,100749,100,99964,100,100772,100,99950,100,100794,100,99939,100,100934,100,99936,100
2019-06-28 09:43:51.366395649,100132,334,100083,234,100208,334,100059,434,100487,100,99976,100,100506,100,99971,100,100574,100,99969,100,100647,100,99967,100,100749,100,99964,100,100794,100,99950,100,100934,100,99939,100,100937,100,99936,100
2019-06-28 09:44:00.000000000,100132,334,100059,434,100208,334,99976,334,100487,100,99971,100,100506,100,99969,100,100574,100,99967,100,100647,100,99964,100,100749,100,99950,100,100794,100,99939,100,100934,100,99936,100,100937,100,99925,100
2019-06-28 09:44:10.000000000,100132,217,100059,317,100208,217,99976,217,100487,217,99971,217,100506,217,99969,217,100574,100,99967,100,100647,100,99964,100,100749,100,99950,100,100794,100,99939,100,100934,100,99936,100,100937,100,99925,100
2019-06-28 09:44:20.000000000,100132,194,100059,294,100208,194,99976,194,100487,194,99971,194,100506,194,99969,194,100574,194,99967,194,100647,100,99964,100,100749,100,99950,100,100794,100,99939,100,100934,100,99936,100,100937,100,99925,100
2019-06-28 09:44:30.000000000,100132,334,100059,434,100208,334,99976,334,100487,100,99971,100,100506,100,99969,100,100574,100,99967,100,100647,100,99964,100,100749,100,99950,100,100794,100,99939,100,100934,100,99936,100,100937,100,99925,100
2019-06-28 09:44:40.000000000,100132,569,100059,669,100208,100,99976,100,100487,100,99971,100,100506,100,99969,100,100574,100,99967,100,100647,100,99964,100,100749,100,99950,100,100794,100,99939,100,100934,100,99936,100,100937,100,99925,100
2019-06-28 09:44:47.981827670,100132,569,100059,569,100208,100,99976,100,100487,100,99971,100,100506,100,99969,100,100574,100,99967,100,100647,100,99964,100,100749,100,99950,100,100794,100,99939,100,100934,100,99936,100,100937,100,99925,100
2019-06-28 09:44:48.270626872,100132,569,100059,469,100208,100,99976,100,100487,100,99971,100,100574,100,99969,100,100647,100,99967,100,100749,100,99964,100,100794,100,99950,100,100934,100,99939,100,100937,100,99936,100,101007,100,99925,100
2019-06-28 09:44:50.000000000,100132,259,99976,259,100208,255,99971,255,100487,255,99969,255,100574,100,99967,100,100647,100,99964,100,100749,100,99950,100,100794,100,99939,100,100934,100,99936,100,100937,100,99925,100,101007,100,99913,100
2019-06-28 09:45:00.000000000,100132,259,99976,259,100208,255,99971,255,100487,255,99969,255,100574,100,99967,100,100647,100,99964,100,100749,100,99950,100,100794,100,99939,100,100934,100,99936,100,100937,100,99925,100,101007,100,99913,100
2019-06-28 09:45:10.000000000,100132,334,99976,334,100208,334,99971,334,100487,100,99969,100,100574,100,99967,100,100647,100,99964,100,100749,100,99950,100,100794,100,99939,100,100934,100,99936,100,100937,100,99925,100,101007,100,99913,100
2019-06-28 09:45:20.000000000,100132,569,99976,569,100208,100,99971,100,100487,100,99969,100,100574,100,99967,100,100647,100,99964,100,100749,100,99950,100,100794,100,99939,100,100934,100,99936,100,100937,100,99925,100,101007,100,99913,100
2019-06-28 09:45:21.613306258,100132,569,99976,469,100208,100,99971,100,100487,100,99969,100,100574,100,99967,100,100647,100,99964,100,100749,100,99950,100,100794,100,99939,100,100934,100,99936,100,100937,100,99925,100,101007,100,99913,100
2019-06-28 09:45:30.000000000,100132,194,99971,194,100208,194,99969,194,100487,194,99967,194,100574,194,99964,194,100647,194,99950,194,100749,100,99939,100,100794,100,99936,100,100934,100,99925,100,100937,100,99913,100,101007,100,99911,100
2019-06-28 09:45:40.000000000,100132,334,99971,334,100208,334,99969,334,100487,100,99967,100,100574,100,99964,100,100647,100,99950,100,100749,100,99939,100,100794,100,99936,100,100934,100,99925,100,100937,100,99913,100,101007,100,99911,100
2019-06-28 09:45:44.180589970,100132,334,99971,234,100208,334,99969,334,100487,100,99967,100,100574,100,99964,100,100647,100,99950,100,100749,100,99939,100,100794,100,99936,100,100934,100,99925,100,100937,100,99913,100,101007,100,99911,100
2019-06-28 09:45:50.000000000,100132,334,99969,334,100208,334,99967,334,100487,100,99964,100,100574,100,99950,100,100647,100,99939,100,100749,100,99936,100,100794,100,99925,100,100934,100,99913,100,100937,100,99911,100,101007,100,99906,100
2019-06-28 09:45:53.824010499,100132,334,99969,334,100208,334,99967,334,100487,100,99964,100,100574,100,99950,100,100647,100,99939,100,100749,100,99936,100,100794,100,99913,100,100934,100,99911,100,100937,100,99906,100,101007,100,99905,100
2019-06-28 09:46:00.000000000,100132,259,99969,259,100208,255,99967,255,100487,255,99964,255,100574,100,99950,100,100647,100,99939,100,100749,100,99936,100,100794,100,99913,100,100934,100,99911,100,100937,100,99906,100,101007,100,99905,100
2019-06-28 09:46:10.000000000,100132,194,99969,194,100208,194,99967,194,100487,194,99964,194,100574,194,99950,194,100647,194,99939,194,100749,100,99936,100,100794,100,99913,100,100934,100,99911,100,100937,100,99906,100,101007,100,99905,100
2019-06-28 09:46:19.135335484,100132,194,99969,194,100208,194,99967,194,100487,194,99964,194,100574,194,99950,194,100647,194,99939,194,100749,100,99936,100,100794,100,99913,100,100934,100,99911,100,100937,100,99906,100,101007,100,99905,100
2019-06-28 09:46:20.000000000,100132,217,99969,217,100208,217,99967,217,100487,217,99964,217,100574,217,99950,217,100647,100,99939,100,100749,100,99936,100,100794,100,99913,100,100934,100,99911,100,100937,100,99906,100,101007,100,99905,100
2019-06-28 09:46:30.000000000,100132,569,99969,569,100208,100,99967,100,100487,100,99964,100,100574,100,99950,100,100647,100,99939,100,100749,100,99936,100,100794,100,99913,100,100934,100,99911,100,100937,100,99906,100,101007,100,99905,100
2019-06-28 09:46:37.180622772,99976,100,99969,569,100132,469,99967,100,100208,100,99964,100,100487,100,99950,100,100574,100,99939,100,100647,100,99936,100,100749,100,99913,100,100794,100,99911,100,100934,100,99906,100,100937,100,99905,100
2019-06-28 09:46:40.000000000,99976,569,99969,569,100208,100,99967,100,100487,100,99964,100,100574,100,99950,100,100647,100,99939,100,100749,100,99936,100,100794,100,99913,100,100934,100,99911,100,100937,100,99906,100,101007,100,99905,100
2019-06-28 09:46:40.805949748,99976,569,99969,569,100208,100,99967,100,100487,100,99964,100,100574,100,99950,100,100647,100,99939,100,100749,100,99936,100,100794,100,99913,100,100934,100,99911,100,100937,100,99906,100,101007,100,99905,100
2019-06-28 09:46:50.000000000,99976,569,99969,569,100208,100,99967,100,100487,100,99964,100,100574,100,99950,100,100647,100,99939,100,100749,100,99936,100,100794,100,99913,100,100934,100,99911,100,100937,100,99906,100,101007,100,99905,100
2019-06-28 09:46:50.840340458,99976,569,99969,569,100208,100,99967,100,100487,100,99964,100,100574,100,99950,100,100647,100,99939,100,100749,100,99936,100,100794,100,99911,100,100934,100,99906,100,100937,100,99905,100,101007,100,99891,100
2019-06-28 09:46:56.241998711,99976,569,99969,569,100208,100,99967,100,100487,100,99964,100,100574,100,99950,100,100647,100,99939,100,100749,100,99936,100,100794,100,99911,100,100934,100,99906,100,100937,100,99905,100,101007,100,99891,100
2019-06-28 09:47:00.000000000,99976,259,99969,259,100208,255,99967,255,100487,255,99964,255,100574,100,99950,100,100647,100,99939,100,100749,100,99936,100,100794,100,99911,100,100934,100,99906,100,100937,100,99905,100,101007,100,99891,100
2019-06-28 09:47:07.214615137,99976,259,99969,259,100208,255,99967,255,100487,255,99964,255,100574,100,99950,100,100647,100,99939,100,100749,100,99936,100,100794,100,99911,100,100934,100,99906,100,100937,100,99905,100,101007,100,99891,100
2019-06-28 09:47:10.000000000,99976,217,99969,217,100208,217,99967,217,100487,217,99964,217,100574,217,99950,217,100647,100,99939,100,100749,100,99936,100,100794,100,99911,100,100934,100,99906,100,100937,100,99905,100,101007,100,99891,100
2019-06-28 09:47:20.000000000,99976,569,99969,569,100208,100,99967,100,100487,100,99964,100,100574,100,99950,100,100647,100,99939,100,100749,100,99936,100,100794,100,99911,100,100934,100,99906,100,100937,100,99905,100,101007,100,99891,100
2019-06-28 09:47:23.752679833,99976,569,99969,569,100208,100,99967,100,100487,100,99964,100,100574,100,99950,100,100647,100,99939,100,100749,100,99936,100,100794,100,99911,100,100934,100,99906,100,100937,100,99905,100,101007,100,99891,100
2019-06-28 09:47:30.000000000,99976,259,99969,259,100208,255,99967,255,100487,255,99964,255,100574,100,99950,100,100647,100,99939,100,100749,100,99936,100,100794,100,99911,100,100934,100,99906,100,100937,100,99905,100,101007,100,99891,100
2019-06-28 09:47:40.000000000,99976,569,99969,569,100208,100,99967,100,100487,100,99964,100,100574,100,99950,100,100647,100,99939,100,100749,100,99936,100,100794,100,99911,100,100934,100,99906,100,100937,100,99905,100,101007,100,99891,100
2019-06-28 09:47:50.000000000,99976,217,99969,217,100208,217,99967,217,100487,217,99964,217,100574,217,99950,217,100647,100,99939,100,100749,100,99936,100,100794,100,99911,100,100934,100,99906,100,100937,100,99905,100,101007,100,99891,100
2019-06-28 09:47:54.262863237,99976,217,99969,217,100208,217,99967,217,100487,217,99964,217,100574,217,99950,217,100647,100,99939,100,100749,100,99911,100,100794,100,99906,100,100934,100,99905,100,100937,100,99891,100,101007,100,99886,100
2019-06-28 09:47:55.113354055,99976,317,99969,217,100208,217,99967,217,100487,217,99964,217,100574,217,99950,117,100647,100,99939,100,100749,100,99911,100,100794,100,99906,100,100934,100,99905,100,100937,100,99891,100,101007,100,99886,100
2019-06-28 09:48:00.000000000,99976,434,99969,334,100208,334,99967,334,100487,100,99964,100,100574,100,99939,100,100647,100,99911,100,100749,100,99906,100,100794,100,99905,100,100934,100,99891,100,100937,100,99886,100,101007,100,99876,100
2019-06-28 09:48:10.000000000,99976,294,99969,194,100208,194,99967,194,100487,194,99964,194,100574,194,99939,194,100647,194,99911,194,100749,100,99906,100,100794,100,99905,100,100934,100,99891,100,100937,100,99886,100,101007,100,99876,100
2019-06-28 09:48:11.235762993,99976,394,99969,194,100208,194,99967,194,100487,194,99964,194,100574,194,99939,194,100647,194,99911,194,100749,100,99906,100,100794,100,99905,100,100934,100,99891,100,100937,100,99886,100,101007,100,99876,100
2019-06-28 09:48:13.781369911,99976,394,99969,194,100208,194,99967,194,100487,194,99964,194,100574,194,99939,194,100647,194,99911,194,100749,100,99906,100,100934,100,99905,100,100937,100,99891,100,101007,100,99886,100,101057,100,99876,100
2019-06-28 09:48:14.779660673,99976,394,99969,94,100208,194,99967,194,100487,194,99964,194,100574,194,99939,194,100647,194,99911,194,100749,100,99906,100,100934,100,99905,100,100937,100,99891,100,101007,100,99886,100,101057,100,99876,100
2019-06-28 09:48:20.000000000,99976,459,99967,259,100208,255,99964,255,100487,255,99939,255,100574,100,99911,100,100647,100,99906,100,100749,100,99905,100,100934,100,99891,100,100937,100,99886,100,101007,100,99876,100,101057,100,99793,100
2019-06-28 09:48:30.000000000,99976,534,99967,334,100208,334,99964,334,100487,100,99939,100,100574,100,99911,100,100647,100,99906,100,100749,100,99905,100,100934,100,99891,100,100937,100,99886,100,101007,100,99876,100,101057,100,99793,100
2019-06-28 09:48:35.687802267,99976,534,99967,234,100208,334,99964,334,100487,100,99939,100,100574,100,99911,100,100647,100,99906,100,100749,100,99905,100,100934,100,99891,100,100937,100,99886,100,101007,100,99876,100,101057,100,99793,100
2019-06-28 09:48:40.000000000,99976,394,99964,194,100208,194,99939,194,100487,194,99911,194,100574,194,99906,194,100647,194,99905,194,100749,100,99891,100,100934,100,99886,100,100937,100,99876,100,101007,100,99793,100,101057,100,99132,100
2019-06-28 09:48:47.225576242,99976,394,99964,94,100208,194,99939,194,100487,194,99911,194,100574,194,99906,194,100647,194,99905,194,100749,100,99891,100,100934,100,99876,100,100937,100,99793,100,101007,100,99132,100,101057,100,99048,100
2019-06-28 09:48:50.000000000,99976,417,99939,217,100208,217,99911,217,100487,217,99906,217,100574,217,99905,217,100647,100,99891,100,100749,100,99876,100,100934,100,99793,100,100937,100,99132,100,101007,100,99048,100,101057,100,99047,100
2019-06-28 09:48:56.697416297,99976,417,99939,117,100208,217,99911,217,100487,217,99906,217,100574,217,99905,217,100647,100,99891,100,100934,100,99876,100,100937,100,99793,100,101007,100,99132,100,101057,100,99048,100,101210,100,99047,100
2019-06-28 09:49:00.000000000,99976,534,99911,334,100208,334,99906,334,100487,100,99905,100,100574,100,99891,100,100647,100,99876,100,100934,100,99793,100,100937,100,99132,100,101007,100,99048,100,101057,100,99047,100,101210,100,98904,100
2019-06-28 09:49:10.000000000,99976,394,99911,194,100208,194,99906,194,100487,194,99905,194,100574,194,99891,194,100647,194,99876,194,100934,100,99793,100,100937,100,99132,100,101007,100,99048,100,101057,100,99047,100,101210,100,98904,100
2019-06-28 09:49:15.340032966,99976,394,99911,194,100208,194,99906,194,100487,194,99905,194,100574,194,99891,194,100647,194,99876,194,100934,100,99793,100,100937,100,99322,100,101007,100,99132,100,101057,100,99048,100,101210,100,99047,100
2019-06-28 09:49:16.946013290,99976,394,99911,94,100208,194,99906,194,100487,194,99905,194,100574,194,99891,194,100647,194,99876,194,100934,100,99793,100,100937,100,99322,100,101007,100,99132,100,101057,100,99048,100,101210,100,99047,100
2019-06-28 09:49:18.191776195,99939,100,99911,94,99976,394,99906,194,100208,194,99905,194,100487,194,99891,194,100574,194,99876,194,100647,194,99793,100,100934,100,99322,100,100937,100,99132,100,101007,100,99048,100,101057,100,99047,100
2019-06-28 09:49:20.000000000,99939,194,99906,194,99976,394,99905,194,100208,194,99891,194,100487,194,99876,194,100574,194,99793,194,100647,100,99322,100,100934,100,99132,100,100937,100,99048,100,101007,100,99047,100,101057,100,98904,100
2019-06-28 09:49:29.130553755,99939,194,99906,94,99976,394,99905,194,100208,194,99891,194,100487,194,99876,194,100574,194,99793,194,100647,100,99322,100,100934,100,99132,100,100937,100,99048,100,101007,100,99047,100,101057,100,98904,100
2019-06-28 09:49:30.000000000,99939,569,99905,569,99976,300,99891,100,100208,100,99876,100,100487,100,99793,100,100574,100,99322,100,100647,100,99132,100,100934,100,99048,100,100937,100,99047,100,101007,100,98904,100,101057,100,98876,100
2019-06-28 09:49:40.000000000,99939,569,99905,569,99976,300,99891,100,100208,100,99876,100,100487,100,99793,100,100574,100,99322,100,100647,100,99132,100,100934,100,99048,100,100937,100,99047,100,101007,100,98904,100,101057,100,98876,100
2019-06-28 09:49:50.000000000,99939,259,99905,259,99976,455,99891,255,100208,255,99876,255,100487,100,99793,100,100574,100,99322,100,100647,100,99132,100,100934,100,99048,100,100937,100,99047,100,101007,100,98904,100,101057,100,98876,100
2019-06-28 09:50:00.000000000,99939,569,99905,569,99976,300,99891,100,100208,100,99876,100,100487,100,99793,100,100574,100,99322,100,100647,100,99132,100,100934,100,99048,100,100937,100,99047,100,101007,100,98904,100,101057,100,98876,100
2019-06-28 09:50:04.244384533,99939,569,99912,100,99976,300,99905,569,100208,100,99891,100,100487,100,99876,100,100574,100,99793,100,100647,100,99322,100,100934,100,99132,100,100937,100,99048,100,101007,100,99047,100,101057,100,98904,100
2019-06-28 09:50:10.000000000,99939,569,99912,569,99976,300,99905,100,100208,100,99891,100,100487,100,99876,100,100574,100,99793,100,100647,100,99322,100,100934,100,99132,100,100937,100,99048,100,101007,100,99047,100,101057,100,98904,100
2019-06-28 09:50:20.000000000,99939,569,99912,569,99976,300,99905,100,100208,100,99891,100,100487,100,99876,100,100574,100,99793,100,100647,100,99322,100,100934,100,99132,100,100937,100,99048,100,101007,100,99047,100,101057,100,98904,100
2019-06-28 09:50:22.405790215,99939,469,99912,569,99976,300,99905,100,100208,100,99891,100,100487,100,99876,100,100574,100,99793,100,100647,100,99322,100,100934,100,99132,100,100937,100,99048,100,101007,100,99047,100,101057,100,98904,100
2019-06-28 09:50:30.000000000,99976,394,99912,194,100208,194,99905,194,100487,194,99891,194,100574,194,99876,194,100647,194,99793,194,100934,100,99322,100,100937,100,99132,100,101007,100,99048,100,101057,100,99047,100,101210,100,98904,100
2019-06-28 09:50:34.530289405,99976,394,99913,100,100208,194,99912,194,100487,194,99905,194,100574,194,99891,194,100647,194,99876,194,100934,100,99793,194,100937,100,99322,100,101007,100,99132,100,101057,100,99048,100,101210,100,99047,100
2019-06-28 09:50:40.000000000,99976,534,99913,334,100208,334,99912,334,100487,100,99905,100,100574,100,99891,100,100647,100,99876,100,100934,100,99793,100,100937,100,99322,100,101007,100,99132,100,101057,100,99048,100,101210,100,99047,100
2019-06-28 09:50:41.640332829,99976,534,99913,334,100063,100,99912,334,100208,334,99905,100,100487,100,99891,100,100574,100,99876,100,100647,100,99793,100,100934,100,99322,100,100937,100,99132,100,101007,100,99048,100,101057,100,99047,100
2019-06-28 09:50:48.563982555,99976,534,99913,434,100063,100,99912,334,100208,334,99905,100,100487,100,99891,100,100574,100,99876,100,100647,100,99793,100,100934,100,99322,100,100937,100,99132,100,101007,100,99048,100,101057,100,99047,100
2019-06-28 09:50:50.000000000,99976,417,99913,317,100063,217,99912,217,100208,217,99905,217,100487,217,99891,217,100574,100,99876,100,100647,100,99793,100,100934,100,99322,100,100937,100,99132,100,101007,100,99048,100,101057,100,99047,100
2019-06-28 09:51:00.000000000,99976,394,99913,294,100063,194,99912,194,100208,194,99905,194,100487,194,99891,194,100574,194,99876,194,100647,100,99793,100,100934,100,99322,100,100937,100,99132,100,101007,100,99048,100,101057,100,99047,100
2019-06-28 09:51:07.999473613,99976,394,99913,194,100063,194,99912,194,100208,194,99905,194,100487,194,99891,194,100574,194,99876,194,100647,100,99793,100,100934,100,99322,100,100937,100,99132,100,101007,100,99048,100,101057,100,99047,100
2019-06-28 09:51:10.000000000,99976,769,99913,569,100063,100,99912,100,100208,100,99905,100,100487,100,99891,100,100574,100,99876,100,100647,100,99793,100,100934,100,99322,100,100937,100,99132,100,101007,100,99048,100,101057,100,99047,100
2019-06-28 09:51:13.052853253,99976,769,99913,669,100063,100,99912,100,100208,100,99905,100,100487,100,99891,100,100574,100,99876,100,100647,100,99793,100,100934,100,99322,100,100937,100,99132,100,101007,100,99048,100,101057,100,99047,100
2019-06-28 09:51:15.691738778,99976,769,99913,669,100063,100,99912,100,100208,100,99905,100,100487,100,99891,100,100574,100,99876,100,100647,100,99793,100,100934,100,99696,100,100937,100,99322,100,101007,100,99132,100,101057,100,99048,100
2019-06-28 09:51:20.000000000,99976,769,99913,669,100063,100,99912,100,100208,100,99905,100,100487,100,99891,100,100574,100,99876,100,100647,100,99793,100,100934,100,99696,100,100937,100,99322,100,101007,100,99132,100,101057,100,99048,100
2019-06-28 09:51:25.843939165,99976,769,99913,569,100063,100,99912,100,100208,100,99905,100,100487,100,99891,100,100574,100,99876,100,100647,100,99793,100,100934,100,99696,100,100937,100,99322,100,101007,100,99132,100,101057,100,99048,100
2019-06-28 09:51:30.000000000,99976,534,99913,334,100063,334,99912,334,100208,100,99905,100,100487,100,99891,100,100574,100,99876,100,100647,100,99793,100,100934,100,99696,100,100937,100,99322,100,101007,100,99132,100,101057,100,99048,100
2019-06-28 09:51:40.000000000,99976,394,99913,194,100063,194,99912,194,100208,194,99905,194,100487,194,99891,194,100574,194,99876,194,100647,100,99793,100,100934,100,99696,100,100937,100,99322,100,101007,100,99132,100,101057,100,99048,100
2019-06-28 09:51:46.682799927,99976,394,99913,194,100024,100,99912,194,100063,194,99905,194,100208,194,99891,194,100487,194,99876,194,100574,194,99793,100,100647,100,99696,100,100934,100,99322,100,100937,100,99132,100,101007,100,99048,100
2019-06-28 09:51:47.193529651,99976,394,99913,94,100024,100,99912,194,100063,194,99905,194,100208,194,99891,194,100487,194,99876,194,100574,194,99793,100,100647,100,99696,100,100937,100,99322,100,101007,100,99132,100,101210,100,99048,100
2019-06-28 09:51:50.000000000,99976,534,99912,334,100024,334,99905,334,100063,100,99891,100,100208,100,99876,100,100487,100,99793,100,100574,100,99696,100,100647,100,99322,100,100937,100,99132,100,101007,100,99048,100,101210,100,99047,100
2019-06-28 09:51:57.399821943,99976,534,99914,100,100024,334,99912,334,100063,100,99905,334,100208,100,99891,100,100487,100,99876,100,100574,100,99793,100,100647,100,99696,100,100937,100,99322,100,101007,100,99132,100,101210,100,99048,100
2019-06-28 09:52:00.000000000,99976,534,99914,334,100024,334,99912,334,100063,100,99905,100,100208,100,99891,100,100487,100,99876,100,100574,100,99793,100,100647,100,99696,100,100937,100,99322,100,101007,100,99132,100,101210,100,99048,100
2019-06-28 09:52:01.487198214,99976,534,99914,234,100024,234,99912,334,100063,100,99905,100,100208,100,99891,100,100487,100,99876,100,100574,100,99793,100,100647,100,99696,100,100937,100,99322,100,101007,100,99132,100,101210,100,99048,100
2019-06-28 09:52:10.000000000,99976,394,99912,194,100063,194,99905,194,100208,194,99891,194,100487,194,99876,194,100574,194,99793,194,100647,100,99696,100,100937,100,99322,100,101007,100,99132,100,101210,100,99048,100,101397,100,99047,100
2019-06-28 09:52:20.000000000,99976,394,99912,194,100063,194,99905,194,100208,194,99891,194,100487,194,99876,194,100574,194,99793,194,100647,100,99696,100,100937,100,99322,100,101007,100,99132,100,101210,100,99048,100,101397,100,99047,100
2019-06-28 09:52:27.925193297,99976,394,99912,194,100063,194,99905,194,100208,194,99891,194,100487,194,99876,194,100574,194,99793,94,100647,100,99696,100,100937,100,99648,100,101007,100,99322,100,101210,100,99132,100,101397,100,99048,100
2019-06-28 09:52:30.000000000,99976,769,99912,569,100063,100,99905,100,100208,100,99891,100,100487,100,99876,100,100574,100,99696,100,100647,100,99648,100,100937,100,99322,100,101007,100,99132,100,101210,100,99048,100,101397,100,99047,100
2019-06-28 09:52:40.000000000,99976,394,99912,194,100063,194,99905,194,100208,194,99891,194,100487,194,99876,194,100574,194,99696,194,100647,100,99648,100,100937,100,99322,100,101007,100,99132,100,101210,100,99048,100,101397,100,99047,100
2019-06-28 09:52:50.000000000,99976,459,99912,259,100063,255,99905,255,100208,255,99891,255,100487,100,99876,100,100574,100,99696,100,100647,100,99648,100,100937,100,99322,100,101007,100,99132,100,101210,100,99048,100,101397,100,99047,100
2019-06-28 09:53:00.000000000,99976,417,99912,217,100063,217,99905,217,100208,217,99891,217,100487,217,99876,217,100574,100,99696,100,100647,100,99648,100,100937,100,99322,100,101007,100,99132,100,101210,100,99048,100,101397,100,99047,100
2019-06-28 09:53:00.781173116,99976,417,99912,217,100063,217,99905,217,100208,217,99891,217,100487,217,99876,217,100574,100,99696,100,100647,100,99648,100,100937,100,99519,100,101007,100,99322,100,101210,100,99132,100,101397,100,99048,100
2019-06-28 09:53:09.811955425,99914,100,99912,217,99976,417,99905,217,100063,217,99891,217,100208,217,99876,217,100487,217,99696,100,100574,100,99648,100,100647,100,99519,100,100937,100,99322,100,101007,100,99132,100,101210,100,99048,100
2019-06-28 09:53:10.000000000,99914,194,99912,194,99976,394,99905,194,100063,194,99891,194,100208,194,99876,194,100487,194,99696,194,100574,100,99648,100,100647,100,99519,100,100937,100,99322,100,101007,100,99132,100,101210,100,99048,100
2019-06-28 09:53:20.000000000,99914,194,99912,194,99976,394,99905,194,100063,194,99891,194,100208,194,99876,194,100487,194,99696,194,100574,100,99648,100,100647,100,99519,100,100937,100,99322,100,101007,100,99132,100,101210,100,99048,100
2019-06-28 09:53:30.000000000,99914,569,99912,569,99976,300,99905,100,100063,100,99891,100,100208,100,99876,100,100487,100,99696,100,100574,100,99648,100,100647,100,99519,100,100937,100,99322,100,101007,100,99132,100,101210,100,99048,100
2019-06-28 09:53:40.000000000,99914,569,99912,569,99976,300,99905,100,100063,100,99891,100,100208,100,99876,100,100487,100,99696,100,100574,100,99648,100,100647,100,99519,100,100937,100,99322,100,101007,100,99132,100,101210,100,99048,100
2019-06-28 09:53:50.000000000,99914,259,99912,259,99976,455,99905,255,100063,255,99891,255,100208,100,99876,100,100487,100,99696,100,100574,100,99648,100,100647,100,99519,100,100937,100,99322,100,101007,100,99132,100,101210,100,99048,100
2019-06-28 09:53:55.852663018,99914,259,99912,259,99976,455,99905,255,100063,255,99891,255,100208,100,99876,100,100487,100,99696,100,100574,100,99519,100,100647,100,99322,100,100937,100,99181,100,101007,100,99132,100,101210,100,99048,100
2019-06-28 09:53:56.796222060,99914,259,99912,159,99976,455,99905,255,100063,155,99891,255,100208,100,99876,100,100487,100,99696,100,100574,100,99519,100,100647,100,99322,100,100937,100,99181,100,101007,100,99132,100,101210,100,99048,100
2019-06-28 09:54:00.000000000,99914,194,99905,194,99976,394,99891,194,100208,194,99876,194,100487,194,99696,194,100574,194,99519,194,100647,100,99322,100,100937,100,99181,100,101007,100,99132,100,101210,100,99048,100,101397,100,99047,100
2019-06-28 09:54:10.000000000,99914,217,99905,217,99976,417,99891,217,100208,217,99876,217,100487,217,99696,217,100574,100,99519,100,100647,100,99322,100,100937,100,99181,100,101007,100,99132,100,101210,100,99048,100,101397,100,99047,100
2019-06-28 09:54:11.121508422,99914,217,99905,117,99976,417,99891,217,100208,217,99876,217,100487,217,99696,217,100574,100,99519,100,100647,100,99322,100,100937,100,99181,100,101007,100,99132,100,101210,100,99048,100,101397,100,99047,100
2019-06-28 09:54:20.000000000,99914,569,99891,569,99976,300,99876,100,100208,100,99696,100,100487,100,99519,100,100574,100,99322,100,100647,100,99181,100,100937,100,99132,100,101007,100,99048,100,101210,100,99047,100,101397,100,98904,100
2019-06-28 09:54:30.000000000,99914,259,99891,259,99976,455,99876,255,100208,255,99696,255,100487,100,99519,100,100574,100,99322,100,100647,100,99181,100,100937,100,99132,100,101007,100,99048,100,101210,100,99047,100,101397,100,98904,100
2019-06-28 09:54:40.000000000,99914,194,99891,194,99976,394,99876,194,100208,194,99696,194,100487,194,99519,194,100574,194,99322,194,100647,100,99181,100,100937,100,99132,100,101007,100,99048,100,101210,100,99047,100,101397,100,98904,100
2019-06-28 09:54:40.154509477,99914,194,99891,94,99976,394,99876,194,100208,194,99696,194,100487,194,99519,194,100574,194,99322,194,100647,100,99181,100,100937,100,99132,100,101007,100,99048,100,101210,100,99047,100,101397,100,98904,100
2019-06-28 09:54:50.000000000,99914,217,99876,217,99976,417,99696,217,100208,217,99519,217,100487,217,99322,217,100574,100,99181,100,100647,100,99132,100,100937,100,99048,100,101007,100,99047,100,101210,100,98904,100,101397,100,98876,100
2019-06-28 09:54:55.890100035,99914,217,99876,117,99976,417,99696,217,100208,217,99519,217,100487,217,99322,217,100574,100,99181,100,100647,100,99132,100,100937,100,99048,100,101007,100,99047,100,101210,100,98904,100,101397,100,98876,100
2019-06-28 09:54:57.707760603,99914,217,99876,17,99976,417,99696,217,100208,217,99519,217,100487,217,99322,217,100574,100,99181,100,100647,100,99132,100,100937,100,99048,100,101007,100,99047,100,101210,100,98904,100,101397,100,98876,100
2019-06-28 09:55:00.000000000,99914,334,99696,334,99976,534,99519,334,100208,100,99322,100,100487,100,99181,100,100574,100,99132,100,100647,100,99048,100,100937,100,99047,100,101007,100,98904,100,101210,100,98876,100,101397,100,98856,100
2019-06-28 09:55:08.295555609,99914,334,99696,334,99976,534,99519,334,100208,100,99322,100,100487,100,99198,100,100574,100,99181,100,100647,100,99132,100,100937,100,99048,100,101007,100,99047,100,101210,100,98904,100,101397,100,98876,100
2019-06-28 09:55:10.000000000,99914,194,99696,194,99976,394,99519,194,100208,194,99322,194,100487,194,99198,194,100574,194,99181,194,100647,100,99132,100,100937,100,99048,100,101007,100,99047,100,101210,100,98904,100,101397,100,98876,100
2019-06-28 09:55:20.000000000,99914,259,99696,259,99976,455,99519,255,100208,255,99322,255,100487,100,99198,100,100574,100,99181,100,100647,100,99132,100,100937,100,99048,100,101007,100,99047,100,101210,100,98904,100,101397,100,98876,100
2019-06-28 09:55:30.000000000,99914,569,99696,569,99976,300,99519,100,100208,100,99322,100,100487,100,99198,100,100574,100,99181,100,100647,100,99132,100,100937,100,99048,100,101007,100,99047,100,101210,100,98904,100,101397,100,98876,100
2019-06-28 09:55:40.000000000,99914,217,99696,217,99976,417,99519,217,100208,217,99322,217,100487,217,99198,217,100574,100,99181,100,100647,100,99132,100,100937,100,99048,100,101007,100,99047,100,101210,100,98904,100,101397,100,98876,100
2019-06-28 09:55:45.305641522,99914,217,99696,217,99976,417,99519,217,100208,217,99322,217,100487,217,99198,217,100574,100,99181,100,100647,100,99132,100,100937,100,99048,100,101007,100,99047,100,101210,100,98904,100,101397,100,98876,100
2019-06-28 09:55:48.517574188,99914,217,99696,217,99976,417,99519,217,100208,217,99322,217,100487,217,99198,217,100574,100,99181,100,100647,100,99132,100,100937,100,99048,100,101007,100,99047,100,101210,100,98904,100,101397,100,98876,100
2019-06-28 09:55:50.000000000,99914,194,99696,194,99976,394,99519,194,100208,194,99322,194,100487,194,99198,194,100574,194,99181,194,100647,100,99132,100,100937,100,99048,100,101007,100,99047,100,101210,100,98904,100,101397,100,98876,100
2019-06-28 09:56:00.000000000,99914,569,99696,569,99976,300,99519,100,100208,100,99322,100,100487,100,99198,100,100574,100,99181,100,100647,100,99132,100,100937,100,99048,100,101007,100,99047,100,101210,100,98904,100,101397,100,98876,100
2019-06-28 09:56:07.080645971,99914,569,99696,469,99976,300,99322,100,100208,100,99198,100,100487,100,99181,100,100574,100,99132,100,100647,100,99048,100,100937,100,99047,100,101007,100,98904,100,101210,100,98876,100,101397,100,98856,100
2019-06-28 09:56:08.356622581,99914,569,99696,469,99976,200,99322,100,100208,100,99198,100,100487,100,99181,100,100574,100,99132,100,100647,100,99048,100,100937,100,99047,100,101007,100,98904,100,101210,100,98876,100,101397,100,98856,100
2019-06-28 09:56:10.000000000,99914,334,99322,334,99976,434,99198,334,100208,100,99181,100,100487,100,99132,100,100574,100,99048,100,100647,100,99047,100,100937,100,98904,100,101007,100,98876,100,101210,100,98856,100,101397,100,98703,100
2019-06-28 09:56:20.000000000,99914,334,99322,334,99976,434,99198,334,100208,100,99181,100,100487,100,99132,100,100574,100,99048,100,100647,100,99047,100,100937,100,98904,100,101007,100,98876,100,101210,100,98856,100,101397,100,98703,100
2019-06-28 09:56:29.806239181,99876,100,99322,334,99914,334,99198,334,99976,334,99181,100,100208,100,99132,100,100487,100,99048,100,100574,100,99047,100,100647,100,98904,100,100937,100,98876,100,101007,100,98856,100,101210,100,98703,100
2019-06-28 09:56:30.000000000,99876,217,99322,217,99914,217,99198,217,99976,217,99181,217,100208,217,99132,217,100487,100,99048,100,100574,100,99047,100,100647,100,98904,100,100937,100,98876,100,101007,100,98856,100,101210,100,98703,100
2019-06-28 09:56:40.000000000,99876,334,99322,334,99914,334,99198,334,99976,100,99181,100,100208,100,99132,100,100487,100,99048,100,100574,100,99047,100,100647,100,98904,100,100937,100,98876,100,101007,100,98856,100,101210,100,98703,100
2019-06-28 09:56:50.000000000,99876,217,99322,217,99914,217,99198,217,99976,217,99181,217,100208,217,99132,217,100487,100,99048,100,100574,100,99047,100,100647,100,98904,100,100937,100,98876,100,101007,100,98856,100,101210,100,98703,100
2019-06-28 09:57:00.000000000,99876,569,99322,569,99914,100,99198,100,99976,100,99181,100,100208,100,99132,100,100487,100,99048,100,100574,100,99047,100,100647,100,98904,100,100937,100,98876,100,101007,100,98856,100,101210,100,98703,100
2019-06-28 09:57:10.000000000,99876,259,99322,259,99914,255,99198,255,99976,255,99181,255,100208,100,99132,100,100487,100,99048,100,100574,100,99047,100,100647,100,98904,100,100937,100,98876,100,101007,100,98856,100,101210,100,98703,100
2019-06-28 09:57:19.757470787,99392,100,99322,259,99876,259,99198,255,99914,255,99181,255,99976,255,99132,100,100208,100,99048,100,100487,100,99047,100,100574,100,98904,100,100647,100,98876,100,100937,100,98856,100,101007,100,98703,100
2019-06-28 09:57:20.000000000,99392,259,99322,259,99876,255,99198,255,99914,255,99181,255,99976,100,99132,100,100208,100,99048,100,100487,100,99047,100,100574,100,98904,100,100647,100,98876,100,100937,100,98856,100,101007,100,98703,100
2019-06-28 09:57:23.216220066,99392,259,99322,259,99876,355,99198,255,99914,255,99181,255,99976,100,99132,100,100208,100,99048,100,100487,100,99047,100,100574,100,98904,100,100647,100,98876,100,100937,100,98856,100,101007,100,98703,100
2019-06-28 09:57:30.000000000,99392,259,99322,259,99876,355,99198,255,99914,255,99181,255,99976,100,99132,100,100208,100,99048,100,100487,100,99047,100,100574,100,98904,100,100647,100,98876,100,100937,100,98856,100,101007,100,98703,100
2019-06-28 09:57:31.242162436,99392,259,99322,259,99876,355,99198,255,99914,255,99181,255,99976,100,99132,100,100208,100,99048,100,100487,100,99047,100,100574,100,98904,100,100647,100,98876,100,100937,100,98856,100,101007,100,98703,100
2019-06-28 09:57:34.675552235,99392,259,99322,259,99876,455,99198,255,99914,255,99181,255,99976,100,99132,100,100208,100,99048,100,100487,100,99047,100,100574,100,98904,100,100647,100,98876,100,100937,100,98856,100,101007,100,98703,100
2019-06-28 09:57:40.000000000,99392,334,99322,334,99876,534,99198,334,99914,100,99181,100,99976,100,99132,100,100208,100,99048,100,100487,100,99047,100,100574,100,98904,100,100647,100,98876,100,100937,100,98856,100,101007,100,98703,100
2019-06-28 09:57:50.000000000,99392,334,99322,334,99876,534,99198,334,99914,100,99181,100,99976,100,99132,100,100208,100,99048,100,100487,100,99047,100,100574,100,98904,100,100647,100,98876,100,100937,100,98856,100,101007,100,98703,100
2019-06-28 09:57:59.739342950,99392,234,99322,334,99876,534,99198,334,99914,100,99181,100,99976,100,99141,100,100208,100,99132,100,100487,100,99048,100,100574,100,99047,100,100647,100,98904,100,100937,100,98876,100,101007,100,98856,100
2019-06-28 09:58:00.000000000,99876,459,99322,259,99914,255,99198,255,99976,255,99181,255,100208,100,99141,100,100487,100,99132,100,100574,100,99048,100,100647,100,99047,100,100937,100,98904,100,101007,100,98876,100,101210,100,98856,100
2019-06-28 09:58:10.000000000,99876,394,99322,194,99914,194,99198,194,99976,194,99181,194,100208,194,99141,194,100487,194,99132,194,100574,100,99048,100,100647,100,99047,100,100937,100,98904,100,101007,100,98876,100,101210,100,98856,100
2019-06-28 09:58:20.000000000,99876,769,99322,569,99914,100,99198,100,99976,100,99181,100,100208,100,99141,100,100487,100,99132,100,100574,100,99048,100,100647,100,99047,100,100937,100,98904,100,101007,100,98876,100,101210,100,98856,100
2019-06-28 09:58:30.000000000,99876,394,99322,194,99914,194,99198,194,99976,194,99181,194,100208,194,99141,194,100487,194,99132,194,100574,100,99048,100,100647,100,99047,100,100937,100,98904,100,101007,100,98876,100,101210,100,98856,100
2019-06-28 09:58:33.428679360,99876,394,99356,100,99914,194,99322,194,99976,194,99198,194,100208,194,99181,194,100487,194,99141,194,100574,100,99132,194,100647,100,99048,100,100937,100,99047,100,101007,100,98904,100,101210,100,98876,100
2019-06-28 09:58:40.000000000,99876,394,99356,194,99914,194,99322,194,99976,194,99198,194,100208,194,99181,194,100487,194,99141,194,100574,100,99132,100,100647,100,99048,100,100937,100,99047,100,101007,100,98904,100,101210,100,98876,100
2019-06-28 09:58:46.136082524,99876,494,99356,194,99914,194,99322,194,99976,194,99198,194,100208,194,99181,194,100487,194,99141,194,100574,100,99132,100,100647,100,99048,100,100937,100,99047,100,101007,100,98904,100,101210,100,98876,100
2019-06-28 09:58:48.878271106,99876,494,99356,194,99914,194,99322,194,99976,194,99242,100,100208,194,99198,194,100487,194,99181,194,100574,100,99141,194,100647,100,99132,100,100937,100,99048,100,101007,100,99047,100,101210,100,98904,100
2019-06-28 09:58:50.000000000,99876,634,99356,334,99914,334,99322,334,99976,100,99242,100,100208,100,99198,100,100487,100,99181,100,100574,100,99141,100,100647,100,99132,100,100937,100,99048,100,101007,100,99047,100,101210,100,98904,100
2019-06-28 09:58:51.675680439,99416,100,99356,334,99876,634,99322,334,99914,334,99242,100,99976,100,99198,100,100208,100,99181,100,100487,100,99141,100,100574,100,99132,100,100647,100,99048,100,100937,100,99047,100,101007,100,98904,100
2019-06-28 09:58:55.294020535,99416,100,99356,334,99876,734,99322,334,99914,334,99242,100,99976,100,99198,100,100208,100,99181,100,100487,100,99141,100,100574,100,99132,100,100647,100,99048,100,100937,100,99047,100,101007,100,98904,100
2019-06-28 09:58:55.526441291,99416,100,99356,334,99876,834,99322,334,99914,334,99242,100,99976,100,99198,100,100208,100,99181,100,100487,100,99141,100,100574,100,99132,100,100647,100,99048,100,100937,100,99047,100,101007,100,98904,100
2019-06-28 09:59:00.000000000,99416,259,99356,259,99876,755,99322,255,99914,255,99242,255,99976,100,99198,100,100208,100,99181,100,100487,100,99141,100,100574,100,99132,100,100647,100,99048,100,100937,100,99047,100,101007,100,98904,100
2019-06-28 09:59:02.454915416,99416,259,99356,259,99876,755,99330,100,99914,255,99322,255,99976,100,99242,255,100208,100,99198,100,100487,100,99181,100,100574,100,99141,100,100647,100,99132,100,100937,100,99048,100,101007,100,99047,100
2019-06-28 09:59:10.000000000,99416,569,99356,569,99876,600,99330,100,99914,100,99322,100,99976,100,99242,100,100208,100,99198,100,100487,100,99181,100,100574,100,99141,100,100647,100,99132,100,100937,100,99048,100,101007,100,99047,100
2019-06-28 09:59:13.762111801,99416,569,99356,469,99876,600,99330,100,99914,100,99322,100,99976,100,99242,100,100208,100,99198,100,100487,100,99181,100,100574,100,99141,100,100647,100,99132,100,100937,100,99048,100,101007,100,99047,100
2019-06-28 09:59:16.300311730,99416,569,99356,369,99876,600,99330,100,99914,100,99322,100,99976,100,99242,100,100208,100,99198,100,100487,100,99181,100,100574,100,99141,100,100647,100,99132,100,100937,100,99048,100,101007,100,99047,100
2019-06-28 09:59:20.000000000,99416,334,99330,334,99876,834,99322,334,99914,100,99242,100,99976,100,99198,100,100208,100,99181,100,100487,100,99141,100,100574,100,99132,100,100647,100,99048,100,100937,100,99047,100,101007,100,98904,100
2019-06-28 09:59:30.000000000,99416,334,99330,334,99876,834,99322,334,99914,100,99242,100,99976,100,99198,100,100208,100,99181,100,100487,100,99141,100,100574,100,99132,100,100647,100,99048,100,100937,100,99047,100,101007,100,98904,100
2019-06-28 09:59:33.778909350,99416,334,99330,334,99876,834,99322,334,99914,100,99242,100,99976,100,99221,100,100208,100,99198,100,100487,100,99181,100,100574,100,99141,100,100647,100,99132,100,100937,100,99048,100,101007,100,99047,100
2019-06-28 09:59:37.258522681,99356,100,99330,334,99416,334,99322,334,99876,834,99242,100,99914,100,99221,100,99976,100,99198,100,100208,100,99181,100,100487,100,99141,100,100574,100,99132,100,100647,100,99048,100,100937,100,99047,100
2019-06-28 09:59:40.000000000,99356,259,99330,259,99416,255,99322,255,99876,755,99242,255,99914,100,99221,100,99976,100,99198,100,100208,100,99181,100,100487,100,99141,100,100574,100,99132,100,100647,100,99048,100,100937,100,99047,100
2019-06-28 09:59:50.000000000,99356,334,99330,334,99416,334,99322,334,99876,600,99242,100,99914,100,99221,100,99976,100,99198,100,100208,100,99181,100,100487,100,99141,100,100574,100,99132,100,100647,100,99048,100,100937,100,99047,100
2019-06-28 10:00:00.000000000,99356,569,99330,569,99416,100,99322,100,99876,600,99242,100,99914,100,99221,100,99976,100,99198,100,100208,100,99181,100,100487,100,99141,100,100574,100,99132,100,100647,100,99048,100,100937,100,99047,100
2019-06-28 10:00:10.000000000,99356,217,99330,217,99416,217,99322,217,99876,717,99242,217,99914,217,99221,217,99976,100,99198,100,100208,100,99181,100,100487,100,99141,100,100574,100,99132,100,100647,100,99048,100,100937,100,99047,100
2019-06-28 10:00:15.039337517,99356,217,99330,217,99416,217,99322,217,99464,100,99242,217,99876,717,99221,217,99914,217,99198,100,99976,100,99181,100,100208,100,99141,100,100487,100,99132,100,100574,100,99048,100,100647,100,99047,100
2019-06-28 10:00:17.041820091,99356,117,99330,217,99416,217,99322,217,99464,100,99242,217,99876,717,99221,217,99914,217,99198,100,99976,100,99181,100,100208,100,99141,100,100487,100,99132,100,100574,100,99048,100,100647,100,99047,100
2019-06-28 10:00:20.000000000,99416,259,99330,259,99464,255,99322,255,99876,755,99242,255,99914,100,99221,100,99976,100,99198,100,100208,100,99181,100,100487,100,99141,100,100574,100,99132,100,100647,100,99048,100,100937,100,99047,100
2019-06-28 10:00:27.017898401,99416,259,99330,259,99464,255,99322,255,99560,100,99242,255,99876,755,99221,100,99914,100,99198,100,99976,100,99181,100,100208,100,99141,100,100487,100,99132,100,100574,100,99048,100,100647,100,99047,100
2019-06-28 10:00:30.000000000,99416,217,99330,217,99464,217,99322,217,99560,217,99242,217,99876,717,99221,217,99914,100,99198,100,99976,100,99181,100,100208,100,99141,100,100487,100,99132,100,100574,100,99048,100,100647,100,99047,100
2019-06-28 10:00:35.880961016,99416,217,99330,217,99464,217,99322,217,99493,100,99242,217,99560,217,99221,217,99876,717,99198,100,99914,100,99181,100,99976,100,99141,100,100208,100,99132,100,100487,100,99048,100,100574,100,99047,100
2019-06-28 10:00:40.000000000,99416,259,99330,259,99464,255,99322,255,99493,255,99242,255,99560,100,99221,100,99876,600,99198,100,99914,100,99181,100,99976,100,99141,100,100208,100,99132,100,100487,100,99048,100,100574,100,99047,100
2019-06-28 10:00:50.000000000,99416,569,99330,569,99464,100,99322,100,99493,100,99242,100,99560,100,99221,100,99876,600,99198,100,99914,100,99181,100,99976,100,99141,100,100208,100,99132,100,100487,100,99048,100,100574,100,99047,100
2019-06-28 10:00:51.826229601,99416,569,99330,569,99464,100,99322,100,99493,100,99242,100,99560,100,99221,100,99876,600,99198,100,99914,100,99181,100,99976,100,99141,100,100208,100,99132,100,100487,100,99048,100,100574,100,99047,100
2019-06-28 10:00:56.568628006,99416,569,99330,469,99464,100,99322,100,99493,100,99242,100,99560,100,99221,100,99876,600,99198,100,99914,100,99181,100,99976,100,99141,100,100208,100,99132,100,100487,100,99048,100,100574,100,99047,100
2019-06-28 10:00:57.636779159,99416,569,99330,469,99464,100,99322,100,99493,100,99242,100,99560,100,99221,100,99876,600,99198,100,99914,100,99181,100,99976,100,99141,100,100208,100,99132,100,100487,100,99094,100,100574,100,99048,100
2019-06-28 10:01:00.000000000,99416,217,99322,217,99464,217,99242,217,99493,217,99221,217,99560,217,99198,217,99876,600,99181,100,99914,100,99141,100,99976,100,99132,100,100208,100,99094,100,100487,100,99048,100,100574,100,99047,100
2019-06-28 10:01:03.310190418,99416,217,99322,217,99464,217,99242,217,99493,217,99221,217,99560,217,99198,217,99876,600,99181,100,99914,100,99141,100,99976,100,99132,100,100208,100,99094,100,100487,100,99048,100,100574,100,99047,100
2019-06-28 10:01:05.439781910,99355,100,99322,217,99416,217,99242,217,99464,217,99221,217,99493,217,99198,217,99560,217,99181,100,99876,500,99141,100,99914,100,99132,100,99976,100,99094,100,100208,100,99048,100,100487,100,99047,100
2019-06-28 10:01:05.610912196,99355,200,99322,217,99416,217,99242,217,99464,217,99221,217,99493,217,99198,217,99560,217,99181,100,99876,500,99141,100,99914,100,99132,100,99976,100,99094,100,100208,100,99048,100,100487,100,99047,100
2019-06-28 10:01:06.741304047,99355,200,99322,217,99416,217,99242,217,99464,217,99221,217,99493,217,99198,217,99560,217,99181,100,99876,500,99141,100,99914,100,99132,100,99976,100,99094,100,100208,100,99048,100,100487,100,99047,100
2019-06-28 10:01:10.000000000,99355,669,99322,569,99416,100,99242,100,99464,100,99221,100,99493,100,99198,100,99560,100,99181,100,99876,500,99141,100,99914,100,99132,100,99976,100,99094,100,100208,100,99048,100,100487,100,99047,100
2019-06-28 10:01:16.558337696,99355,669,99322,569,99416,100,99242,100,99464,100,99221,100,99493,100,99198,100,99560,100,99181,100,99876,500,99141,100,99914,100,99132,100,99976,100,99094,100,100208,100,99048,100,100487,100,99047,100
2019-06-28 10:01:20.000000000,99355,294,99322,194,99416,194,99242,194,99464,194,99221,194,99493,194,99198,194,99560,194,99181,194,99876,500,99141,100,99914,100,99132,100,99976,100,99094,100,100208,100,99048,100,100487,100,99047,100
2019-06-28 10:01:30.000000000,99355,317,99322,217,99416,217,99242,217,99464,217,99221,217,99493,217,99198,217,99560,100,99181,100,99876,500,99141,100,99914,100,99132,100,99976,100,99094,100,100208,100,99048,100,100487,100,99047,100
2019-06-28 10:01:39.026252139,99355,317,99322,217,99416,217,99242,217,99464,217,99221,217,99493,217,99198,217,99560,100,99181,100,99876,500,99141,100,99914,100,99132,100,99976,100,99094,100,100208,100,99054,100,100487,100,99048,100
2019-06-28 10:01:40.000000000,99355,434,99322,334,99416,334,99242,334,99464,100,99221,100,99493,100,99198,100,99560,100,99181,100,99876,500,99141,100,99914,100,99132,100,99976,100,99094,100,100208,100,99054,100,100487,100,99048,100
2019-06-28 10:01:50.000000000,99355,359,99322,259,99416,255,99242,255,99464,255,99221,255,99493,100,99198,100,99560,100,99181,100,99876,500,99141,100,99914,100,99132,100,99976,100,99094,100,100208,100,99054,100,100487,100,99048,100
2019-06-28 10:01:51.308515986,99355,359,99322,159,99416,255,99242,255,99464,255,99221,255,99493,100,99198,100,99560,100,99181,100,99876,500,99141,100,99914,100,99132,100,99976,100,99094,100,100208,100,99054,100,100487,100,99047,100
2019-06-28 10:01:58.077289030,99330,100,99322,159,99355,359,99242,255,99416,255,99221,255,99464,255,99198,100,99493,100,99181,100,99560,100,99141,100,99876,500,99132,100,99976,100,99094,100,100208,100,99054,100,100487,100,99047,100
2019-06-28 10:02:00.000000000,99330,569,99242,569,99355,200,99221,100,99416,100,99198,100,99464,100,99181,100,99493,100,99141,100,99560,100,99132,100,99876,500,99094,100,99976,100,99054,100,100208,100,99047,100,100487,100,99046,100
2019-06-28 10:02:10.000000000,99330,569,99242,569,99355,200,99221,100,99416,100,99198,100,99464,100,99181,100,99493,100,99141,100,99560,100,99132,100,99876,500,99094,100,99976,100,99054,100,100208,100,99047,100,100487,100,99046,100
2019-06-28 10:02:20.000000000,99330,334,99242,334,99355,434,99221,334,99416,100,99198,100,99464,100,99181,100,99493,100,99141,100,99560,100,99132,100,99876,500,99094,100,99976,100,99054,100,100208,100,99047,100,100487,100,99046,100
2019-06-28 10:02:24.401372278,99330,334,99259,100,99355,434,99242,334,99416,100,99221,334,99464,100,99198,100,99493,100,99181,100,99560,100,99141,100,99876,500,99132,100,99976,100,99094,100,100208,100,99054,100,100487,100,99047,100
2019-06-28 10:02:30.000000000,99330,194,99259,194,99355,294,99242,194,99416,194,99221,194,99464,194,99198,194,99493,194,99181,194,99560,100,99141,100,99876,500,99132,100,99976,100,99094,100,100208,100,99054,100,100487,100,99047,100
2019-06-28 10:02:40.000000000,99330,334,99259,334,99355,434,99242,334,99416,100,99221,100,99464,100,99198,100,99493,100,99181,100,99560,100,99141,100,99876,500,99132,100,99976,100,99094,100,100208,100,99054,100,100487,100,99047,100
2019-06-28 10:02:50.000000000,99330,194,99259,194,99355,294,99242,194,99416,194,99221,194,99464,194,99198,194,99493,194,99181,194,99560,100,99141,100,99876,500,99132,100,99976,100,99094,100,100208,100,99054,100,100487,100,99047,100
2019-06-28 10:03:00.000000000,99330,569,99259,569,99355,200,99242,100,99416,100,99221,100,99464,100,99198,100,99493,100,99181,100,99560,100,99141,100,99876,500,99132,100,99976,100,99094,100,100208,100,99054,100,100487,100,99047,100
2019-06-28 10:03:10.000000000,99330,259,99259,259,99355,355,99242,255,99416,255,99221,255,99464,100,99198,100,99493,100,99181,100,99560,100,99141,100,99876,500,99132,100,99976,100,99094,100,100208,100,99054,100,100487,100,99047,100
2019-06-28 10:03:20.000000000,99330,334,99259,334,99355,434,99242,334,99416,100,99221,100,99464,100,99198,100,99493,100,99181,100,99560,100,99141,100,99876,500,99132,100,99976,100,99094,100,100208,100,99054,100,100487,100,99047,100
2019-06-28 10:03:30.000000000,99330,259,99259,259,99355,355,99242,255,99416,255,99221,255,99464,100,99198,100,99493,100,99181,100,99560,100,99141,100,99876,500,99132,100,99976,100,99094,100,100208,100,99054,100,100487,100,99047,100
2019-06-28 10:03:32.284336999,99330,259,99259,259,99355,355,99242,255,99416,255,99221,255,99464,100,99198,100,99493,100,99181,100,99560,100,99141,100,99876,500,99132,100,99976,100,99094,100,100208,100,99054,100,100487,100,99047,100
2019-06-28 10:03:40.000000000,99330,259,99259,259,99355,355,99242,255,99416,255,99221,255,99464,100,99198,100,99493,100,99181,100,99560,100,99141,100,99876,500,99132,100,99976,100,99094,100,100208,100,99054,100,100487,100,99047,100
2019-06-28 10:03:40.309809253,99330,259,99259,259,99355,355,99242,255,99416,255,99221,255,99464,100,99198,100,99493,100,99197,100,99560,100,99181,100,99876,500,99141,100,99976,100,99132,100,100208,100,99054,100,100487,100,99047,100
2019-06-28 10:03:42.195200014,99330,359,99259,259,99355,355,99242,255,99416,255,99221,255,99464,100,99198,100,99493,100,99197,100,99560,100,99181,100,99876,500,99141,100,99976,100,99132,100,100208,100,99054,100,100487,100,99047,100
2019-06-28 10:03:48.659306625,99330,359,99259,159,99355,355,99242,255,99416,255,99221,255,99464,100,99198,100,99493,100,99197,100,99560,100,99181,100,99876,500,99141,100,99976,100,99132,100,100208,100,99054,100,100487,100,99047,100
2019-06-28 10:03:50.000000000,99330,294,99242,194,99355,294,99221,194,99416,194,99198,194,99464,194,99197,194,99493,194,99181,194,99560,100,99141,100,99876,500,99132,100,99976,100,99054,100,100208,100,99047,100,100487,100,99046,100
2019-06-28 10:04:00.000000000,99330,317,99242,217,99355,317,99221,217,99416,217,99198,217,99464,217,99197,217,99493,100,99181,100,99560,100,99141,100,99876,500,99132,100,99976,100,99054,100,100208,100,99047,100,100487,100,99046,100
2019-06-28 10:04:04.510843448,99330,317,99242,217,99355,317,99221,217,99416,217,99198,217,99464,217,99197,217,99493,100,99181,100,99560,100,99141,100,99876,500,99132,100,99976,100,99054,100,100208,100,99047,100,100487,100,99046,100
2019-06-28 10:04:10.000000000,99330,669,99242,569,99355,200,99221,100,99416,100,99198,100,99464,100,99197,100,99493,100,99181,100,99560,100,99141,100,99876,500,99132,100,99976,100,99054,100,100208,100,99047,100,100487,100,99046,100
2019-06-28 10:04:20.000000000,99330,434,99242,334,99355,434,99221,334,99416,100,99198,100,99464,100,99197,100,99493,100,99181,100,99560,100,99141,100,99876,500,99132,100,99976,100,99054,100,100208,100,99047,100,100487,100,99046,100
2019-06-28 10:04:27.357194992,99330,434,99242,234,99355,434,99221,334,99416,100,99198,100,99464,100,99197,100,99493,100,99181,100,99560,100,99141,100,99876,500,99132,100,99976,100,99054,100,100208,100,99047,100,100487,100,99046,100
2019-06-28 10:04:30.000000000,99330,669,99221,569,99355,200,99198,100,99416,100,99197,100,99464,100,99181,100,99493,100,99141,100,99560,100,99132,100,99876,500,99054,100,99976,100,99047,100,100208,100,99046,100,100487,100,98998,100
2019-06-28 10:04:40.000000000,99330,434,99221,334,99355,434,99198,334,99416,100,99197,100,99464,100,99181,100,99493,100,99141,100,99560,100,99132,100,99876,500,99054,100,99976,100,99047,100,100208,100,99046,100,100487,100,98998,100
2019-06-28 10:04:40.783918289,99330,434,99221,334,99355,434,99198,334,99416,100,99197,100,99464,100,99181,100,99493,100,99141,100,99560,100,99132,100,99876,500,99054,100,99976,100,99047,100,100208,100,99046,100,100487,100,98998,100
2019-06-28 10:04:50.000000000,99330,294,99221,194,99355,294,99198,194,99416,194,99197,194,99464,194,99181,194,99493,194,99141,194,99560,100,99132,100,99876,500,99054,100,99976,100,99047,100,100208,100,99046,100,100487,100,98998,100
2019-06-28 10:05:00.000000000,99330,359,99221,259,99355,355,99198,255,99416,255,99197,255,99464,100,99181,100,99493,100,99141,100,99560,100,99132,100,99876,500,99054,100,99976,100,99047,100,100208,100,99046,100,100487,100,98998,100
2019-06-28 10:05:02.061775591,99330,359,99221,159,99355,355,99198,255,99416,255,99197,255,99464,100,99181,100,99493,100,99141,100,99560,100,99132,100,99876,500,99054,100,99976,100,99047,100,100208,100,99046,100,100487,100,98998,100
2019-06-28 10:05:10.000000000,99330,359,99198,259,99355,355,99197,255,99416,255,99181,255,99464,100,99141,100,99493,100,99132,100,99560,100,99054,100,99876,500,99047,100,99976,100,99046,100,100208,100,98998,100,100487,100,98970,100
2019-06-28 10:05:12.688466777,99330,359,99198,159,99355,355,99197,255,99416,255,99181,255,99464,100,99141,100,99493,100,99132,100,99560,100,99054,100,99876,500,99047,100,99976,100,99046,100,100487,100,98998,100,100574,100,98970,100
2019-06-28 10:05:20.000000000,99330,434,99197,334,99355,434,99181,334,99416,100,99141,100,99464,100,99132,100,99493,100,99054,100,99560,100,99047,100,99876,500,99046,100,99976,100,98998,100,100487,100,98970,100,100574,100,98934,100
2019-06-28 10:05:30.000000000,99330,359,99197,259,99355,355,99181,255,99416,255,99141,255,99464,100,99132,100,99493,100,99054,100,99560,100,99047,100,99876,500,99046,100,99976,100,98998,100,100487,100,98970,100,100574,100,98934,100
2019-06-28 10:05:40.000000000,99330,359,99197,259,99355,355,99181,255,99416,255,99141,255,99464,100,99132,100,99493,100,99054,100,99560,100,99047,100,99876,500,99046,100,99976,100,98998,100,100487,100,98970,100,100574,100,98934,100
2019-06-28 10:05:40.739480698,99221,100,99197,259,99330,359,99181,255,99355,355,99141,255,99416,255,99132,100,99464,100,99054,100,99493,100,99047,100,99560,100,99046,100,99876,500,98998,100,100487,100,98970,100,100574,100,98934,100
2019-06-28 10:05:42.115247408,99221,100,99197,259,99330,359,99181,255,99355,355,99141,155,99416,255,99132,100,99464,100,99054,100,99493,100,99047,100,99560,100,99046,100,99876,500,98998,100,100487,100,98970,100,100574,100,98934,100
2019-06-28 10:05:50.000000000,99221,194,99197,194,99330,294,99181,194,99355,294,99132,194,99416,194,99054,194,99464,194,99047,194,99493,100,99046,100,99560,100,98998,100,99876,500,98970,100,100487,100,98934,100,100574,100,98876,100
2019-06-28 10:05:59.062529616,99221,194,99197,194,99330,294,99181,194,99355,294,99132,194,99416,194,99054,194,99464,194,99047,194,99493,100,99046,100,99560,100,98998,100,99876,500,98970,100,100487,100,98876,100,100574,100,98856,100
2019-06-28 10:06:00.000000000,99221,259,99197,259,99330,355,99181,255,99355,355,99132,255,99416,100,99054,100,99464,100,99047,100,99493,100,99046,100,99560,100,98998,100,99876,500,98970,100,100487,100,98876,100,100574,100,98856,100
2019-06-28 10:06:02.569123763,99221,259,99197,159,99330,355,99181,255,99355,355,99132,155,99416,100,99054,100,99464,100,99047,100,99493,100,99046,100,99560,100,98998,100,99876,500,98970,100,100487,100,98876,100,100574,100,98856,100
2019-06-28 10:06:10.000000000,99221,569,99181,569,99330,200,99054,100,99355,200,99047,100,99416,100,99046,100,99464,100,98998,100,99493,100,98970,100,99560,100,98876,100,99876,500,98856,100,100487,100,98795,100,100574,100,98488,100
