,ask_price_1,ask_size_1,bid_price_1,bid_size_1,ask_price_2,ask_size_2,bid_price_2,bid_size_2,ask_price_3,ask_size_3,bid_price_3,bid_size_3,ask_price_4,ask_size_4,bid_price_4,bid_size_4,ask_price_5,ask_size_5,bid_price_5,bid_size_5,ask_price_6,ask_size_6,bid_price_6,bid_size_6,ask_price_7,ask_size_7,bid_price_7,bid_size_7,ask_price_8,ask_size_8,bid_price_8,bid_size_8,ask_price_9,ask_size_9,bid_price_9,bid_size_9,ask_price_10,ask_size_10,bid_price_10,bid_size_10
2019-06-28 09:30:00.000000006,100048,100,99936,100,,,,,,,,,,,,,,,,,,,,,,,,,,,,,,,,,,,,
2019-06-28 09:30:00.000000007,100048,100,99936,100,100107,100,,,,,,,,,,,,,,,,,,,,,,,,,,,,,,,,,,
2019-06-28 09:30:00.000000008,100048,100,99936,100,100097,100,,,100107,100,,,,,,,,,,,,,,,,,,,,,,,,,,,,,,
2019-06-28 09:30:00.000000012,100048,100,99984,100,100097,100,99936,100,100107,100,,,,,,,,,,,,,,,,,,,,,,,,,,,,,,
2019-06-28 09:30:00.000000015,100048,100,99984,100,100097,100,99936,100,100107,100,,,100166,100,,,,,,,,,,,,,,,,,,,,,,,,,,
2019-06-28 09:30:00.000000017,100048,100,99984,100,100067,100,99936,100,100097,100,,,100107,100,,,100166,100,,,,,,,,,,,,,,,,,,,,,,
2019-06-28 09:30:00.000000020,100048,100,99984,100,100067,100,99943,100,100097,100,99936,100,100107,100,,,100166,100,,,,,,,,,,,,,,,,,,,,,,
2019-06-28 09:30:00.000000022,100048,100,99943,100,100067,100,99936,100,100097,100,,,100107,100,,,100121,100,,,100166,100,,,,,,,,,,,,,,,,,,
2019-06-28 09:30:00.000000023,100048,100,99943,100,100067,100,99936,100,100097,100,,,100107,100,,,100121,100,,,100141,100,,,100166,100,,,,,,,,,,,,,,
2019-06-28 09:30:00.000000024,100048,100,99943,100,100067,100,99936,100,100097,100,,,100107,100,,,100121,100,,,100123,100,,,100141,100,,,100166,100,,,,,,,,,,
2019-06-28 09:30:00.000000025,100048,100,99943,100,100067,100,99936,100,100097,100,99935,100,100107,100,,,100121,100,,,100123,100,,,100141,100,,,100166,100,,,,,,,,,,
2019-06-28 09:30:00.000000026,100048,100,99943,100,100067,100,99936,100,100097,100,99935,100,100107,100,,,100121,100,,,100123,100,,,100141,100,,,100166,100,,,100209,100,,,,,,
2019-06-28 09:30:00.000000032,100048,100,100018,100,100067,100,99943,100,100097,100,99936,100,100107,100,99935,100,100121,100,,,100123,100,,,100141,100,,,100166,100,,,100209,100,,,,,,
2019-06-28 09:30:00.000000034,100048,100,99996,100,100067,100,99943,100,100097,100,99936,100,100107,100,99935,100,100121,100,,,100123,100,,,100141,100,,,100166,100,,,100209,100,,,,,,
2019-06-28 09:30:00.000000036,100048,100,99996,100,100067,100,99943,100,100080,100,99936,100,100097,100,99935,100,100107,100,99839,100,100121,100,,,100123,100,,,100141,100,,,100166,100,,,100209,100,,
2019-06-28 09:30:00.000000037,100048,100,99996,100,100067,100,99943,100,100080,100,99939,100,100097,100,99936,100,100107,100,99935,100,100121,100,99839,100,100123,100,,,100141,100,,,100166,100,,,100209,100,,
2019-06-28 09:30:00.000000038,100013,100,99996,100,100048,100,99976,100,100067,100,99943,100,100080,100,99939,100,100086,100,99936,100,100097,100,99935,100,100107,100,99907,100,100121,100,99839,100,100123,100,,,100141,100,,
2019-06-28 09:30:00.000000039,100013,100,99996,100,100048,100,99976,100,100067,100,99943,100,100080,100,99939,100,100086,100,99936,100,100097,100,99935,100,100107,100,99930,100,100121,100,99907,100,100123,100,99839,100,100141,100,,
2019-06-28 09:30:00.000000042,100048,100,99996,100,100067,100,99976,100,100080,100,99943,100,100086,100,99939,100,100097,100,99936,100,100107,100,99935,100,100121,100,99930,100,100123,100,99907,100,100141,100,99839,100,100166,100,,
2019-06-28 09:30:00.000000047,100048,100,99996,100,100067,100,99976,100,100080,100,99943,100,100086,100,99939,100,100097,100,99936,100,100107,100,99935,100,100121,100,99930,100,100123,100,99922,100,100141,100,99907,100,100166,100,99839,100
2019-06-28 09:30:00.000000049,100048,100,99996,100,100061,100,99976,100,100067,100,99943,100,100080,100,99939,100,100086,100,99936,100,100097,100,99935,100,100107,100,99930,100,100121,100,99922,100,100123,100,99907,100,100141,100,99839,100
2019-06-28 09:30:00.000000050,100048,100,99996,100,100061,100,99981,100,100067,100,99976,100,100080,100,99943,100,100086,100,99939,100,100097,100,99936,100,100107,100,99935,100,100121,100,99930,100,100123,100,99922,100,100141,100,99907,100
2019-06-28 09:30:00.000000051,100018,100,99996,100,100048,100,99981,100,100061,100,99976,100,100067,100,99943,100,100080,100,99939,100,100086,100,99936,100,100097,100,99935,100,100107,100,99930,100,100121,100,99922,100,100123,100,99907,100
2019-06-28 09:30:00.000000052,100018,100,99996,100,100048,100,99981,100,100061,100,99976,100,100067,100,99943,100,100080,100,99939,100,100086,100,99936,100,100097,100,99935,100,100107,100,99930,100,100121,100,99922,100,100123,100,99907,100
2019-06-28 09:30:00.000000053,100018,100,99996,100,100048,100,99981,100,100061,100,99976,100,100067,100,99943,100,100080,100,99939,100,100086,100,99936,100,100097,100,99935,100,100107,100,99930,100,100121,100,99922,100,100123,100,99907,100
2019-06-28 09:30:00.000000054,100018,100,99996,100,100048,100,99981,100,100061,100,99976,100,100067,100,99943,100,100080,100,99939,100,100081,100,99936,100,100086,100,99935,100,100097,100,99930,100,100107,100,99922,100,100121,100,99907,100
2019-06-28 09:30:00.000000055,100018,200,99996,100,100048,100,99981,100,100061,100,99976,100,100067,100,99943,100,100080,100,99939,100,100081,100,99936,100,100086,100,99935,100,100097,100,99930,100,100107,100,99922,100,100121,100,99907,100
2019-06-28 09:30:00.000000057,100018,200,99996,100,100048,100,99981,100,100061,100,99976,100,100067,100,99943,100,100080,100,99939,100,100081,100,99936,100,100086,100,99935,100,100094,100,99930,100,100097,100,99922,100,100107,100,99907,100
2019-06-28 09:30:00.000000059,100018,100,99996,100,100048,100,99981,100,100061,100,99976,100,100067,100,99943,100,100080,100,99939,100,100081,100,99936,100,100086,100,99935,100,100094,100,99930,100,100097,100,99922,100,100107,100,99907,100
2019-06-28 09:30:00.000000060,100018,100,99996,100,100048,100,99981,100,100061,100,99976,100,100067,100,99943,100,100080,100,99939,100,100081,100,99936,100,100086,100,99935,100,100094,100,99930,100,100097,100,99922,100,100107,100,99907,100
2019-06-28 09:30:00.000000063,100018,100,99996,100,100048,100,99981,100,100061,100,99976,100,100067,100,99943,100,100080,100,99939,100,100081,100,99936,100,100086,100,99935,100,100094,100,99930,100,100097,100,99922,100,100099,100,99907,100
2019-06-28 09:30:00.000000064,100018,100,99996,100,100023,100,99981,100,100048,100,99976,100,100061,100,99943,100,100067,100,99939,100,100080,100,99936,100,100081,100,99935,100,100086,100,99930,100,100094,100,99922,100,100097,100,99907,100
2019-06-28 09:30:00.000000066,100018,100,99981,100,100023,100,99976,100,100048,100,99943,100,100061,100,99939,100,100067,100,99936,100,100080,100,99935,100,100081,100,99930,100,100086,100,99922,100,100094,100,99907,100,100097,100,99901,100
2019-06-28 09:30:00.000000068,100018,100,99981,100,100023,100,99976,100,100048,100,99943,100,100061,100,99939,100,100067,100,99936,100,100080,100,99935,100,100081,100,99930,200,100086,100,99922,100,100094,100,99907,100,100097,100,99901,100
2019-06-28 09:30:00.000000069,100017,100,99996,100,100018,100,99981,100,100023,100,99976,100,100048,100,99943,100,100061,100,99939,100,100067,100,99936,100,100080,100,99935,100,100081,100,99930,200,100086,100,99924,100,100094,100,99922,100
2019-06-28 09:30:00.000000070,100017,100,99996,100,100018,100,99981,100,100023,100,99976,100,100048,100,99968,100,100061,100,99943,100,100067,100,99939,100,100080,100,99936,100,100081,100,99935,100,100086,100,99930,200,100094,100,99924,100
2019-06-28 09:30:00.000000073,100017,100,99996,200,100018,100,99981,100,100023,100,99976,100,100025,100,99968,100,100048,100,99943,100,100061,100,99939,100,100067,100,99936,100,100080,100,99935,100,100081,100,99930,200,100086,100,99924,100
2019-06-28 09:30:00.000000074,100017,100,99996,200,100018,100,99981,100,100023,100,99976,100,100025,100,99968,100,100048,100,99943,100,100061,100,99939,100,100067,100,99936,100,100080,100,99935,100,100081,100,99930,200,100086,100,99924,100
2019-06-28 09:30:00.000000076,100017,200,99996,200,100018,100,99981,100,100023,100,99976,100,100025,100,99968,100,100048,100,99943,100,100061,100,99939,100,100067,100,99936,100,100080,100,99935,100,100081,100,99930,200,100086,100,99924,100
2019-06-28 09:30:00.000000077,100017,200,99996,200,100018,100,99981,100,100023,100,99976,100,100025,100,99968,100,100048,100,99943,100,100061,100,99939,100,100067,100,99936,100,100080,100,99935,100,100081,100,99930,200,100086,100,99924,100
2019-06-28 09:30:00.000000080,100017,100,99996,200,100018,100,99981,100,100023,100,99976,100,100025,100,99968,100,100048,100,99943,100,100061,100,99939,100,100067,100,99936,100,100080,100,99935,100,100081,100,99930,200,100086,100,99924,100
2019-06-28 09:30:00.000000083,100016,100,99996,200,100017,100,99981,100,100018,100,99976,100,100023,100,99968,100,100025,100,99943,100,100048,100,99939,100,100061,100,99936,100,100067,100,99935,100,100080,100,99930,200,100081,100,99924,100
2019-06-28 09:30:00.000000087,100016,100,99997,100,100017,100,99996,200,100018,100,99981,100,100023,100,99976,100,100025,100,99968,100,100048,100,99943,100,100061,100,99939,100,100067,100,99936,100,100080,100,99935,100,100081,100,99930,200
2019-06-28 09:30:00.000000088,100017,100,99997,100,100018,100,99996,200,100023,100,99981,100,100025,100,99976,100,100048,100,99968,100,100061,100,99943,100,100067,100,99939,100,100080,100,99936,100,100081,100,99935,100,100086,100,99930,200
2019-06-28 09:30:00.000000091,100016,100,99997,100,100017,100,99996,200,100018,100,99981,100,100023,100,99976,100,100025,100,99968,100,100048,100,99943,100,100061,100,99939,100,100067,100,99936,100,100080,100,99935,100,100081,100,99930,200
2019-06-28 09:30:00.000000092,100016,100,100002,100,100017,100,99997,100,100018,100,99996,200,100023,100,99981,100,100025,100,99976,100,100048,100,99968,100,100061,100,99943,100,100067,100,99939,100,100080,100,99936,100,100081,100,99935,100
2019-06-28 09:30:00.000000096,100016,100,100002,100,100017,100,99997,100,100018,100,99996,200,100023,100,99981,100,100025,100,99976,100,100048,100,99968,100,100061,100,99943,100,100067,100,99939,100,100080,100,99936,100,100081,100,99935,100
2019-06-28 09:30:00.000000098,100016,200,100002,100,100017,100,99997,100,100018,100,99996,200,100023,100,99981,100,100025,100,99976,100,100048,100,99968,100,100061,100,99943,100,100067,100,99939,100,100080,100,99936,100,100081,100,99935,100
2019-06-28 09:30:00.000000099,100016,200,100002,100,100017,100,99997,100,100018,100,99996,200,100023,100,99981,100,100025,100,99976,100,100048,100,99968,100,100061,100,99943,100,100067,100,99939,100,100080,100,99936,100,100081,100,99935,100
2019-06-28 09:30:01.818912115,100016,200,100002,100,100017,100,99997,100,100018,100,99996,200,100023,100,99981,100,100025,100,99976,100,100048,100,99968,100,100061,100,99943,100,100080,100,99939,100,100081,100,99936,100,100086,100,99935,100
2019-06-28 09:30:10.000000000,100016,630,100002,530,100017,100,99997,100,100018,100,99996,200,100023,100,99981,100,100025,100,99976,100,100048,100,99968,100,100061,100,99943,100,100080,100,99939,100,100081,100,99936,100,100086,100,99935,100
2019-06-28 09:30:14.692345699,100016,630,100002,530,100017,100,99997,100,100018,100,99996,200,100023,100,99981,100,100025,100,99976,100,100048,100,99968,100,100061,100,99943,100,100080,100,99939,100,100081,100,99935,100,100086,100,99930,200
2019-06-28 09:30:20.000000000,100016,415,100002,315,100017,315,99997,315,100018,100,99996,200,100023,100,99981,100,100025,100,99976,100,100048,100,99968,100,100061,100,99943,100,100080,100,99939,100,100081,100,99935,100,100086,100,99930,200
2019-06-28 09:30:30.000000000,100016,630,100002,530,100017,100,99997,100,100018,100,99996,200,100023,100,99981,100,100025,100,99976,100,100048,100,99968,100,100061,100,99943,100,100080,100,99939,100,100081,100,99935,100,100086,100,99930,200
2019-06-28 09:30:30.910883180,100016,530,100002,530,100017,100,99997,100,100018,100,99996,200,100023,100,99981,100,100025,100,99976,100,100048,100,99968,100,100061,100,99943,100,100080,100,99939,100,100081,100,99935,100,100086,100,99930,200
2019-06-28 09:30:30.941096096,100016,530,100002,530,100017,100,99997,100,100018,100,99996,200,100023,100,99981,100,100025,100,99976,100,100048,100,99968,100,100061,100,99943,100,100080,100,99939,100,100081,100,99935,100,100086,100,99930,200
2019-06-28 09:30:37.267284695,100016,530,100002,530,100017,100,99997,100,100018,100,99996,200,100023,100,99981,100,100025,100,99976,100,100048,100,99968,100,100061,100,99943,100,100080,100,99935,100,100081,100,99930,200,100086,100,99924,200
2019-06-28 09:30:40.000000000,100016,530,100002,530,100017,100,99997,100,100018,100,99996,200,100023,100,99981,100,100025,100,99976,100,100048,100,99968,100,100061,100,99943,100,100080,100,99935,100,100081,100,99930,200,100086,100,99924,200
2019-06-28 09:30:48.412769208,100016,430,100002,530,100017,100,99997,100,100018,100,99996,200,100023,100,99981,100,100025,100,99976,100,100048,100,99968,100,100061,100,99943,100,100080,100,99935,100,100081,100,99930,200,100086,100,99924,200
2019-06-28 09:30:50.000000000,100017,315,100002,315,100018,315,99997,315,100023,100,99996,200,100025,100,99981,100,100048,100,99976,100,100061,100,99968,100,100080,100,99943,100,100081,100,99935,100,100086,100,99930,200,100094,100,99924,200
2019-06-28 09:31:00.000000000,100017,186,100002,186,100018,186,99997,186,100023,186,99996,286,100025,186,99981,186,100048,186,99976,186,100061,100,99968,100,100080,100,99943,100,100081,100,99935,100,100086,100,99930,200,100094,100,99924,200
2019-06-28 09:31:01.058535258,100017,86,100002,186,100018,186,99997,186,100023,186,99996,286,100025,186,99981,186,100048,186,99976,186,100061,100,99943,100,100080,100,99935,100,100081,100,99930,200,100086,100,99924,200,100094,100,99922,100
2019-06-28 09:31:09.992461199,100017,86,100002,186,100018,186,99997,186,100023,186,99996,286,100025,186,99981,186,100048,186,99976,186,100061,100,99943,100,100080,100,99935,100,100081,100,99930,200,100086,100,99924,200,100094,100,99922,100
2019-06-28 09:31:10.000000000,100018,186,100002,186,100023,186,99997,186,100025,186,99996,286,100048,186,99981,186,100061,186,99976,186,100080,100,99943,100,100081,100,99935,100,100086,100,99930,200,100094,100,99924,200,100097,100,99922,100
2019-06-28 09:31:20.000000000,100018,315,100002,315,100023,315,99997,315,100025,100,99996,200,100048,100,99981,100,100061,100,99976,100,100080,100,99943,100,100081,100,99935,100,100086,100,99930,200,100094,100,99924,200,100097,100,99922,100
2019-06-28 09:31:26.181699898,100018,215,100002,315,100023,315,99997,315,100025,100,99996,200,100048,100,99981,100,100061,100,99976,100,100080,100,99943,100,100081,100,99935,100,100086,100,99930,200,100094,100,99924,200,100097,100,99922,100
2019-06-28 09:31:30.000000000,100023,315,100002,315,100025,315,99997,315,100048,100,99996,200,100061,100,99981,100,100080,100,99976,100,100081,100,99943,100,100086,100,99935,100,100094,100,99930,200,100097,100,99924,200,100107,100,99922,100
2019-06-28 09:31:36.804484162,100023,315,100017,100,100025,315,100002,315,100048,100,99997,315,100061,100,99996,200,100080,100,99981,100,100081,100,99976,100,100086,100,99943,100,100094,100,99935,100,100097,100,99930,200,100107,100,99924,200
2019-06-28 09:31:40.000000000,100023,246,100017,246,100025,242,100002,242,100048,242,99997,242,100061,100,99996,200,100080,100,99981,100,100081,100,99976,100,100086,100,99943,100,100094,100,99935,100,100097,100,99930,200,100107,100,99924,200
2019-06-28 09:31:50.000000000,100023,530,100017,530,100025,100,100002,100,100048,100,99997,100,100061,100,99996,200,100080,100,99981,100,100081,100,99976,100,100086,100,99943,100,100094,100,99935,100,100097,100,99930,200,100107,100,99924,200
2019-06-28 09:32:00.000000000,100023,315,100017,315,100025,315,100002,315,100048,100,99997,100,100061,100,99996,200,100080,100,99981,100,100081,100,99976,100,100086,100,99943,100,100094,100,99935,100,100097,100,99930,200,100107,100,99924,200
2019-06-28 09:32:10.000000000,100023,208,100017,208,100025,208,100002,208,100048,208,99997,208,100061,208,99996,308,100080,100,99981,100,100081,100,99976,100,100086,100,99943,100,100094,100,99935,100,100097,100,99930,200,100107,100,99924,200
2019-06-28 09:32:15.077055447,100023,108,100017,208,100025,208,100002,208,100048,108,99997,208,100061,208,99996,308,100080,100,99981,100,100081,100,99976,100,100086,100,99943,100,100094,100,99935,100,100097,100,99930,200,100107,100,99924,200
2019-06-28 09:32:20.000000000,100025,530,100017,530,100061,100,100002,100,100080,100,99997,100,100081,100,99996,200,100086,100,99981,100,100094,100,99976,100,100097,100,99943,100,100107,100,99935,100,100121,100,99930,200,100141,100,99924,200
2019-06-28 09:32:28.656545721,100025,430,100017,530,100061,100,100002,100,100080,100,99997,100,100081,100,99996,200,100086,100,99976,100,100094,100,99943,100,100097,100,99935,100,100107,100,99930,200,100121,100,99924,200,100141,100,99922,100
2019-06-28 09:32:30.000000000,100061,186,100017,186,100080,186,100002,186,100081,186,99997,186,100086,186,99996,286,100094,186,99976,186,100097,100,99943,100,100107,100,99935,100,100121,100,99930,200,100141,100,99924,200,100166,100,99922,100
2019-06-28 09:32:40.000000000,100061,246,100017,246,100080,242,100002,242,100081,242,99997,242,100086,100,99996,200,100094,100,99976,100,100097,100,99943,100,100107,100,99935,100,100121,100,99930,200,100141,100,99924,200,100166,100,99922,100
2019-06-28 09:32:50.000000000,100061,246,100017,246,100080,242,100002,242,100081,242,99997,242,100086,100,99996,200,100094,100,99976,100,100097,100,99943,100,100107,100,99935,100,100121,100,99930,200,100141,100,99924,200,100166,100,99922,100
2019-06-28 09:33:00.000000000,100061,315,100017,315,100080,315,100002,315,100081,100,99997,100,100086,100,99996,200,100094,100,99976,100,100097,100,99943,100,100107,100,99935,100,100121,100,99930,200,100141,100,99924,200,100166,100,99922,100
2019-06-28 09:33:05.330594377,100061,315,100017,315,100080,315,100002,315,100081,100,99997,100,100086,100,99996,200,100094,100,99976,100,100097,100,99943,100,100107,100,99935,100,100121,100,99930,200,100141,100,99924,200,100166,100,99922,100
2019-06-28 09:33:10.000000000,100061,208,100017,208,100080,208,100002,208,100081,208,99997,208,100086,208,99996,308,100094,100,99976,100,100097,100,99943,100,100107,100,99935,100,100121,100,99930,200,100141,100,99924,200,100166,100,99922,100
2019-06-28 09:33:20.000000000,100061,186,100017,186,100080,186,100002,186,100081,186,99997,186,100086,186,99996,286,100094,186,99976,186,100097,100,99943,100,100107,100,99935,100,100121,100,99930,200,100141,100,99924,200,100166,100,99922,100
2019-06-28 09:33:24.578911816,100061,186,100023,100,100080,186,100017,186,100081,186,100002,186,100086,186,99997,186,100094,186,99996,286,100097,100,99976,186,100107,100,99943,100,100121,100,99935,100,100141,100,99930,200,100166,100,99924,200
2019-06-28 09:33:30.000000000,100061,186,100023,186,100080,186,100017,186,100081,186,100002,186,100086,186,99997,186,100094,186,99996,286,100097,100,99976,100,100107,100,99943,100,100121,100,99935,100,100141,100,99930,200,100166,100,99924,200
2019-06-28 09:33:35.274453707,100061,86,100023,186,100080,186,100017,186,100081,186,100002,186,100086,186,99997,186,100094,186,99996,286,100097,100,99976,100,100107,100,99943,100,100121,100,99935,100,100141,100,99930,200,100166,100,99924,200
2019-06-28 09:33:40.000000000,100080,315,100023,315,100081,315,100017,315,100086,100,100002,100,100094,100,99997,100,100097,100,99996,200,100107,100,99976,100,100121,100,99943,100,100141,100,99935,100,100166,100,99930,200,100198,100,99924,200
2019-06-28 09:33:50.000000000,100080,315,100023,315,100081,315,100017,315,100086,100,100002,100,100094,100,99997,100,100097,100,99996,200,100107,100,99976,100,100121,100,99943,100,100141,100,99935,100,100166,100,99930,200,100198,100,99924,200
2019-06-28 09:34:00.000000000,100080,246,100023,246,100081,242,100017,242,100086,242,100002,242,100094,100,99997,100,100097,100,99996,200,100107,100,99976,100,100121,100,99943,100,100141,100,99935,100,100166,100,99930,200,100198,100,99924,200
2019-06-28 09:34:10.000000000,100080,186,100023,186,100081,186,100017,186,100086,186,100002,186,100094,186,99997,186,100097,186,99996,286,100107,100,99976,100,100121,100,99943,100,100141,100,99935,100,100166,100,99930,200,100198,100,99924,200
2019-06-28 09:34:14.950457538,100080,86,100023,186,100081,186,100017,186,100086,186,100002,186,100094,186,99997,186,100097,186,99996,286,100107,100,99976,100,100121,100,99943,100,100141,100,99935,100,100166,100,99930,200,100198,100,99924,200
2019-06-28 09:34:20.000000000,100081,246,100023,246,100086,242,100017,242,100094,242,100002,242,100097,100,99997,100,100107,100,99996,200,100121,100,99976,100,100141,100,99943,100,100166,100,99935,100,100198,100,99930,200,100209,100,99924,200
2019-06-28 09:34:20.013498961,100081,246,100023,246,100086,242,100017,242,100094,242,100002,242,100097,100,99997,100,100107,100,99996,200,100121,100,99976,100,100141,100,99943,100,100166,100,99935,100,100198,100,99930,200,100209,100,99924,200
2019-06-28 09:34:25.657847429,100081,146,100023,246,100086,242,100017,242,100094,242,100002,242,100097,100,99997,100,100107,100,99996,200,100121,100,99976,100,100141,100,99943,100,100166,100,99935,100,100198,100,99930,200,100209,100,99924,200
2019-06-28 09:34:30.000000000,100086,530,100023,530,100094,100,100017,100,100097,100,100002,100,100107,100,99997,100,100121,100,99996,200,100141,100,99976,100,100166,100,99943,100,100198,100,99935,100,100209,100,99930,200,100646,100,99924,200
2019-06-28 09:34:40.000000000,100086,186,100023,186,100094,186,100017,186,100097,186,100002,186,100107,186,99997,186,100121,186,99996,286,100141,100,99976,100,100166,100,99943,100,100198,100,99935,100,100209,100,99930,200,100646,100,99924,200
2019-06-28 09:34:44.526061261,100086,186,100080,100,100094,186,100023,186,100097,186,100017,186,100107,186,100002,186,100121,186,99997,186,100141,100,99996,286,100166,100,99976,100,100198,100,99943,100,100209,100,99935,100,100646,100,99930,200
2019-06-28 09:34:46.102849247,100086,186,100080,100,100094,186,100023,186,100097,186,100017,186,100107,186,100002,186,100121,186,99997,186,100141,100,99996,286,100166,100,99976,100,100198,100,99943,100,100209,100,99935,100,100646,100,99930,200
2019-06-28 09:34:50.000000000,100086,246,100080,246,100094,242,100023,242,100097,242,100017,242,100107,100,100002,100,100121,100,99997,100,100141,100,99996,200,100166,100,99976,100,100198,100,99943,100,100209,100,99935,100,100646,100,99930,200
2019-06-28 09:34:50.900106173,100086,246,100080,246,100094,242,100023,242,100097,242,100017,242,100107,100,100002,100,100121,100,99997,100,100141,100,99996,200,100166,100,99976,100,100198,100,99943,100,100209,100,99935,100,100646,100,99930,200
2019-06-28 09:34:55.823389168,100086,246,100080,246,100094,242,100023,242,100097,242,100017,242,100107,100,100002,100,100121,100,99997,100,100141,100,99996,200,100166,100,99943,100,100198,100,99935,100,100209,100,99930,200,100646,100,99924,200
2019-06-28 09:35:00.000000000,100086,530,100080,530,100094,100,100023,100,100097,100,100017,100,100107,100,100002,100,100121,100,99997,100,100141,100,99996,200,100166,100,99943,100,100198,100,99935,100,100209,100,99930,200,100646,100,99924,200
2019-06-28 09:35:10.000000000,100086,246,100080,246,100094,242,100023,242,100097,242,100017,242,100107,100,100002,100,100121,100,99997,100,100141,100,99996,200,100166,100,99943,100,100198,100,99935,100,100209,100,99930,200,100646,100,99924,200
2019-06-28 09:35:20.000000000,100086,186,100080,186,100094,186,100023,186,100097,186,100017,186,100107,186,100002,186,100121,186,99997,186,100141,100,99996,200,100166,100,99943,100,100198,100,99935,100,100209,100,99930,200,100646,100,99924,200
2019-06-28 09:35:30.000000000,100086,246,100080,246,100094,242,100023,242,100097,242,100017,242,100107,100,100002,100,100121,100,99997,100,100141,100,99996,200,100166,100,99943,100,100198,100,99935,100,100209,100,99930,200,100646,100,99924,200
2019-06-28 09:35:40.000000000,100086,315,100080,315,100094,315,100023,315,100097,100,100017,100,100107,100,100002,100,100121,100,99997,100,100141,100,99996,200,100166,100,99943,100,100198,100,99935,100,100209,100,99930,200,100646,100,99924,200
2019-06-28 09:35:50.000000000,100086,186,100080,186,100094,186,100023,186,100097,186,100017,186,100107,186,100002,186,100121,186,99997,186,100141,100,99996,200,100166,100,99943,100,100198,100,99935,100,100209,100,99930,200,100646,100,99924,200
2019-06-28 09:35:51.351528441,100086,186,100080,186,100094,186,100023,186,100097,186,100017,186,100107,186,100002,186,100121,186,99997,186,100141,100,99996,200,100166,100,99943,100,100198,100,99935,100,100209,100,99930,200,100646,100,99924,100
2019-06-28 09:36:00.000000000,100086,530,100080,530,100094,100,100023,100,100097,100,100017,100,100107,100,100002,100,100121,100,99997,100,100141,100,99996,200,100166,100,99943,100,100198,100,99935,100,100209,100,99930,200,100646,100,99924,100
2019-06-28 09:36:05.873330431,100086,530,100080,530,100094,100,100023,100,100097,100,100017,100,100107,100,100002,100,100121,100,99997,100,100141,100,99996,200,100166,100,99943,100,100198,100,99935,100,100209,100,99930,100,100646,100,99924,100
2019-06-28 09:36:06.526593916,100086,430,100080,530,100094,100,100023,100,100097,100,100017,100,100107,100,100002,100,100121,100,99997,100,100141,100,99996,200,100166,100,99943,100,100198,100,99935,100,100209,100,99930,100,100646,100,99924,100
2019-06-28 09:36:10.000000000,100094,315,100080,315,100097,315,100023,315,100107,100,100017,100,100121,100,100002,100,100141,100,99997,100,100166,100,99996,200,100198,100,99943,100,100209,100,99935,100,100646,100,99930,100,100665,100,99924,100
2019-06-28 09:36:11.463010057,100094,215,100080,315,100097,315,100023,315,100107,100,100017,100,100121,100,100002,100,100141,100,99997,100,100166,100,99996,200,100198,100,99943,100,100209,100,99935,100,100646,100,99930,100,100665,100,99924,100
2019-06-28 09:36:20.000000000,100097,315,100080,315,100107,315,100023,315,100121,100,100017,100,100141,100,100002,100,100166,100,99997,100,100198,100,99996,200,100209,100,99943,100,100646,100,99935,100,100665,100,99930,100,100706,100,99924,100
2019-06-28 09:36:20.694008356,100097,215,100080,315,100107,315,100023,315,100121,100,100017,100,100141,100,100002,100,100166,100,99997,100,100198,100,99996,200,100209,100,99943,100,100646,100,99935,100,100665,100,99930,100,100706,100,99924,100
2019-06-28 09:36:24.509356469,100097,215,100080,315,100107,315,100023,315,100121,100,100017,100,100141,100,100002,100,100166,100,99997,100,100198,100,99996,200,100209,100,99943,100,100384,100,99935,100,100646,100,99930,100,100665,100,99924,100
2019-06-28 09:36:25.967633479,100097,115,100080,315,100107,315,100023,315,100121,100,100017,100,100141,100,100002,100,100166,100,99997,100,100198,100,99996,200,100209,100,99943,100,100384,100,99935,100,100646,100,99930,100,100665,100,99924,100
2019-06-28 09:36:30.000000000,100107,315,100080,315,100121,315,100023,315,100141,100,100017,100,100166,100,100002,100,100198,100,99997,100,100209,100,99996,200,100384,100,99943,100,100646,100,99935,100,100665,100,99930,100,100706,100,99924,100
2019-06-28 09:36:40.000000000,100107,208,100080,208,100121,208,100023,208,100141,208,100017,208,100166,208,100002,208,100198,100,99997,100,100209,100,99996,200,100384,100,99943,100,100646,100,99935,100,100665,100,99930,100,100706,100,99924,100
2019-06-28 09:36:40.215372564,100107,208,100080,208,100121,208,100023,208,100141,208,100017,208,100166,208,100002,208,100198,100,99997,100,100209,100,99996,200,100255,100,99943,100,100384,100,99935,100,100646,100,99930,100,100665,100,99924,100
2019-06-28 09:36:44.301605072,100107,208,100080,208,100121,208,100023,108,100141,208,100017,208,100166,208,100002,208,100198,100,99997,100,100209,100,99996,200,100255,100,99943,100,100384,100,99935,100,100646,100,99930,100,100665,100,99924,100
2019-06-28 09:36:45.402664101,100107,108,100080,208,100121,208,100023,108,100141,208,100017,208,100166,208,100002,208,100198,100,99997,100,100209,100,99996,200,100255,100,99943,100,100384,100,99935,100,100646,100,99930,100,100665,100,99924,100
2019-06-28 09:36:50.000000000,100121,186,100080,186,100141,186,100017,186,100166,186,100002,186,100198,186,99997,186,100209,186,99996,286,100255,100,99943,100,100384,100,99935,100,100646,100,99930,100,100665,100,99924,100,100706,100,99921,100
2019-06-28 09:37:00.000000000,100121,186,100080,186,100141,186,100017,186,100166,186,100002,186,100198,186,99997,186,100209,186,99996,286,100255,100,99943,100,100384,100,99935,100,100646,100,99930,100,100665,100,99924,100,100706,100,99921,100
2019-06-28 09:37:10.000000000,100121,186,100080,186,100141,186,100017,186,100166,186,100002,186,100198,186,99997,186,100209,186,99996,286,100255,100,99943,100,100384,100,99935,100,100646,100,99930,100,100665,100,99924,100,100706,100,99921,100
2019-06-28 09:37:15.512711725,100121,186,100080,186,100141,186,100017,186,100166,186,100002,186,100198,186,99997,186,100209,186,99996,286,100255,100,99943,100,100384,100,99930,100,100646,100,99924,100,100665,100,99921,100,100706,100,99917,100
2019-06-28 09:37:20.000000000,100121,208,100080,208,100141,208,100017,208,100166,208,100002,208,100198,208,99997,208,100209,100,99996,200,100255,100,99943,100,100384,100,99930,100,100646,100,99924,100,100665,100,99921,100,100706,100,99917,100
2019-06-28 09:37:30.000000000,100121,208,100080,208,100141,208,100017,208,100166,208,100002,208,100198,208,99997,208,100209,100,99996,200,100255,100,99943,100,100384,100,99930,100,100646,100,99924,100,100665,100,99921,100,100706,100,99917,100
2019-06-28 09:37:40.000000000,100121,208,100080,208,100141,208,100017,208,100166,208,100002,208,100198,208,99997,208,100209,100,99996,200,100255,100,99943,100,100384,100,99930,100,100646,100,99924,100,100665,100,99921,100,100706,100,99917,100
2019-06-28 09:37:50.000000000,100121,186,100080,186,100141,186,100017,186,100166,186,100002,186,100198,186,99997,186,100209,186,99996,286,100255,100,99943,100,100384,100,99930,100,100646,100,99924,100,100665,100,99921,100,100706,100,99917,100
2019-06-28 09:38:00.000000000,100121,530,100080,530,100141,100,100017,100,100166,100,100002,100,100198,100,99997,100,100209,100,99996,200,100255,100,99943,100,100384,100,99930,100,100646,100,99924,100,100665,100,99921,100,100706,100,99917,100
2019-06-28 09:38:10.000000000,100121,246,100080,246,100141,242,100017,242,100166,242,100002,242,100198,100,99997,100,100209,100,99996,200,100255,100,99943,100,100384,100,99930,100,100646,100,99924,100,100665,100,99921,100,100706,100,99917,100
2019-06-28 09:38:13.862701726,100121,146,100080,246,100141,242,100017,242,100166,242,100002,242,100198,100,99997,100,100209,100,99996,200,100255,100,99943,100,100384,100,99930,100,100646,100,99924,100,100665,100,99921,100,100706,100,99917,100
2019-06-28 09:38:20.000000000,100141,246,100080,246,100166,242,100017,242,100198,242,100002,242,100209,100,99997,100,100255,100,99996,200,100384,100,99943,100,100646,100,99930,100,100665,100,99924,100,100706,100,99921,100,100711,100,99917,100
2019-06-28 09:38:29.771011796,100141,246,100080,246,100166,242,100017,242,100198,242,100002,242,100209,100,99997,100,100255,100,99996,200,100384,100,99943,100,100646,100,99930,100,100665,100,99921,100,100706,100,99917,100,100711,100,99907,100
2019-06-28 09:38:30.000000000,100141,246,100080,246,100166,242,100017,242,100198,242,100002,242,100209,100,99997,100,100255,100,99996,200,100384,100,99943,100,100646,100,99930,100,100665,100,99921,100,100706,100,99917,100,100711,100,99907,100
2019-06-28 09:38:33.967537109,100141,246,100107,100,100166,242,100080,246,100198,242,100017,242,100209,100,100002,242,100255,100,99997,100,100384,100,99996,200,100646,100,99943,100,100665,100,99930,100,100706,100,99921,100,100711,100,99917,100
2019-06-28 09:38:34.609330249,100141,246,100107,200,100166,242,100080,246,100198,242,100017,242,100209,100,100002,242,100255,100,99997,100,100384,100,99996,100,100646,100,99943,100,100665,100,99930,100,100706,100,99921,100,100711,100,99917,100
2019-06-28 09:38:34.715378196,100141,246,100107,300,100166,242,100080,246,100198,242,100017,242,100209,100,100002,242,100255,100,99997,100,100384,100,99996,100,100646,100,99943,100,100665,100,99930,100,100706,100,99921,100,100711,100,99917,100
2019-06-28 09:38:40.000000000,100141,208,100107,408,100166,208,100080,208,100198,208,100017,208,100209,208,100002,208,100255,100,99997,100,100384,100,99996,100,100646,100,99943,100,100665,100,99930,100,100706,100,99921,100,100711,100,99917,100
2019-06-28 09:38:50.000000000,100141,530,100107,730,100166,100,100080,100,100198,100,100017,100,100209,100,100002,100,100255,100,99997,100,100384,100,99996,100,100646,100,99943,100,100665,100,99930,100,100706,100,99921,100,100711,100,99917,100
2019-06-28 09:39:00.000000000,100141,246,100107,446,100166,242,100080,242,100198,242,100017,242,100209,100,100002,100,100255,100,99997,100,100384,100,99996,100,100646,100,99943,100,100665,100,99930,100,100706,100,99921,100,100711,100,99917,100
2019-06-28 09:39:10.000000000,100141,208,100107,408,100166,208,100080,208,100198,208,100017,208,100209,208,100002,208,100255,100,99997,100,100384,100,99996,100,100646,100,99943,100,100665,100,99930,100,100706,100,99921,100,100711,100,99917,100
2019-06-28 09:39:20.000000000,100141,186,100107,386,100166,186,100080,186,100198,186,100017,186,100209,186,100002,186,100255,186,99997,186,100384,100,99996,100,100646,100,99943,100,100665,100,99930,100,100706,100,99921,100,100711,100,99917,100
2019-06-28 09:39:30.000000000,100141,208,100107,408,100166,208,100080,208,100198,208,100017,208,100209,208,100002,208,100255,100,99997,100,100384,100,99996,100,100646,100,99943,100,100665,100,99930,100,100706,100,99921,100,100711,100,99917,100
2019-06-28 09:39:38.723131958,100141,208,100107,408,100166,208,100080,208,100198,208,100017,208,100209,208,100002,208,100255,100,99997,100,100384,100,99996,100,100646,100,99943,100,100665,100,99930,100,100706,100,99921,100,100711,100,99917,100
2019-06-28 09:39:40.000000000,100141,315,100107,515,100166,315,100080,315,100198,100,100017,100,100209,100,100002,100,100255,100,99997,100,100384,100,99996,100,100646,100,99943,100,100665,100,99930,100,100706,100,99921,100,100711,100,99917,100
2019-06-28 09:39:43.116765705,100141,315,100107,415,100166,315,100080,315,100198,100,100017,100,100209,100,100002,100,100255,100,99997,100,100384,100,99996,100,100646,100,99943,100,100665,100,99930,100,100706,100,99921,100,100711,100,99917,100
2019-06-28 09:39:43.250252613,100141,315,100107,415,100166,315,100080,315,100198,100,100017,100,100209,100,100002,100,100255,100,99997,100,100384,100,99996,100,100646,100,99930,100,100665,100,99921,100,100706,100,99917,100,100711,100,99907,100
2019-06-28 09:39:50.000000000,100141,530,100107,630,100166,100,100080,100,100198,100,100017,100,100209,100,100002,100,100255,100,99997,100,100384,100,99996,100,100646,100,99930,100,100665,100,99921,100,100706,100,99917,100,100711,100,99907,100
2019-06-28 09:40:00.000000000,100141,208,100107,308,100166,208,100080,208,100198,208,100017,208,100209,208,100002,208,100255,100,99997,100,100384,100,99996,100,100646,100,99930,100,100665,100,99921,100,100706,100,99917,100,100711,100,99907,100
2019-06-28 09:40:06.764037176,100141,208,100107,208,100166,208,100080,208,100198,208,100017,208,100209,208,100002,208,100384,100,99997,100,100646,100,99996,100,100665,100,99930,100,100706,100,99921,100,100711,100,99917,100,100881,100,99907,100
2019-06-28 09:40:10.000000000,100141,246,100107,246,100166,242,100080,242,100198,242,100017,242,100209,100,100002,100,100384,100,99997,100,100646,100,99996,100,100665,100,99930,100,100706,100,99921,100,100711,100,99917,100,100881,100,99907,100
2019-06-28 09:40:20.000000000,100141,208,100107,208,100166,208,100080,208,100198,208,100017,208,100209,208,100002,208,100384,100,99997,100,100646,100,99996,100,100665,100,99930,100,100706,100,99921,100,100711,100,99917,100,100881,100,99907,100
2019-06-28 09:40:21.315617438,100141,208,100107,208,100166,208,100080,208,100198,208,100017,208,100209,208,100002,208,100384,100,99997,100,100646,100,99996,100,100665,100,99930,100,100706,100,99921,100,100711,100,99917,100,100881,100,99907,100
2019-06-28 09:40:22.414700841,100141,208,100107,108,100166,208,100080,208,100198,208,100017,208,100209,208,100002,208,100384,100,99997,100,100646,100,99996,100,100665,100,99930,100,100706,100,99921,100,100711,100,99917,100,100881,100,99907,100
2019-06-28 09:40:28.975262569,100141,208,100107,108,100166,208,100080,208,100198,208,100017,208,100209,208,100002,208,100384,100,99997,100,100646,100,99996,100,100665,100,99930,100,100706,100,99921,100,100711,100,99917,100,100881,100,99907,100
2019-06-28 09:40:30.000000000,100141,246,100080,246,100166,242,100017,242,100198,242,100002,242,100209,100,99997,100,100384,100,99996,100,100646,100,99930,100,100665,100,99921,100,100706,100,99917,100,100711,100,99907,100,100881,100,99901,100
2019-06-28 09:40:30.106470305,100107,100,100080,246,100141,246,100017,242,100166,242,100002,242,100198,242,99997,100,100209,100,99996,100,100384,100,99930,100,100646,100,99921,100,100665,100,99917,100,100706,100,99907,100,100711,100,99901,100
2019-06-28 09:40:40.000000000,100107,315,100080,315,100141,315,100017,315,100166,100,100002,100,100198,100,99997,100,100209,100,99996,100,100384,100,99930,100,100646,100,99921,100,100665,100,99917,100,100706,100,99907,100,100711,100,99901,100
2019-06-28 09:40:50.000000000,100107,530,100080,530,100141,100,100017,100,100166,100,100002,100,100198,100,99997,100,100209,100,99996,100,100384,100,99930,100,100646,100,99921,100,100665,100,99917,100,100706,100,99907,100,100711,100,99901,100
2019-06-28 09:41:00.000000000,100107,315,100080,315,100141,315,100017,315,100166,100,100002,100,100198,100,99997,100,100209,100,99996,100,100384,100,99930,100,100646,100,99921,100,100665,100,99917,100,100706,100,99907,100,100711,100,99901,100
2019-06-28 09:41:10.000000000,100107,186,100080,186,100141,186,100017,186,100166,186,100002,186,100198,186,99997,186,100209,186,99996,186,100384,100,99930,100,100646,100,99921,100,100665,100,99917,100,100706,100,99907,100,100711,100,99901,100
2019-06-28 09:41:12.945696772,100107,86,100080,186,100141,186,100017,186,100166,186,100002,186,100198,186,99997,186,100209,186,99996,186,100384,100,99930,100,100646,100,99921,100,100665,100,99917,100,100706,100,99907,100,100711,100,99901,100
2019-06-28 09:41:20.000000000,100141,246,100080,246,100166,242,100017,242,100198,242,100002,242,100209,100,99997,100,100384,100,99996,100,100646,100,99930,100,100665,100,99921,100,100706,100,99917,100,100711,100,99907,100,100881,100,99901,100
2019-06-28 09:41:22.051662317,100141,246,100080,246,100153,100,100017,242,100166,242,100002,142,100198,242,99997,100,100209,100,99996,100,100384,100,99930,100,100646,100,99921,100,100665,100,99917,100,100706,100,99907,100,100711,100,99901,100
2019-06-28 09:41:29.222936737,100141,246,100080,246,100153,100,100017,242,100166,242,100002,142,100198,242,99997,100,100209,100,99996,100,100332,100,99930,100,100384,100,99921,100,100646,100,99917,100,100665,100,99907,100,100706,100,99901,100
2019-06-28 09:41:30.000000000,100141,208,100080,208,100153,208,100017,208,100166,208,99997,208,100198,208,99996,208,100209,100,99930,100,100332,100,99921,100,100384,100,99917,100,100646,100,99907,100,100665,100,99901,100,100706,100,99863,100
2019-06-28 09:41:34.497285592,100141,208,100080,208,100153,208,100017,208,100166,208,99997,208,100198,208,99996,208,100209,100,99930,100,100332,100,99921,100,100338,100,99917,100,100384,100,99907,100,100646,100,99901,100,100665,100,99863,100
2019-06-28 09:41:35.815468536,100141,208,100080,208,100153,208,100017,208,100166,208,99997,208,100198,208,99996,208,100209,100,99930,100,100324,100,99921,100,100332,100,99917,100,100338,100,99907,100,100384,100,99901,100,100646,100,99863,100
2019-06-28 09:41:36.403570638,100141,208,100080,108,100153,208,100017,208,100166,208,99997,208,100198,208,99996,208,100209,100,99930,100,100324,100,99921,100,100332,100,99917,100,100338,100,99907,100,100384,100,99901,100,100646,100,99863,100
2019-06-28 09:41:40.000000000,100141,186,100017,186,100153,186,99997,186,100166,186,99996,186,100198,186,99930,186,100209,186,99921,186,100324,100,99917,100,100332,100,99907,100,100338,100,99901,100,100384,100,99863,100,100646,100,99843,100
2019-06-28 09:41:50.000000000,100141,315,100017,315,100153,315,99997,315,100166,100,99996,100,100198,100,99930,100,100209,100,99921,100,100324,100,99917,100,100332,100,99907,100,100338,100,99901,100,100384,100,99863,100,100646,100,99843,100
2019-06-28 09:41:52.663727796,100141,315,100017,315,100153,315,99997,315,100166,100,99996,100,100198,100,99930,100,100209,100,99921,100,100225,100,99917,100,100324,100,99907,100,100332,100,99901,100,100338,100,99863,100,100384,100,99843,100
2019-06-28 09:42:00.000000000,100141,246,100017,246,100153,242,99997,242,100166,242,99996,242,100198,100,99930,100,100209,100,99921,100,100225,100,99917,100,100324,100,99907,100,100332,100,99901,100,100338,100,99863,100,100384,100,99843,100
2019-06-28 09:42:06.755813052,100141,246,100101,100,100153,242,100017,246,100166,242,99997,242,100198,100,99996,242,100209,100,99930,100,100225,100,99921,100,100324,100,99917,100,100332,100,99907,100,100338,100,99901,100,100384,100,99863,100
2019-06-28 09:42:07.046973095,100141,246,100101,100,100153,242,100017,246,100166,242,99997,242,100198,100,99996,242,100209,100,99930,100,100225,100,99921,100,100324,100,99917,100,100332,100,99907,100,100338,100,99901,100,100384,100,99863,100
2019-06-28 09:42:10.000000000,100141,186,100101,186,100153,186,100017,186,100166,186,99997,186,100198,186,99996,186,100209,186,99930,186,100225,100,99921,100,100324,100,99917,100,100332,100,99907,100,100338,100,99901,100,100384,100,99863,100
2019-06-28 09:42:11.147000627,100141,186,100101,186,100153,186,100081,100,100166,186,100017,186,100198,186,99997,186,100209,186,99996,186,100225,100,99930,186,100324,100,99921,100,100332,100,99917,100,100338,100,99907,100,100384,100,99901,100
2019-06-28 09:42:20.000000000,100141,246,100101,246,100153,242,100081,242,100166,242,100017,242,100198,100,99997,100,100209,100,99996,100,100225,100,99930,100,100324,100,99921,100,100332,100,99917,100,100338,100,99907,100,100384,100,99901,100
2019-06-28 09:42:30.000000000,100141,246,100101,246,100153,242,100081,242,100166,242,100017,242,100198,100,99997,100,100209,100,99996,100,100225,100,99930,100,100324,100,99921,100,100332,100,99917,100,100338,100,99907,100,100384,100,99901,100
2019-06-28 09:42:30.592037067,100128,100,100101,246,100141,246,100081,242,100153,242,100017,242,100166,242,99997,100,100198,100,99996,100,100209,100,99930,100,100225,100,99921,100,100324,100,99917,100,100332,100,99907,100,100338,100,99901,100
2019-06-28 09:42:38.568585253,100128,100,100101,146,100141,246,100081,242,100153,242,100017,242,100166,242,99997,100,100198,100,99996,100,100209,100,99930,100,100225,100,99921,100,100324,100,99917,100,100338,100,99907,100,100384,100,99901,100
2019-06-28 09:42:40.000000000,100128,530,100081,530,100141,100,100017,100,100153,100,99997,100,100166,100,99996,100,100198,100,99930,100,100209,100,99921,100,100225,100,99917,100,100324,100,99907,100,100338,100,99901,100,100384,100,99863,100
2019-06-28 09:42:40.955230416,100128,530,100081,530,100141,100,99997,100,100153,100,99996,100,100166,100,99930,100,100198,100,99921,100,100209,100,99917,100,100225,100,99907,100,100324,100,99901,100,100338,100,99863,100,100384,100,99843,100
2019-06-28 09:42:40.968810738,100128,530,100081,530,100141,100,99997,100,100153,100,99996,100,100166,100,99930,100,100198,100,99921,100,100209,100,99917,100,100225,100,99907,100,100324,100,99901,100,100338,100,99863,100,100384,100,99843,100
2019-06-28 09:42:50.000000000,100128,246,100081,246,100141,242,99997,242,100153,242,99996,242,100166,100,99930,100,100198,100,99921,100,100209,100,99917,100,100225,100,99907,100,100324,100,99901,100,100338,100,99863,100,100384,100,99843,100
2019-06-28 09:43:00.000000000,100128,208,100081,208,100141,208,99997,208,100153,208,99996,208,100166,208,99930,208,100198,100,99921,100,100209,100,99917,100,100225,100,99907,100,100324,100,99901,100,100338,100,99863,100,100384,100,99843,100
2019-06-28 09:43:10.000000000,100128,186,100081,186,100141,186,99997,186,100153,186,99996,186,100166,186,99930,186,100198,186,99921,186,100209,100,99917,100,100225,100,99907,100,100324,100,99901,100,100338,100,99863,100,100384,100,99843,100
2019-06-28 09:43:20.000000000,100128,186,100081,186,100141,186,99997,186,100153,186,99996,186,100166,186,99930,186,100198,186,99921,186,100209,100,99917,100,100225,100,99907,100,100324,100,99901,100,100338,100,99863,100,100384,100,99843,100
2019-06-28 09:43:30.000000000,100128,530,100081,530,100141,100,99997,100,100153,100,99996,100,100166,100,99930,100,100198,100,99921,100,100209,100,99917,100,100225,100,99907,100,100324,100,99901,100,100338,100,99863,100,100384,100,99843,100
2019-06-28 09:43:38.486404600,100128,530,100081,530,100141,100,99997,100,100153,100,99996,100,100166,100,99930,100,100198,100,99921,100,100209,100,99917,100,100225,100,99907,100,100324,100,99901,100,100384,100,99896,100,100492,100,99863,100
2019-06-28 09:43:39.050860831,100101,100,100081,530,100128,530,99997,100,100141,100,99996,100,100153,100,99930,100,100166,100,99921,100,100198,100,99917,100,100209,100,99907,100,100225,100,99901,100,100324,100,99896,100,100384,100,99863,100
2019-06-28 09:43:40.000000000,100101,530,100081,530,100128,100,99997,100,100141,100,99996,100,100153,100,99930,100,100166,100,99921,100,100198,100,99917,100,100209,100,99907,100,100225,100,99901,100,100324,100,99896,100,100384,100,99863,100
2019-06-28 09:43:50.000000000,100101,530,100081,530,100128,100,99997,100,100141,100,99996,100,100153,100,99930,100,100166,100,99921,100,100198,100,99917,100,100209,100,99907,100,100225,100,99901,100,100324,100,99896,100,100384,100,99863,100
2019-06-28 09:44:00.000000000,100101,246,100081,246,100128,242,99997,242,100141,242,99996,242,100153,100,99930,100,100166,100,99921,100,100198,100,99917,100,100209,100,99907,100,100225,100,99901,100,100324,100,99896,100,100384,100,99863,100
2019-06-28 09:44:03.711738723,100101,246,100081,246,100128,242,99997,242,100141,242,99996,242,100153,100,99930,100,100166,100,99921,100,100198,100,99917,100,100209,100,99907,100,100225,100,99901,100,100324,100,99896,100,100384,100,99863,100
2019-06-28 09:44:10.000000000,100101,208,100081,208,100128,208,99997,208,100141,208,99996,208,100153,208,99930,208,100166,100,99921,100,100198,100,99917,100,100209,100,99907,100,100225,100,99901,100,100324,100,99896,100,100384,100,99863,100
2019-06-28 09:44:13.048844038,100101,208,100081,108,100128,208,99997,208,100141,108,99996,208,100153,208,99930,208,100166,100,99921,100,100198,100,99917,100,100209,100,99907,100,100225,100,99901,100,100324,100,99896,100,100384,100,99863,100
2019-06-28 09:44:20.000000000,100101,246,99997,246,100128,242,99996,242,100153,242,99930,242,100166,100,99921,100,100198,100,99917,100,100209,100,99907,100,100225,100,99901,100,100324,100,99896,100,100384,100,99863,100,100492,100,99843,100
2019-06-28 09:44:30.000000000,100101,246,99997,246,100128,242,99996,242,100153,242,99930,242,100166,100,99921,100,100198,100,99917,100,100209,100,99907,100,100225,100,99901,100,100324,100,99896,100,100384,100,99863,100,100492,100,99843,100
2019-06-28 09:44:32.784237278,100101,246,99997,246,100128,242,99996,242,100153,242,99930,242,100166,100,99921,100,100198,100,99917,100,100209,100,99907,100,100225,100,99901,100,100324,100,99896,100,100384,100,99843,100,100492,100,99781,100
2019-06-28 09:44:40.000000000,100101,208,99997,208,100128,208,99996,208,100153,208,99930,208,100166,208,99921,208,100198,100,99917,100,100209,100,99907,100,100225,100,99901,100,100324,100,99896,100,100384,100,99843,100,100492,100,99781,100
2019-06-28 09:44:50.000000000,100101,246,99997,246,100128,242,99996,242,100153,242,99930,242,100166,100,99921,100,100198,100,99917,100,100209,100,99907,100,100225,100,99901,100,100324,100,99896,100,100384,100,99843,100,100492,100,99781,100
2019-06-28 09:44:54.514039881,100101,246,99997,246,100128,242,99996,242,100153,242,99930,242,100166,100,99921,100,100198,100,99917,100,100209,100,99907,100,100225,100,99901,100,100324,100,99896,100,100384,100,99843,100,100492,100,99781,100
2019-06-28 09:45:00.000000000,100101,186,99997,186,100128,186,99996,186,100153,186,99930,186,100166,186,99921,186,100198,186,99917,186,100209,100,99907,100,100225,100,99901,100,100324,100,99896,100,100384,100,99843,100,100492,100,99781,100
2019-06-28 09:45:10.000000000,100101,315,99997,315,100128,315,99996,315,100153,100,99930,100,100166,100,99921,100,100198,100,99917,100,100209,100,99907,100,100225,100,99901,100,100324,100,99896,100,100384,100,99843,100,100492,100,99781,100
2019-06-28 09:45:20.000000000,100101,530,99997,530,100128,100,99996,100,100153,100,99930,100,100166,100,99921,100,100198,100,99917,100,100209,100,99907,100,100225,100,99901,100,100324,100,99896,100,100384,100,99843,100,100492,100,99781,100
2019-06-28 09:45:27.996009804,100100,100,99997,530,100101,530,99996,100,100128,100,99930,100,100153,100,99921,100,100166,100,99917,100,100198,100,99907,100,100209,100,99901,100,100225,100,99896,100,100324,100,99843,100,100384,100,99781,100
2019-06-28 09:45:30.000000000,100100,315,99997,315,100101,315,99996,315,100128,100,99930,100,100153,100,99921,100,100166,100,99917,100,100198,100,99907,100,100209,100,99901,100,100225,100,99896,100,100324,100,99843,100,100384,100,99781,100
2019-06-28 09:45:40.000000000,100100,246,99997,246,100101,242,99996,242,100128,242,99930,242,100153,100,99921,100,100166,100,99917,100,100198,100,99907,100,100209,100,99901,100,100225,100,99896,100,100324,100,99843,100,100384,100,99781,100
2019-06-28 09:45:50.000000000,100100,530,99997,530,100101,100,99996,100,100128,100,99930,100,100153,100,99921,100,100166,100,99917,100,100198,100,99907,100,100209,100,99901,100,100225,100,99896,100,100324,100,99843,100,100384,100,99781,100
2019-06-28 09:46:00.000000000,100100,186,99997,186,100101,186,99996,186,100128,186,99930,186,100153,186,99921,186,100166,186,99917,186,100198,100,99907,100,100209,100,99901,100,100225,100,99896,100,100324,100,99843,100,100384,100,99781,100
2019-06-28 09:46:10.000000000,100100,186,99997,186,100101,186,99996,186,100128,186,99930,186,100153,186,99921,186,100166,186,99917,186,100198,100,99907,100,100209,100,99901,100,100225,100,99896,100,100324,100,99843,100,100384,100,99781,100
2019-06-28 09:46:10.219564838,100100,186,99997,186,100101,186,99996,186,100128,186,99930,186,100153,186,99921,186,100166,186,99917,186,100198,100,99907,100,100209,100,99901,100,100225,100,99896,100,100299,100,99843,100,100324,100,99781,100
2019-06-28 09:46:16.652940885,100100,286,99997,186,100101,186,99996,186,100128,186,99930,186,100153,186,99921,186,100166,186,99917,186,100198,100,99907,100,100209,100,99901,100,100225,100,99896,100,100299,100,99843,100,100324,100,99781,100
2019-06-28 09:46:20.000000000,100100,415,99997,315,100101,315,99996,315,100128,100,99930,100,100153,100,99921,100,100166,100,99917,100,100198,100,99907,100,100209,100,99901,100,100225,100,99896,100,100299,100,99843,100,100324,100,99781,100
2019-06-28 09:46:30.000000000,100100,286,99997,186,100101,186,99996,186,100128,186,99930,186,100153,186,99921,186,100166,186,99917,186,100198,100,99907,100,100209,100,99901,100,100225,100,99896,100,100299,100,99843,100,100324,100,99781,100
2019-06-28 09:46:40.000000000,100100,630,99997,530,100101,100,99996,100,100128,100,99930,100,100153,100,99921,100,100166,100,99917,100,100198,100,99907,100,100209,100,99901,100,100225,100,99896,100,100299,100,99843,100,100324,100,99781,100
2019-06-28 09:46:50.000000000,100100,346,99997,246,100101,242,99996,242,100128,242,99930,242,100153,100,99921,100,100166,100,99917,100,100198,100,99907,100,100209,100,99901,100,100225,100,99896,100,100299,100,99843,100,100324,100,99781,100
2019-06-28 09:46:53.093899767,100100,346,99997,246,100101,242,99996,242,100128,242,99930,242,100153,100,99921,100,100155,100,99917,100,100166,100,99907,100,100198,100,99901,100,100209,100,99896,100,100225,100,99843,100,100299,100,99781,100
2019-06-28 09:46:58.787715479,100100,346,99997,246,100101,242,99996,242,100128,242,99930,242,100153,100,99921,100,100155,100,99917,100,100166,100,99907,100,100198,100,99901,100,100209,100,99896,100,100225,100,99843,100,100299,100,99781,100
2019-06-28 09:47:00.000000000,100100,630,99997,530,100101,100,99996,100,100128,100,99930,100,100153,100,99921,100,100155,100,99917,100,100166,100,99907,100,100198,100,99901,100,100209,100,99896,100,100225,100,99843,100,100299,100,99781,100
2019-06-28 09:47:09.718901242,100100,630,99997,530,100101,100,99996,100,100128,100,99930,100,100153,100,99921,100,100155,100,99917,100,100166,100,99907,100,100174,100,99901,100,100198,100,99896,100,100209,100,99781,100,100225,100,99772,100
2019-06-28 09:47:10.000000000,100100,286,99997,186,100101,186,99996,186,100128,186,99930,186,100153,186,99921,186,100155,186,99917,186,100166,100,99907,100,100174,100,99901,100,100198,100,99896,100,100209,100,99781,100,100225,100,99772,100
2019-06-28 09:47:20.000000000,100100,630,99997,530,100101,100,99996,100,100128,100,99930,100,100153,100,99921,100,100155,100,99917,100,100166,100,99907,100,100174,100,99901,100,100198,100,99896,100,100209,100,99781,100,100225,100,99772,100
2019-06-28 09:47:30.000000000,100100,308,99997,208,100101,208,99996,208,100128,208,99930,208,100153,208,99921,208,100155,100,99917,100,100166,100,99907,100,100174,100,99901,100,100198,100,99896,100,100209,100,99781,100,100225,100,99772,100
2019-06-28 09:47:34.393447376,100100,208,99997,208,100101,208,99996,208,100128,208,99930,208,100153,208,99921,208,100155,100,99917,100,100166,100,99907,100,100174,100,99901,100,100198,100,99896,100,100209,100,99781,100,100225,100,99772,100
2019-06-28 09:47:35.758121724,100100,108,99997,208,100101,208,99996,208,100128,208,99930,208,100153,208,99921,208,100155,100,99917,100,100166,100,99907,100,100174,100,99901,100,100198,100,99896,100,100209,100,99781,100,100225,100,99772,100
2019-06-28 09:47:40.000000000,100101,246,99997,246,100128,242,99996,242,100153,242,99930,242,100155,100,99921,100,100166,100,99917,100,100174,100,99907,100,100198,100,99901,100,100209,100,99896,100,100225,100,99781,100,100299,100,99772,100
2019-06-28 09:47:40.243738720,100101,246,99997,246,100128,242,99996,242,100153,242,99930,242,100155,100,99921,100,100166,100,99917,100,100174,100,99907,100,100198,100,99901,100,100209,100,99896,100,100225,100,99859,100,100299,100,99781,100
2019-06-28 09:47:50.000000000,100101,186,99997,186,100128,186,99996,186,100153,186,99930,186,100155,186,99921,186,100166,186,99917,186,100174,100,99907,100,100198,100,99901,100,100209,100,99896,100,100225,100,99859,100,100299,100,99781,100
2019-06-28 09:48:00.000000000,100101,530,99997,530,100128,100,99996,100,100153,100,99930,100,100155,100,99921,100,100166,100,99917,100,100174,100,99907,100,100198,100,99901,100,100209,100,99896,100,100225,100,99859,100,100299,100,99781,100
2019-06-28 09:48:09.612274973,100101,530,100027,100,100128,100,99997,530,100153,100,99996,100,100155,100,99930,100,100166,100,99921,100,100174,100,99917,100,100198,100,99907,100,100209,100,99901,100,100225,100,99896,100,100299,100,99859,100
2019-06-28 09:48:10.000000000,100101,246,100027,246,100128,242,99997,242,100153,242,99996,242,100155,100,99930,100,100166,100,99921,100,100174,100,99917,100,100198,100,99907,100,100209,100,99901,100,100225,100,99896,100,100299,100,99859,100
2019-06-28 09:48:20.000000000,100101,315,100027,315,100128,315,99997,315,100153,100,99996,100,100155,100,99930,100,100166,100,99921,100,100174,100,99917,100,100198,100,99907,100,100209,100,99901,100,100225,100,99896,100,100299,100,99859,100
2019-06-28 09:48:20.399458923,100101,315,100027,315,100128,315,99997,315,100153,100,99996,100,100155,100,99930,100,100166,100,99921,100,100173,100,99917,100,100174,100,99907,100,100198,100,99901,100,100209,100,99896,100,100225,100,99859,100
2019-06-28 09:48:30.000000000,100101,208,100027,208,100128,208,99997,208,100153,208,99996,208,100155,208,99930,208,100166,100,99921,100,100173,100,99917,100,100174,100,99907,100,100198,100,99901,100,100209,100,99896,100,100225,100,99859,100
2019-06-28 09:48:34.025896596,100101,208,100100,100,100128,208,100027,208,100153,208,99997,108,100155,208,99996,208,100166,100,99930,208,100173,100,99921,100,100174,100,99917,100,100198,100,99907,100,100209,100,99901,100,100225,100,99896,100
2019-06-28 09:48:36.852762768,100101,208,100027,208,100128,208,99997,108,100153,208,99996,208,100155,208,99930,208,100166,100,99921,100,100173,100,99917,100,100174,100,99907,100,100198,100,99901,100,100209,100,99896,100,100225,100,99859,100
2019-06-28 09:48:38.275856954,100101,208,100027,208,100128,208,99997,108,100153,208,99996,108,100155,208,99930,208,100166,100,99921,100,100173,100,99917,100,100174,100,99907,100,100198,100,99901,100,100209,100,99896,100,100225,100,99859,100
2019-06-28 09:48:40.000000000,100101,208,100027,208,100128,208,99930,208,100153,208,99921,208,100155,208,99917,208,100166,100,99907,100,100173,100,99901,100,100174,100,99896,100,100198,100,99859,100,100209,100,99781,100,100225,100,99772,100
2019-06-28 09:48:43.477476513,100101,108,100027,208,100128,208,99930,208,100153,208,99921,208,100155,208,99917,208,100166,100,99907,100,100173,100,99901,100,100174,100,99896,100,100198,100,99859,100,100209,100,99781,100,100225,100,99772,100
2019-06-28 09:48:50.000000000,100128,246,100027,246,100153,242,99930,242,100155,242,99921,242,100166,100,99917,100,100173,100,99907,100,100174,100,99901,100,100198,100,99896,100,100209,100,99859,100,100225,100,99781,100,100299,100,99772,100
2019-06-28 09:49:00.000000000,100128,186,100027,186,100153,186,99930,186,100155,186,99921,186,100166,186,99917,186,100173,186,99907,186,100174,100,99901,100,100198,100,99896,100,100209,100,99859,100,100225,100,99781,100,100299,100,99772,100
2019-06-28 09:49:10.000000000,100128,315,100027,315,100153,315,99930,315,100155,100,99921,100,100166,100,99917,100,100173,100,99907,100,100174,100,99901,100,100198,100,99896,100,100209,100,99859,100,100225,100,99781,100,100299,100,99772,100
2019-06-28 09:49:10.515317567,100128,315,100027,215,100153,315,99930,315,100155,100,99921,100,100166,100,99917,100,100173,100,99907,100,100174,100,99901,100,100198,100,99896,100,100209,100,99859,100,100225,100,99781,100,100299,100,99772,100
2019-06-28 09:49:17.969208299,100128,315,100027,115,100153,315,99930,315,100155,100,99921,100,100166,100,99917,100,100173,100,99907,100,100174,100,99901,100,100198,100,99896,100,100209,100,99859,100,100225,100,99781,100,100299,100,99772,100
2019-06-28 09:49:20.000000000,100128,315,99930,315,100153,315,99921,315,100155,100,99917,100,100166,100,99907,100,100173,100,99901,100,100174,100,99896,100,100198,100,99859,100,100209,100,99781,100,100225,100,99772,100,100299,100,99731,100
2019-06-28 09:49:22.630458998,100128,315,99930,215,100153,315,99921,315,100155,100,99917,100,100166,100,99907,100,100174,100,99901,100,100198,100,99896,100,100209,100,99859,100,100225,100,99781,100,100299,100,99772,100,100324,100,99731,100
2019-06-28 09:49:30.000000000,100128,246,99921,246,100153,242,99917,242,100155,242,99907,242,100166,100,99901,100,100174,100,99896,100,100198,100,99859,100,100209,100,99781,100,100225,100,99772,100,100299,100,99731,100,100324,100,99719,100
2019-06-28 09:49:37.105128135,100128,146,99921,246,100153,242,99917,242,100155,242,99907,242,100166,100,99901,100,100174,100,99896,100,100198,100,99859,100,100209,100,99781,100,100225,100,99772,100,100299,100,99731,100,100324,100,99719,100
2019-06-28 09:49:40.000000000,100153,315,99921,315,100155,315,99917,315,100166,100,99907,100,100174,100,99901,100,100198,100,99896,100,100209,100,99859,100,100225,100,99781,100,100299,100,99772,100,100324,100,99731,100,100359,100,99719,100
2019-06-28 09:49:41.039092683,100153,315,100006,100,100155,315,99921,315,100166,100,99917,315,100174,100,99907,100,100198,100,99901,100,100209,100,99896,100,100225,100,99859,100,100299,100,99781,100,100324,100,99772,100,100359,100,99731,100
2019-06-28 09:49:48.444596506,100153,315,99921,315,100155,315,99917,315,100166,100,99907,100,100174,100,99901,100,100198,100,99896,100,100209,100,99859,100,100225,100,99781,100,100299,100,99772,100,100324,100,99731,100,100359,100,99719,100
2019-06-28 09:49:48.912446890,100109,100,99921,315,100153,315,99917,315,100155,315,99907,100,100166,100,99901,100,100174,100,99896,100,100198,100,99859,100,100209,100,99781,100,100225,100,99772,100,100299,100,99731,100,100324,100,99719,100
2019-06-28 09:49:49.670139573,100034,100,99921,315,100109,100,99917,315,100153,315,99907,100,100155,315,99901,100,100166,100,99896,100,100174,100,99859,100,100198,100,99772,100,100209,100,99731,100,100225,100,99719,100,100299,100,99610,100
2019-06-28 09:49:50.000000000,100034,186,99921,186,100109,186,99917,186,100153,186,99907,186,100155,186,99901,186,100166,186,99896,186,100174,100,99859,100,100198,100,99772,100,100209,100,99731,100,100225,100,99719,100,100299,100,99610,100
2019-06-28 09:50:00.000000000,100034,315,99921,315,100109,315,99917,315,100153,100,99907,100,100155,100,99901,100,100166,100,99896,100,100174,100,99859,100,100198,100,99772,100,100209,100,99731,100,100225,100,99719,100,100299,100,99610,100
2019-06-28 09:50:05.634205605,100034,315,99921,315,100109,315,99917,315,100127,100,99907,100,100153,100,99901,100,100155,100,99896,100,100166,100,99859,100,100174,100,99772,100,100198,100,99731,100,100209,100,99719,100,100225,100,99610,100
2019-06-28 09:50:10.000000000,100034,186,99921,186,100109,186,99917,186,100127,186,99907,186,100153,186,99901,186,100155,186,99896,186,100166,100,99859,100,100174,100,99772,100,100198,100,99731,100,100209,100,99719,100,100225,100,99610,100
2019-06-28 09:50:18.027835441,100034,186,99950,100,100109,186,99921,186,100127,186,99917,186,100153,186,99907,186,100155,186,99901,186,100166,100,99896,186,100174,100,99859,100,100198,100,99772,100,100225,100,99731,100,100299,100,99719,100
2019-06-28 09:50:20.000000000,100034,208,99950,208,100109,208,99921,208,100127,208,99917,208,100153,208,99907,208,100155,100,99901,100,100166,100,99896,100,100174,100,99859,100,100198,100,99772,100,100225,100,99731,100,100299,100,99719,100
2019-06-28 09:50:20.783550712,100034,208,99950,208,100109,208,99921,208,100127,208,99917,208,100153,208,99907,208,100155,100,99901,100,100166,100,99896,100,100174,100,99859,100,100198,100,99772,100,100225,100,99731,100,100231,100,99719,100
2019-06-28 09:50:22.867546400,100034,208,100006,100,100109,208,99950,208,100127,208,99921,208,100153,208,99917,208,100155,100,99907,208,100166,100,99901,100,100174,100,99896,100,100198,100,99859,100,100225,100,99772,100,100231,100,99731,100
2019-06-28 09:50:30.000000000,100034,186,100006,186,100109,186,99950,186,100127,186,99921,186,100153,186,99917,186,100155,186,99907,186,100166,100,99901,100,100174,100,99896,100,100198,100,99859,100,100225,100,99772,100,100231,100,99731,100
2019-06-28 09:50:40.000000000,100034,186,100006,186,100109,186,99950,186,100127,186,99921,186,100153,186,99917,186,100155,186,99907,186,100166,100,99901,100,100174,100,99896,100,100198,100,99859,100,100225,100,99772,100,100231,100,99731,100
2019-06-28 09:50:50.000000000,100034,208,100006,208,100109,208,99950,208,100127,208,99921,208,100153,208,99917,208,100155,100,99907,100,100166,100,99901,100,100174,100,99896,100,100198,100,99859,100,100225,100,99772,100,100231,100,99731,100
2019-06-28 09:51:00.000000000,100034,246,100006,246,100109,242,99950,242,100127,242,99921,242,100153,100,99917,100,100155,100,99907,100,100166,100,99901,100,100174,100,99896,100,100198,100,99859,100,100225,100,99772,100,100231,100,99731,100
2019-06-28 09:51:10.000000000,100034,186,100006,186,100109,186,99950,186,100127,186,99921,186,100153,186,99917,186,100155,186,99907,186,100166,100,99901,100,100174,100,99896,100,100198,100,99859,100,100225,100,99772,100,100231,100,99731,100
2019-06-28 09:51:13.397340801,100011,100,100006,186,100034,186,99950,186,100109,186,99921,186,100127,186,99917,186,100153,186,99907,186,100155,186,99901,100,100166,100,99896,100,100174,100,99859,100,100198,100,99772,100,100225,100,99719,100
2019-06-28 09:51:20.000000000,100011,246,100006,246,100034,242,99950,242,100109,242,99921,242,100127,100,99917,100,100153,100,99907,100,100155,100,99901,100,100166,100,99896,100,100174,100,99859,100,100198,100,99772,100,100225,100,99719,100
2019-06-28 09:51:28.767378835,100011,246,100006,146,100034,242,99950,242,100109,242,99921,242,100127,100,99917,100,100153,100,99907,100,100155,100,99896,100,100166,100,99859,100,100174,100,99772,100,100198,100,99719,100,100225,100,99610,100
2019-06-28 09:51:30.000000000,100011,246,99950,246,100034,242,99921,242,100109,242,99917,242,100127,100,99907,100,100153,100,99896,100,100155,100,99859,100,100166,100,99772,100,100174,100,99719,100,100198,100,99610,100,100225,100,99566,100
2019-06-28 09:51:40.000000000,100011,186,99950,186,100034,186,99921,186,100109,186,99917,186,100127,186,99907,186,100153,186,99896,186,100155,100,99859,100,100166,100,99772,100,100174,100,99719,100,100198,100,99610,100,100225,100,99566,100
2019-06-28 09:51:42.099215151,100006,100,99950,186,100011,186,99921,186,100034,186,99917,186,100109,186,99907,186,100127,186,99896,186,100153,186,99859,100,100155,100,99772,100,100166,100,99719,100,100174,100,99610,100,100198,100,99566,100
2019-06-28 09:51:50.000000000,100006,530,99950,530,100011,100,99921,100,100034,100,99917,100,100109,100,99907,100,100127,100,99896,100,100153,100,99859,100,100155,100,99772,100,100166,100,99719,100,100174,100,99610,100,100198,100,99566,100
2019-06-28 09:52:00.000000000,100006,246,99950,246,100011,242,99921,242,100034,242,99917,242,100109,100,99907,100,100127,100,99896,100,100153,100,99859,100,100155,100,99772,100,100166,100,99719,100,100174,100,99610,100,100198,100,99566,100
2019-06-28 09:52:08.031856167,100006,246,99950,246,100011,242,99921,242,100034,242,99917,242,100109,100,99907,100,100127,100,99896,100,100153,100,99859,100,100155,100,99772,100,100166,100,99719,100,100174,100,99610,100,100198,100,99566,100
2019-06-28 09:52:08.945229786,100006,246,99950,246,100011,242,99921,242,100034,242,99917,242,100127,100,99907,100,100153,100,99896,100,100155,100,99859,100,100166,100,99772,100,100174,100,99719,100,100198,100,99610,100,100225,100,99566,100
2019-06-28 09:52:10.000000000,100006,530,99950,530,100011,100,99921,100,100034,100,99917,100,100127,100,99907,100,100153,100,99896,100,100155,100,99859,100,100166,100,99772,100,100174,100,99719,100,100198,100,99610,100,100225,100,99566,100
2019-06-28 09:52:20.000000000,100006,315,99950,315,100011,315,99921,315,100034,100,99917,100,100127,100,99907,100,100153,100,99896,100,100155,100,99859,100,100166,100,99772,100,100174,100,99719,100,100198,100,99610,100,100225,100,99566,100
2019-06-28 09:52:29.307474313,100006,315,99950,315,100011,315,99921,315,100034,100,99917,100,100127,100,99907,100,100153,100,99896,100,100155,100,99859,100,100166,100,99772,100,100198,100,99719,100,100225,100,99610,100,100231,100,99566,100
2019-06-28 09:52:30.000000000,100006,530,99950,530,100011,100,99921,100,100034,100,99917,100,100127,100,99907,100,100153,100,99896,100,100155,100,99859,100,100166,100,99772,100,100198,100,99719,100,100225,100,99610,100,100231,100,99566,100
2019-06-28 09:52:38.888069887,100006,530,99950,530,100011,100,99921,100,100034,100,99917,100,100127,100,99907,100,100153,100,99896,100,100155,100,99859,100,100166,100,99772,100,100225,100,99719,100,100231,100,99610,100,100299,100,99566,100
2019-06-28 09:52:40.000000000,100006,208,99950,208,100011,208,99921,208,100034,208,99917,208,100127,208,99907,208,100153,100,99896,100,100155,100,99859,100,100166,100,99772,100,100225,100,99719,100,100231,100,99610,100,100299,100,99566,100
2019-06-28 09:52:50.000000000,100006,246,99950,246,100011,242,99921,242,100034,242,99917,242,100127,100,99907,100,100153,100,99896,100,100155,100,99859,100,100166,100,99772,100,100225,100,99719,100,100231,100,99610,100,100299,100,99566,100
2019-06-28 09:52:59.367480788,100006,346,99950,246,100011,242,99921,242,100034,242,99917,242,100127,100,99907,100,100153,100,99896,100,100155,100,99859,100,100166,100,99772,100,100225,100,99719,100,100231,100,99610,100,100299,100,99566,100
2019-06-28 09:53:00.000000000,100006,630,99950,530,100011,100,99921,100,100034,100,99917,100,100127,100,99907,100,100153,100,99896,100,100155,100,99859,100,100166,100,99772,100,100225,100,99719,100,100231,100,99610,100,100299,100,99566,100
2019-06-28 09:53:03.618451808,100006,630,99950,530,100011,100,99921,100,100034,100,99917,100,100127,100,99907,100,100155,100,99896,100,100166,100,99859,100,100225,100,99772,100,100231,100,99719,100,100299,100,99610,100,100324,100,99566,100
2019-06-28 09:53:06.236876048,100006,630,99950,530,100011,100,99921,100,100034,100,99917,100,100127,100,99907,100,100155,100,99896,100,100166,100,99859,100,100225,100,99772,100,100231,100,99719,100,100299,100,99610,100,100324,100,99566,100
2019-06-28 09:53:10.000000000,100006,415,99950,315,100011,315,99921,315,100034,100,99917,100,100127,100,99907,100,100155,100,99896,100,100166,100,99859,100,100225,100,99772,100,100231,100,99719,100,100299,100,99610,100,100324,100,99566,100
2019-06-28 09:53:20.000000000,100006,630,99950,530,100011,100,99921,100,100034,100,99917,100,100127,100,99907,100,100155,100,99896,100,100166,100,99859,100,100225,100,99772,100,100231,100,99719,100,100299,100,99610,100,100324,100,99566,100
2019-06-28 09:53:30.000000000,100006,286,99950,186,100011,186,99921,186,100034,186,99917,186,100127,186,99907,186,100155,186,99896,186,100166,100,99859,100,100225,100,99772,100,100231,100,99719,100,100299,100,99610,100,100324,100,99566,100
2019-06-28 09:53:30.547402739,100006,286,99950,86,100011,186,99921,186,100034,186,99917,186,100127,186,99907,186,100155,186,99896,186,100166,100,99859,100,100225,100,99772,100,100231,100,99719,100,100299,100,99610,100,100324,100,99566,100
2019-06-28 09:53:34.915449085,99950,14,99921,186,100006,286,99917,186,100011,186,99907,186,100034,186,99896,86,100127,186,99859,100,100155,186,99772,100,100166,100,99719,100,100225,100,99610,100,100231,100,99566,100,100299,100,99464,100
2019-06-28 09:53:40.000000000,99950,229,99921,315,100006,415,99917,315,100011,100,99907,100,100034,100,99859,100,100127,100,99772,100,100155,100,99719,100,100166,100,99610,100,100225,100,99566,100,100231,100,99464,100,100299,100,99378,100
2019-06-28 09:53:50.000000000,99950,122,99921,208,100006,308,99917,208,100011,208,99907,208,100034,208,99859,208,100127,100,99772,100,100155,100,99719,100,100166,100,99610,100,100225,100,99566,100,100231,100,99464,100,100299,100,99378,100
2019-06-28 09:54:00.000000000,99950,229,99921,315,100006,415,99917,315,100011,100,99907,100,100034,100,99859,100,100127,100,99772,100,100155,100,99719,100,100166,100,99610,100,100225,100,99566,100,100231,100,99464,100,100299,100,99378,100
2019-06-28 09:54:10.000000000,99950,444,99921,530,100006,200,99917,100,100011,100,99907,100,100034,100,99859,100,100127,100,99772,100,100155,100,99719,100,100166,100,99610,100,100225,100,99566,100,100231,100,99464,100,100299,100,99378,100
2019-06-28 09:54:10.380926107,99950,444,99921,530,100006,200,99917,100,100011,100,99907,100,100034,100,99859,100,100127,100,99772,100,100155,100,99719,100,100166,100,99610,100,100225,100,99566,100,100231,100,99464,100,100299,100,99432,100
2019-06-28 09:54:15.473608748,99950,444,99921,530,100006,200,99917,100,100011,100,99907,100,100034,100,99859,100,100127,100,99791,100,100155,100,99772,100,100225,100,99719,100,100231,100,99610,100,100299,100,99566,100,100324,100,99464,100
2019-06-28 09:54:20.000000000,99950,100,99921,186,100006,286,99917,186,100011,186,99907,186,100034,186,99859,186,100127,186,99791,186,100155,100,99772,100,100225,100,99719,100,100231,100,99610,100,100299,100,99566,100,100324,100,99464,100
2019-06-28 09:54:30.000000000,99950,444,99921,530,100006,200,99917,100,100011,100,99907,100,100034,100,99859,100,100127,100,99791,100,100155,100,99772,100,100225,100,99719,100,100231,100,99610,100,100299,100,99566,100,100324,100,99464,100
2019-06-28 09:54:40.000000000,99950,229,99921,315,100006,415,99917,315,100011,100,99907,100,100034,100,99859,100,100127,100,99791,100,100155,100,99772,100,100225,100,99719,100,100231,100,99610,100,100299,100,99566,100,100324,100,99464,100
2019-06-28 09:54:50.000000000,99950,444,99921,530,100006,200,99917,100,100011,100,99907,100,100034,100,99859,100,100127,100,99791,100,100155,100,99772,100,100225,100,99719,100,100231,100,99610,100,100299,100,99566,100,100324,100,99464,100
2019-06-28 09:54:52.344443052,99950,444,99921,530,100006,200,99907,100,100011,100,99859,100,100034,100,99791,100,100127,100,99772,100,100155,100,99719,100,100225,100,99610,100,100231,100,99566,100,100299,100,99464,100,100324,100,99432,100
2019-06-28 09:55:00.000000000,99950,100,99921,186,100006,286,99907,186,100011,186,99859,186,100034,186,99791,186,100127,186,99772,186,100155,100,99719,100,100225,100,99610,100,100231,100,99566,100,100299,100,99464,100,100324,100,99432,100
2019-06-28 09:55:04.738015607,99950,100,99921,86,100006,286,99907,186,100011,186,99859,186,100034,186,99791,186,100127,186,99772,186,100155,100,99719,100,100225,100,99610,100,100231,100,99566,100,100299,100,99464,100,100324,100,99432,100
2019-06-28 09:55:08.981478429,99950,100,99921,86,100006,286,99907,186,100011,186,99859,186,100034,186,99791,186,100127,186,99772,186,100155,100,99719,100,100225,100,99610,100,100231,100,99566,100,100299,100,99464,100,100324,100,99432,100
2019-06-28 09:55:10.000000000,99950,160,99907,246,100006,342,99859,242,100011,242,99791,242,100034,100,99772,100,100127,100,99719,100,100155,100,99610,100,100225,100,99566,100,100231,100,99464,100,100299,100,99432,100,100324,100,99378,100
2019-06-28 09:55:20.000000000,99950,122,99907,208,100006,308,99859,208,100011,208,99791,208,100034,208,99772,208,100127,100,99719,100,100155,100,99610,100,100225,100,99566,100,100231,100,99464,100,100299,100,99432,100,100324,100,99378,100
2019-06-28 09:55:27.157005522,99950,122,99907,208,100006,308,99859,208,100011,208,99791,208,100034,208,99772,208,100127,100,99719,100,100155,100,99610,100,100225,100,99566,100,100231,100,99464,100,100299,100,99432,100,100324,100,99378,100
2019-06-28 09:55:29.287431443,99950,122,99907,108,100006,308,99859,208,100011,208,99791,208,100034,108,99772,208,100127,100,99719,100,100155,100,99610,100,100225,100,99566,100,100231,100,99464,100,100299,100,99432,100,100324,100,99378,100
2019-06-28 09:55:30.000000000,99950,122,99859,208,100006,308,99791,208,100011,208,99772,208,100127,208,99719,208,100155,100,99610,100,100225,100,99566,100,100231,100,99464,100,100299,100,99432,100,100324,100,99378,100,100492,100,99376,100
2019-06-28 09:55:40.000000000,99950,160,99859,246,100006,342,99791,242,100011,242,99772,242,100127,100,99719,100,100155,100,99610,100,100225,100,99566,100,100231,100,99464,100,100299,100,99432,100,100324,100,99378,100,100492,100,99376,100
2019-06-28 09:55:50.000000000,99950,444,99859,530,100006,200,99791,100,100011,100,99772,100,100127,100,99719,100,100155,100,99610,100,100225,100,99566,100,100231,100,99464,100,100299,100,99432,100,100324,100,99378,100,100492,100,99376,100
2019-06-28 09:56:00.000000000,99950,122,99859,208,100006,308,99791,208,100011,208,99772,208,100127,208,99719,208,100155,100,99610,100,100225,100,99566,100,100231,100,99464,100,100299,100,99432,100,100324,100,99378,100,100492,100,99376,100
2019-06-28 09:56:10.000000000,99950,444,99859,530,100006,200,99791,100,100011,100,99772,100,100127,100,99719,100,100155,100,99610,100,100225,100,99566,100,100231,100,99464,100,100299,100,99432,100,100324,100,99378,100,100492,100,99376,100
2019-06-28 09:56:15.139241995,99950,444,99859,530,100006,200,99791,100,100011,100,99772,100,100127,100,99719,100,100155,100,99610,100,100225,100,99566,100,100231,100,99464,100,100299,100,99432,100,100324,100,99378,100,100492,100,99376,100
2019-06-28 09:56:20.000000000,99950,122,99859,208,100006,308,99791,208,100011,208,99772,208,100127,208,99719,208,100155,100,99610,100,100225,100,99566,100,100231,100,99464,100,100299,100,99432,100,100324,100,99378,100,100492,100,99376,100
2019-06-28 09:56:27.421776780,99950,122,99859,8,100006,308,99791,208,100011,208,99772,208,100127,208,99719,208,100155,100,99610,100,100225,100,99566,100,100231,100,99464,100,100299,100,99432,100,100324,100,99378,100,100492,100,99376,100
2019-06-28 09:56:30.000000000,99950,444,99791,530,100006,200,99772,100,100011,100,99719,100,100127,100,99610,100,100155,100,99566,100,100225,100,99464,100,100231,100,99432,100,100299,100,99378,100,100324,100,99376,100,100492,100,99322,200
2019-06-28 09:56:38.954364758,99950,444,99791,430,100006,200,99772,100,100011,100,99719,100,100127,100,99610,100,100155,100,99566,100,100225,100,99464,100,100231,100,99432,100,100299,100,99378,100,100324,100,99376,100,100492,100,99322,200
2019-06-28 09:56:40.000000000,99950,444,99772,530,100006,200,99719,100,100011,100,99610,100,100127,100,99566,100,100155,100,99464,100,100225,100,99432,100,100231,100,99378,100,100299,100,99376,100,100324,100,99322,200,100492,100,99273,100
2019-06-28 09:56:42.638486502,99950,430,99772,530,100006,200,99719,100,100011,100,99610,100,100127,100,99566,100,100155,100,99464,100,100225,100,99432,100,100231,100,99378,100,100299,100,99376,100,100324,100,99322,200,100492,100,99273,100
2019-06-28 09:56:50.000000000,100006,308,99772,208,100011,208,99719,208,100127,208,99610,208,100155,208,99566,208,100225,100,99464,100,100231,100,99432,100,100299,100,99378,100,100324,100,99376,100,100492,100,99322,200,100646,100,99273,100
2019-06-28 09:57:00.000000000,100006,286,99772,186,100011,186,99719,186,100127,186,99610,186,100155,186,99566,186,100225,186,99464,186,100231,100,99432,100,100299,100,99378,100,100324,100,99376,100,100492,100,99322,200,100646,100,99273,100
2019-06-28 09:57:10.000000000,100006,286,99772,186,100011,186,99719,186,100127,186,99610,186,100155,186,99566,186,100225,186,99464,186,100231,100,99432,100,100299,100,99378,100,100324,100,99376,100,100492,100,99322,200,100646,100,99273,100
2019-06-28 09:57:20.000000000,100006,415,99772,315,100011,315,99719,315,100127,100,99610,100,100155,100,99566,100,100225,100,99464,100,100231,100,99432,100,100299,100,99378,100,100324,100,99376,100,100492,100,99322,200,100646,100,99273,100
2019-06-28 09:57:30.000000000,100006,308,99772,208,100011,208,99719,208,100127,208,99610,208,100155,208,99566,208,100225,100,99464,100,100231,100,99432,100,100299,100,99378,100,100324,100,99376,100,100492,100,99322,200,100646,100,99273,100
2019-06-28 09:57:40.000000000,100006,346,99772,246,100011,242,99719,242,100127,242,99610,242,100155,100,99566,100,100225,100,99464,100,100231,100,99432,100,100299,100,99378,100,100324,100,99376,100,100492,100,99322,200,100646,100,99273,100
2019-06-28 09:57:50.000000000,100006,415,99772,315,100011,315,99719,315,100127,100,99610,100,100155,100,99566,100,100225,100,99464,100,100231,100,99432,100,100299,100,99378,100,100324,100,99376,100,100492,100,99322,200,100646,100,99273,100
2019-06-28 09:57:54.949455846,100006,415,99772,315,100011,315,99719,315,100127,100,99610,100,100155,100,99566,100,100225,100,99503,100,100231,100,99464,100,100299,100,99432,100,100324,100,99378,100,100492,100,99376,100,100646,100,99322,200
2019-06-28 09:57:58.635004659,100006,415,99772,215,100011,315,99719,315,100127,100,99610,100,100155,100,99566,100,100225,100,99503,100,100231,100,99464,100,100299,100,99432,100,100324,100,99378,100,100492,100,99376,100,100646,100,99322,200
2019-06-28 09:58:00.000000000,100006,415,99719,315,100011,315,99610,315,100127,100,99566,100,100155,100,99503,100,100225,100,99464,100,100231,100,99432,100,100299,100,99378,100,100324,100,99376,100,100492,100,99322,200,100646,100,99273,100
2019-06-28 09:58:08.077846710,99791,100,99719,315,100006,415,99610,315,100011,315,99566,100,100127,100,99503,100,100155,100,99464,100,100225,100,99432,100,100231,100,99378,100,100299,100,99376,100,100324,100,99322,200,100492,100,99273,100
2019-06-28 09:58:10.000000000,99791,208,99719,208,100006,308,99610,208,100011,208,99566,208,100127,208,99503,208,100155,100,99464,100,100225,100,99432,100,100231,100,99378,100,100299,100,99376,100,100324,100,99322,200,100492,100,99273,100
2019-06-28 09:58:13.270598851,99791,208,99719,208,100006,308,99610,208,100011,208,99566,208,100127,208,99503,208,100155,100,99464,100,100225,100,99432,100,100231,100,99390,100,100299,100,99378,100,100324,100,99376,100,100492,100,99322,200
2019-06-28 09:58:17.798227463,99791,208,99719,208,100006,308,99610,208,100011,208,99566,208,100127,208,99503,208,100155,100,99464,100,100225,100,99439,100,100231,100,99432,100,100299,100,99390,100,100324,100,99378,100,100646,100,99376,100
2019-06-28 09:58:20.000000000,99791,186,99719,186,100006,286,99610,186,100011,186,99566,186,100127,186,99503,186,100155,186,99464,186,100225,100,99439,100,100231,100,99432,100,100299,100,99390,100,100324,100,99378,100,100646,100,99376,100
2019-06-28 09:58:23.712539620,99791,286,99719,186,100006,286,99610,186,100011,186,99566,186,100127,186,99503,186,100155,186,99464,186,100225,100,99439,100,100231,100,99432,100,100299,100,99390,100,100324,100,99378,100,100646,100,99376,100
2019-06-28 09:58:29.688113030,99791,286,99719,186,100006,286,99610,186,100011,186,99566,186,100127,186,99503,186,100155,186,99464,186,100225,100,99439,100,100231,100,99432,100,100299,100,99390,100,100324,100,99378,100,100646,100,99376,100
2019-06-28 09:58:30.000000000,99791,630,99719,530,100006,200,99610,100,100011,100,99566,100,100127,100,99503,100,100155,100,99464,100,100225,100,99439,100,100231,100,99432,100,100299,100,99390,100,100324,100,99378,100,100646,100,99376,100
2019-06-28 09:58:31.380480513,99791,730,99719,530,100006,200,99610,100,100011,100,99566,100,100155,100,99503,100,100225,100,99464,100,100231,100,99439,100,100299,100,99432,100,100324,100,99390,100,100646,100,99378,100,100711,100,99376,100
2019-06-28 09:58:36.322270806,99791,830,99719,530,100006,200,99610,100,100011,100,99566,100,100155,100,99503,100,100225,100,99464,100,100231,100,99439,100,100299,100,99432,100,100324,100,99390,100,100646,100,99378,100,100711,100,99376,100
2019-06-28 09:58:38.202672179,99791,830,99719,430,100006,200,99610,100,100011,100,99566,100,100155,100,99503,100,100225,100,99464,100,100231,100,99439,100,100299,100,99432,100,100324,100,99390,100,100646,100,99378,100,100711,100,99376,100
2019-06-28 09:58:40.000000000,99791,830,99610,530,100006,200,99566,100,100011,100,99503,100,100155,100,99464,100,100225,100,99439,100,100231,100,99432,100,100299,100,99390,100,100324,100,99378,100,100646,100,99376,100,100711,100,99344,100
2019-06-28 09:58:42.912650370,99791,930,99610,530,100006,200,99566,100,100011,100,99503,100,100155,100,99464,100,100225,100,99439,100,100231,100,99432,100,100299,100,99390,100,100324,100,99378,100,100646,100,99376,100,100711,100,99344,100
2019-06-28 09:58:44.434430204,99791,930,99610,530,100006,200,99566,100,100011,100,99503,100,100155,100,99464,100,100225,100,99439,100,100231,100,99432,100,100299,100,99390,100,100646,100,99378,100,100711,100,99376,100,100920,100,99344,100
2019-06-28 09:58:50.000000000,99791,608,99610,208,100006,308,99566,208,100011,208,99503,208,100155,208,99464,208,100225,100,99439,100,100231,100,99432,100,100299,100,99390,100,100646,100,99378,100,100711,100,99376,100,100920,100,99344,100
2019-06-28 09:59:00.000000000,99791,608,99610,208,100006,308,99566,208,100011,208,99503,208,100155,208,99464,208,100225,100,99439,100,100231,100,99432,100,100299,100,99390,100,100646,100,99378,100,100711,100,99376,100,100920,100,99344,100
2019-06-28 09:59:10.000000000,99791,608,99610,208,100006,308,99566,208,100011,208,99503,208,100155,208,99464,208,100225,100,99439,100,100231,100,99432,100,100299,100,99390,100,100646,100,99378,100,100711,100,99376,100,100920,100,99344,100
2019-06-28 09:59:20.000000000,99791,715,99610,315,100006,415,99566,315,100011,100,99503,100,100155,100,99464,100,100225,100,99439,100,100231,100,99432,100,100299,100,99390,100,100646,100,99378,100,100711,100,99376,100,100920,100,99344,100
2019-06-28 09:59:30.000000000,99791,646,99610,246,100006,342,99566,242,100011,242,99503,242,100155,100,99464,100,100225,100,99439,100,100231,100,99432,100,100299,100,99390,100,100646,100,99378,100,100711,100,99376,100,100920,100,99344,100
2019-06-28 09:59:38.877671192,99791,546,99610,246,100006,342,99566,242,100011,242,99503,242,100155,100,99464,100,100225,100,99439,100,100231,100,99432,100,100646,100,99390,100,100711,100,99378,100,100920,100,99376,100,100985,100,99344,100
2019-06-28 09:59:38.973191365,99791,446,99610,246,100006,342,99566,242,100011,242,99503,242,100155,100,99464,100,100225,100,99439,100,100231,100,99432,100,100646,100,99390,100,100711,100,99378,100,100985,100,99376,100,101066,100,99344,100
2019-06-28 09:59:40.000000000,99791,730,99610,530,100006,200,99566,100,100011,100,99503,100,100155,100,99464,100,100225,100,99439,100,100231,100,99432,100,100646,100,99390,100,100711,100,99378,100,100985,100,99376,100,101066,100,99344,100
2019-06-28 09:59:40.567444424,99791,630,99610,530,100006,200,99566,100,100011,100,99503,100,100155,100,99464,100,100225,100,99439,100,100231,100,99432,100,100646,100,99390,100,100711,100,99378,100,100985,100,99376,100,101066,100,99344,100
2019-06-28 09:59:50.000000000,99791,286,99610,186,100006,286,99566,186,100011,186,99503,186,100155,186,99464,186,100225,186,99439,186,100231,100,99432,100,100646,100,99390,100,100711,100,99378,100,100985,100,99376,100,101066,100,99344,100
2019-06-28 09:59:50.628005297,99791,186,99610,186,100006,286,99566,186,100011,186,99503,186,100155,186,99464,186,100225,186,99439,186,100231,100,99432,100,100646,100,99390,100,100711,100,99378,100,100985,100,99376,100,101066,100,99344,100
2019-06-28 10:00:00.000000000,99791,530,99610,530,100006,200,99566,100,100011,100,99503,100,100155,100,99464,100,100225,100,99439,100,100231,100,99432,100,100646,100,99390,100,100711,100,99378,100,100985,100,99376,100,101066,100,99344,100
2019-06-28 10:00:10.000000000,99791,208,99610,208,100006,308,99566,208,100011,208,99503,208,100155,208,99464,208,100225,100,99439,100,100231,100,99432,100,100646,100,99390,100,100711,100,99378,100,100985,100,99376,100,101066,100,99344,100
2019-06-28 10:00:20.000000000,99791,530,99610,530,100006,200,99566,100,100011,100,99503,100,100155,100,99464,100,100225,100,99439,100,100231,100,99432,100,100646,100,99390,100,100711,100,99378,100,100985,100,99376,100,101066,100,99344,100
2019-06-28 10:00:30.000000000,99791,530,99610,530,100006,200,99566,100,100011,100,99503,100,100155,100,99464,100,100225,100,99439,100,100231,100,99432,100,100646,100,99390,100,100711,100,99378,100,100985,100,99376,100,101066,100,99344,100
2019-06-28 10:00:40.000000000,99791,246,99610,246,100006,342,99566,242,100011,242,99503,242,100155,100,99464,100,100225,100,99439,100,100231,100,99432,100,100646,100,99390,100,100711,100,99378,100,100985,100,99376,100,101066,100,99344,100
2019-06-28 10:00:43.370460134,99791,246,99610,246,99961,100,99566,242,100006,342,99503,242,100011,242,99464,100,100155,100,99439,100,100225,100,99432,100,100231,100,99390,100,100646,100,99378,100,100711,100,99376,100,100985,100,99344,100
2019-06-28 10:00:50.000000000,99791,246,99610,246,99961,242,99566,242,100006,342,99503,242,100011,100,99464,100,100155,100,99439,100,100225,100,99432,100,100231,100,99390,100,100646,100,99378,100,100711,100,99376,100,100985,100,99344,100
2019-06-28 10:00:55.224554381,99791,146,99610,246,99961,242,99566,242,100006,342,99503,242,100011,100,99464,100,100155,100,99439,100,100225,100,99432,100,100231,100,99390,100,100646,100,99378,100,100711,100,99376,100,100985,100,99344,100
2019-06-28 10:01:00.000000000,99961,186,99610,186,100006,286,99566,186,100011,186,99503,186,100155,186,99464,186,100225,186,99439,186,100231,100,99432,100,100646,100,99390,100,100711,100,99378,100,100985,100,99376,100,101066,100,99344,100
2019-06-28 10:01:10.000000000,99961,246,99610,246,100006,342,99566,242,100011,242,99503,242,100155,100,99464,100,100225,100,99439,100,100231,100,99432,100,100646,100,99390,100,100711,100,99378,100,100985,100,99376,100,101066,100,99344,100
2019-06-28 10:01:10.315344708,99961,246,99791,100,100006,242,99610,246,100011,242,99566,242,100155,100,99503,242,100225,100,99464,100,100231,100,99439,100,100646,100,99432,100,100711,100,99390,100,100985,100,99378,100,101066,100,99376,100
2019-06-28 10:01:20.000000000,99961,246,99791,246,100006,242,99610,242,100011,242,99566,242,100155,100,99503,100,100225,100,99464,100,100231,100,99439,100,100646,100,99432,100,100711,100,99390,100,100985,100,99378,100,101066,100,99376,100
2019-06-28 10:01:21.439104095,99961,246,99791,246,100006,242,99641,100,100011,242,99610,242,100155,100,99566,242,100225,100,99503,100,100231,100,99464,100,100646,100,99439,100,100711,100,99432,100,100985,100,99390,100,101066,100,99378,100
2019-06-28 10:01:30.000000000,99961,186,99791,186,100006,186,99641,186,100011,186,99610,186,100155,186,99566,186,100225,186,99503,186,100231,100,99464,100,100646,100,99439,100,100711,100,99432,100,100985,100,99390,100,101066,100,99378,100
2019-06-28 10:01:33.415424416,99961,186,99791,186,100006,186,99641,186,100011,186,99610,186,100155,186,99566,186,100209,100,99503,186,100225,186,99464,100,100231,100,99439,100,100646,100,99432,100,100711,100,99390,100,100985,100,99378,100
2019-06-28 10:01:40.000000000,99961,186,99791,186,100006,186,99641,186,100011,186,99610,186,100155,186,99566,186,100209,186,99503,186,100225,100,99464,100,100231,100,99439,100,100646,100,99432,100,100711,100,99390,100,100985,100,99378,100
2019-06-28 10:01:41.226821954,99961,86,99791,186,100006,186,99641,186,100011,186,99610,186,100155,186,99566,186,100209,186,99503,186,100225,100,99464,100,100231,100,99439,100,100646,100,99432,100,100711,100,99390,100,100985,100,99378,100
2019-06-28 10:01:41.251671715,99961,86,99791,186,100006,186,99641,186,100011,186,99610,186,100089,100,99566,186,100155,186,99503,186,100209,186,99464,100,100225,100,99439,100,100231,100,99432,100,100646,100,99390,100,100711,100,99378,100
2019-06-28 10:01:43.292740331,99961,86,99791,186,100006,186,99641,186,100011,186,99610,186,100018,100,99566,186,100089,100,99503,186,100155,186,99464,100,100209,186,99439,100,100225,100,99432,100,100231,100,99390,100,100646,100,99378,100
2019-06-28 10:01:50.000000000,100006,246,99791,246,100011,242,99641,242,100018,242,99610,242,100089,100,99566,100,100155,100,99503,100,100209,100,99464,100,100225,100,99439,100,100231,100,99432,100,100646,100,99390,100,100711,100,99378,100
2019-06-28 10:01:55.025744312,100006,246,99791,246,100011,242,99641,242,100018,242,99610,242,100048,100,99566,100,100089,100,99503,100,100155,100,99464,100,100209,100,99439,100,100225,100,99432,100,100231,100,99390,100,100646,100,99378,100
2019-06-28 10:02:00.000000000,100006,315,99791,315,100011,315,99641,315,100018,100,99610,100,100048,100,99566,100,100089,100,99503,100,100155,100,99464,100,100209,100,99439,100,100225,100,99432,100,100231,100,99390,100,100646,100,99378,100
2019-06-28 10:02:10.000000000,100006,315,99791,315,100011,315,99641,315,100018,100,99610,100,100048,100,99566,100,100089,100,99503,100,100155,100,99464,100,100209,100,99439,100,100225,100,99432,100,100231,100,99390,100,100646,100,99378,100
2019-06-28 10:02:20.000000000,100006,186,99791,186,100011,186,99641,186,100018,186,99610,186,100048,186,99566,186,100089,186,99503,186,100155,100,99464,100,100209,100,99439,100,100225,100,99432,100,100231,100,99390,100,100646,100,99378,100
2019-06-28 10:02:30.000000000,100006,186,99791,186,100011,186,99641,186,100018,186,99610,186,100048,186,99566,186,100089,186,99503,186,100155,100,99464,100,100209,100,99439,100,100225,100,99432,100,100231,100,99390,100,100646,100,99378,100
2019-06-28 10:02:40.000000000,100006,246,99791,246,100011,242,99641,242,100018,242,99610,242,100048,100,99566,100,100089,100,99503,100,100155,100,99464,100,100209,100,99439,100,100225,100,99432,100,100231,100,99390,100,100646,100,99378,100
2019-06-28 10:02:43.045296465,99974,100,99791,246,100006,246,99641,242,100011,242,99610,242,100018,242,99566,100,100048,100,99503,100,100089,100,99464,100,100155,100,99439,100,100209,100,99432,100,100225,100,99390,100,100231,100,99378,100
2019-06-28 10:02:43.184598715,99974,100,99791,246,100006,246,99641,242,100011,242,99610,242,100018,242,99566,100,100048,100,99503,100,100089,100,99464,100,100138,100,99432,100,100155,100,99390,100,100209,100,99378,100,100225,100,99376,100
2019-06-28 10:02:43.482187185,99974,100,99792,100,100006,246,99791,246,100011,242,99641,242,100018,242,99610,242,100048,100,99566,100,100089,100,99503,100,100138,100,99464,100,100155,100,99432,100,100209,100,99390,100,100225,100,99378,100
2019-06-28 10:02:47.075498939,99974,100,99792,200,100006,246,99791,246,100011,242,99641,242,100018,242,99610,242,100048,100,99566,100,100089,100,99503,100,100138,100,99464,100,100155,100,99432,100,100209,100,99390,100,100225,100,99378,100
2019-06-28 10:02:50.000000000,99974,530,99792,630,100006,100,99791,100,100011,100,99641,100,100018,100,99610,100,100048,100,99566,100,100089,100,99503,100,100138,100,99464,100,100155,100,99432,100,100209,100,99390,100,100225,100,99378,100
2019-06-28 10:03:00.000000000,99974,186,99792,286,100006,186,99791,186,100011,186,99641,186,100018,186,99610,186,100048,186,99566,186,100089,100,99503,100,100138,100,99464,100,100155,100,99432,100,100209,100,99390,100,100225,100,99378,100
2019-06-28 10:03:08.462208880,99960,100,99792,286,99974,186,99791,186,100006,186,99641,186,100011,186,99610,186,100018,186,99566,186,100048,186,99503,100,100089,100,99464,100,100138,100,99432,100,100155,100,99390,100,100209,100,99378,100
2019-06-28 10:03:10.000000000,99960,246,99792,346,99974,242,99791,242,100006,242,99641,242,100011,100,99610,100,100018,100,99566,100,100048,100,99503,100,100089,100,99464,100,100138,100,99432,100,100155,100,99390,100,100209,100,99378,100
2019-06-28 10:03:11.061224415,99960,246,99792,346,99964,100,99791,242,99974,242,99641,242,100006,242,99610,100,100011,100,99566,100,100018,100,99503,100,100048,100,99464,100,100089,100,99432,100,100138,100,99390,100,100155,100,99378,100
2019-06-28 10:03:20.000000000,99960,246,99792,346,99964,242,99791,242,99974,242,99641,242,100006,100,99610,100,100011,100,99566,100,100018,100,99503,100,100048,100,99464,100,100089,100,99432,100,100138,100,99390,100,100155,100,99378,100
2019-06-28 10:03:25.763917255,99960,246,99792,246,99964,242,99791,242,99974,242,99641,242,100011,100,99610,100,100018,100,99566,100,100048,100,99503,100,100089,100,99464,100,100138,100,99432,100,100155,100,99390,100,100209,100,99378,100
2019-06-28 10:03:30.000000000,99960,530,99792,530,99964,100,99791,100,99974,100,99641,100,100011,100,99610,100,100018,100,99566,100,100048,100,99503,100,100089,100,99464,100,100138,100,99432,100,100155,100,99390,100,100209,100,99378,100
2019-06-28 10:03:32.355573398,99915,100,99792,530,99960,530,99791,100,99964,100,99641,100,99974,100,99610,100,100011,100,99566,100,100018,100,99503,100,100048,100,99464,100,100089,100,99432,100,100138,100,99390,100,100155,100,99378,100
2019-06-28 10:03:40.000000000,99915,208,99792,208,99960,208,99791,208,99964,208,99641,208,99974,208,99610,208,100011,100,99566,100,100018,100,99503,100,100048,100,99464,100,100089,100,99432,100,100138,100,99390,100,100155,100,99378,100
2019-06-28 10:03:42.857379448,99915,208,99792,208,99960,208,99791,208,99964,208,99680,100,99974,208,99641,208,100011,100,99610,208,100018,100,99566,100,100048,100,99503,100,100089,100,99464,100,100138,100,99432,100,100155,100,99390,100
2019-06-28 10:03:50.000000000,99915,208,99792,208,99960,208,99791,208,99964,208,99680,208,99974,208,99641,208,100011,100,99610,100,100018,100,99566,100,100048,100,99503,100,100089,100,99464,100,100138,100,99432,100,100155,100,99390,100
2019-06-28 10:03:53.217315544,99915,208,99792,208,99960,208,99791,208,99964,208,99709,100,99974,208,99680,208,100011,100,99641,208,100018,100,99610,100,100048,100,99566,100,100089,100,99503,100,100138,100,99464,100,100155,100,99432,100
2019-06-28 10:03:55.405825805,99915,208,99792,208,99960,208,99791,208,99964,208,99722,100,99974,208,99709,100,100011,100,99680,208,100018,100,99641,208,100048,100,99610,100,100089,100,99566,100,100138,100,99503,100,100155,100,99464,100
2019-06-28 10:04:00.000000000,99915,186,99792,186,99960,186,99791,186,99964,186,99722,186,99974,186,99709,186,100011,186,99680,186,100018,100,99641,100,100048,100,99610,100,100089,100,99566,100,100138,100,99503,100,100155,100,99464,100
2019-06-28 10:04:10.000000000,99915,315,99792,315,99960,315,99791,315,99964,100,99722,100,99974,100,99709,100,100011,100,99680,100,100018,100,99641,100,100048,100,99610,100,100089,100,99566,100,100138,100,99503,100,100155,100,99464,100
2019-06-28 10:04:12.681352392,99915,315,99792,315,99959,100,99791,315,99960,315,99722,100,99964,100,99709,100,99974,100,99680,100,100011,100,99641,100,100018,100,99610,100,100048,100,99566,100,100089,100,99503,100,100138,100,99464,100
2019-06-28 10:04:20.000000000,99915,246,99792,246,99959,242,99791,242,99960,242,99722,242,99964,100,99709,100,99974,100,99680,100,100011,100,99641,100,100018,100,99610,100,100048,100,99566,100,100089,100,99503,100,100138,100,99464,100
2019-06-28 10:04:30.000000000,99915,186,99792,186,99959,186,99791,186,99960,186,99722,186,99964,186,99709,186,99974,186,99680,186,100011,100,99641,100,100018,100,99610,100,100048,100,99566,100,100089,100,99503,100,100138,100,99464,100
2019-06-28 10:04:40.000000000,99915,530,99792,530,99959,100,99791,100,99960,100,99722,100,99964,100,99709,100,99974,100,99680,100,100011,100,99641,100,100018,100,99610,100,100048,100,99566,100,100089,100,99503,100,100138,100,99464,100
2019-06-28 10:04:50.000000000,99915,530,99792,530,99959,100,99791,100,99960,100,99722,100,99964,100,99709,100,99974,100,99680,100,100011,100,99641,100,100018,100,99610,100,100048,100,99566,100,100089,100,99503,100,100138,100,99464,100
2019-06-28 10:04:57.754649599,99915,530,99792,530,99922,100,99791,100,99959,100,99722,100,99960,100,99709,100,99964,100,99680,100,99974,100,99641,100,100011,100,99610,100,100018,100,99566,100,100048,100,99503,100,100089,100,99464,100
2019-06-28 10:05:00.000000000,99915,246,99792,246,99922,242,99791,242,99959,242,99722,242,99960,100,99709,100,99964,100,99680,100,99974,100,99641,100,100011,100,99610,100,100018,100,99566,100,100048,100,99503,100,100089,100,99464,100
2019-06-28 10:05:10.000000000,99915,315,99792,315,99922,315,99791,315,99959,100,99722,100,99960,100,99709,100,99964,100,99680,100,99974,100,99641,100,100011,100,99610,100,100018,100,99566,100,100048,100,99503,100,100089,100,99464,100
2019-06-28 10:05:14.594803949,99915,315,99792,315,99922,315,99791,315,99959,100,99722,100,99960,100,99709,100,99964,100,99680,100,99974,100,99641,100,100011,100,99610,100,100018,100,99566,100,100048,100,99503,100,100089,100,99464,100
2019-06-28 10:05:17.148672682,99915,315,99792,315,99922,315,99791,315,99959,100,99722,100,99960,100,99709,100,99964,100,99680,100,99974,100,99641,100,100011,100,99610,100,100018,100,99566,100,100048,100,99503,100,100089,100,99464,100
2019-06-28 10:05:20.000000000,99915,246,99792,246,99922,242,99791,242,99959,242,99722,242,99960,100,99709,100,99964,100,99680,100,99974,100,99641,100,100011,100,99610,100,100018,100,99566,100,100048,100,99503,100,100089,100,99464,100
2019-06-28 10:05:27.474170107,99915,246,99792,246,99922,242,99791,242,99959,242,99722,242,99960,100,99709,100,99964,100,99702,100,99974,100,99680,100,100011,100,99641,100,100018,100,99610,100,100048,100,99566,100,100089,100,99503,100
2019-06-28 10:05:30.000000000,99915,208,99792,208,99922,208,99791,208,99959,208,99722,208,99960,208,99709,208,99964,100,99702,100,99974,100,99680,100,100011,100,99641,100,100018,100,99610,100,100048,100,99566,100,100089,100,99503,100
2019-06-28 10:05:38.749415207,99915,208,99792,208,99922,208,99791,208,99959,208,99740,100,99960,208,99722,208,99964,100,99709,208,99974,100,99702,100,100018,100,99680,100,100048,100,99641,100,100089,100,99610,100,100138,100,99566,100
