,ask_price_1,ask_size_1,bid_price_1,bid_size_1,ask_price_2,ask_size_2,bid_price_2,bid_size_2,ask_price_3,ask_size_3,bid_price_3,bid_size_3,ask_price_4,ask_size_4,bid_price_4,bid_size_4,ask_price_5,ask_size_5,bid_price_5,bid_size_5,ask_price_6,ask_size_6,bid_price_6,bid_size_6,ask_price_7,ask_size_7,bid_price_7,bid_size_7,ask_price_8,ask_size_8,bid_price_8,bid_size_8,ask_price_9,ask_size_9,bid_price_9,bid_size_9,ask_price_10,ask_size_10,bid_price_10,bid_size_10
2019-06-28 09:30:00.000000000,,,100004,100,,,,,,,,,,,,,,,,,,,,,,,,,,,,,,,,,,,,
2019-06-28 09:30:00.000000002,,,,,,,,,,,,,,,,,,,,,,,,,,,,,,,,,,,,,,,,
2019-06-28 09:30:00.000000003,,,100106,100,,,,,,,,,,,,,,,,,,,,,,,,,,,,,,,,,,,,
2019-06-28 09:30:00.000000004,,,100106,100,,,100015,100,,,,,,,,,,,,,,,,,,,,,,,,,,,,,,,,
2019-06-28 09:30:00.000000009,,,100015,100,,,,,,,,,,,,,,,,,,,,,,,,,,,,,,,,,,,,
2019-06-28 09:30:00.000000011,100018,100,100015,100,,,,,,,,,,,,,,,,,,,,,,,,,,,,,,,,,,,,
2019-06-28 09:30:00.000000013,100018,100,100015,100,100112,100,99972,100,,,,,,,,,,,,,,,,,,,,,,,,,,,,,,,,
2019-06-28 09:30:00.000000017,100018,100,99972,100,100112,100,,,,,,,,,,,,,,,,,,,,,,,,,,,,,,,,,,
2019-06-28 09:30:00.000000019,100018,100,99972,100,100106,100,,,100112,100,,,,,,,,,,,,,,,,,,,,,,,,,,,,,,
2019-06-28 09:30:00.000000022,100018,100,99972,100,100106,100,99871,100,100112,100,,,,,,,,,,,,,,,,,,,,,,,,,,,,,,
2019-06-28 09:30:00.000000023,100018,100,99972,100,100106,200,99871,100,100112,100,,,,,,,,,,,,,,,,,,,,,,,,,,,,,,
2019-06-28 09:30:00.000000024,99991,100,99972,100,100018,100,99965,100,100106,200,99871,100,100112,100,,,,,,,,,,,,,,,,,,,,,,,,,,
2019-06-28 09:30:00.000000026,99991,100,99972,100,100018,100,99965,100,100030,100,99961,100,100106,200,99871,100,100112,100,99859,100,,,,,,,,,,,,,,,,,,,,
2019-06-28 09:30:00.000000029,99991,100,99972,100,100018,100,99965,100,100030,100,99961,100,100106,200,99871,100,100112,100,99860,100,,,99859,100,,,,,,,,,,,,,,,,
2019-06-28 09:30:00.000000031,99991,100,99972,100,100018,100,99965,100,100030,100,99961,100,100088,100,99871,100,100106,200,99860,100,100112,100,99859,100,,,,,,,,,,,,,,,,
2019-06-28 09:30:00.000000033,99991,100,99983,100,100018,100,99972,100,100030,100,99965,100,100088,100,99961,100,100106,200,99871,100,100112,100,99860,100,,,99859,100,,,,,,,,,,,,
2019-06-28 09:30:00.000000035,99991,100,99983,100,100018,100,99972,100,100030,100,99965,100,100088,100,99961,100,100106,200,99871,100,100112,100,99860,100,100190,100,99859,100,,,,,,,,,,,,
2019-06-28 09:30:00.000000040,99991,100,99983,100,100018,100,99972,100,100030,100,99965,100,100088,100,99961,100,100106,300,99871,100,100112,100,99860,100,100190,100,99859,100,,,,,,,,,,,,
2019-06-28 09:30:00.000000043,99991,100,99983,100,100018,100,99972,100,100030,100,99965,100,100088,100,99961,100,100106,300,99929,100,100112,100,99871,100,100190,100,99860,100,,,99859,100,,,,,,,,
2019-06-28 09:30:00.000000045,99991,100,99983,100,100018,100,99972,100,100030,100,99965,100,100088,100,99961,100,100106,400,99929,100,100112,100,99871,100,100190,100,99860,100,,,99859,100,,,,,,,,
2019-06-28 09:30:00.000000046,100018,100,99983,100,100030,100,99972,100,100088,100,99965,100,100106,400,99961,100,100107,100,99929,100,100112,100,99871,100,100190,100,99860,100,,,99859,100,,,,,,,,
2019-06-28 09:30:00.000000047,100018,100,99983,100,100030,100,99972,100,100088,100,99965,100,100106,400,99961,100,100107,100,99953,100,100112,100,99945,100,100190,100,99929,100,,,99871,100,,,99860,100,,,99859,100
2019-06-28 09:30:00.000000049,100018,100,99983,100,100030,100,99972,100,100063,100,99965,100,100088,100,99961,100,100106,400,99953,100,100107,100,99945,100,100112,100,99929,100,100190,100,99871,100,,,99860,100,,,99859,100
2019-06-28 09:30:00.000000055,100018,100,99983,100,100030,100,99972,100,100041,100,99967,100,100063,100,99965,100,100088,100,99961,100,100106,400,99956,100,100107,100,99953,100,100112,100,99945,100,100120,100,99929,100,100190,100,99871,100
2019-06-28 09:30:00.000000056,100018,100,99983,100,100030,100,99972,100,100040,100,99967,100,100041,100,99965,100,100063,100,99961,100,100088,100,99956,100,100106,400,99953,100,100107,100,99945,100,100112,100,99929,100,100120,100,99871,100
2019-06-28 09:30:00.000000057,100018,100,99983,100,100030,100,99972,100,100040,100,99967,100,100041,100,99965,100,100044,100,99961,100,100063,100,99956,100,100088,100,99953,100,100106,400,99945,100,100107,100,99929,100,100112,100,99871,100
2019-06-28 09:30:00.000000058,100018,100,99983,100,100030,100,99972,100,100040,100,99967,100,100041,100,99965,100,100044,100,99961,100,100063,100,99956,100,100066,100,99953,100,100088,100,99945,100,100106,400,99929,100,100107,100,99871,100
2019-06-28 09:30:00.000000060,100018,100,99991,100,100030,100,99983,100,100040,100,99972,100,100041,100,99967,100,100044,100,99965,100,100063,100,99961,100,100066,100,99956,100,100088,100,99953,100,100106,400,99945,100,100107,100,99929,100
2019-06-28 09:30:00.000000061,100018,100,99991,100,100030,100,99983,100,100040,100,99972,100,100041,100,99967,100,100044,100,99965,100,100063,100,99961,100,100066,100,99956,100,100088,100,99953,100,100097,100,99945,100,100106,400,99929,100
2019-06-28 09:30:00.000000062,100018,100,99991,100,100030,100,99983,100,100040,100,99972,100,100041,100,99967,100,100044,100,99965,100,100047,100,99961,100,100063,100,99956,100,100066,100,99953,100,100088,100,99945,100,100097,100,99929,100
2019-06-28 09:30:00.000000063,100030,100,99983,100,100040,100,99972,100,100041,100,99967,100,100044,100,99965,100,100047,100,99963,100,100063,100,99961,100,100066,100,99956,100,100088,100,99953,100,100097,100,99945,100,100106,400,99929,100
2019-06-28 09:30:00.000000065,100018,100,99983,100,100030,100,99972,100,100040,100,99967,100,100041,100,99965,100,100044,100,99963,100,100047,100,99961,100,100063,100,99956,100,100066,100,99953,100,100088,100,99945,100,100097,100,99929,100
2019-06-28 09:30:00.000000066,100018,100,99972,100,100030,100,99967,100,100040,100,99965,100,100041,100,99963,100,100044,100,99961,100,100047,100,99956,100,100063,100,99953,100,100066,100,99945,100,100088,100,99929,100,100097,100,99924,100
2019-06-28 09:30:00.000000067,100030,100,99972,100,100040,100,99967,100,100041,100,99965,100,100044,100,99963,100,100047,100,99961,100,100063,100,99956,100,100066,100,99953,100,100088,100,99945,100,100097,100,99929,100,100106,400,99924,100
2019-06-28 09:30:00.000000068,100030,100,99972,100,100040,100,99967,100,100041,100,99965,100,100044,100,99963,100,100047,100,99961,100,100063,100,99956,100,100066,100,99953,100,100084,100,99945,100,100088,100,99929,100,100097,100,99924,100
2019-06-28 09:30:00.000000070,100030,100,99972,100,100040,100,99967,100,100041,100,99965,100,100044,100,99963,100,100047,100,99961,100,100063,100,99956,100,100066,100,99953,100,100084,100,99945,100,100088,100,99929,100,100097,100,99924,100
2019-06-28 09:30:00.000000073,100030,100,99972,100,100040,100,99967,100,100041,100,99965,100,100044,100,99963,100,100047,100,99961,100,100063,100,99956,100,100066,100,99953,100,100084,100,99945,100,100088,100,99929,100,100097,100,99924,100
2019-06-28 09:30:00.000000077,100018,100,99972,100,100030,100,99967,100,100040,100,99965,100,100041,100,99963,100,100044,100,99961,100,100047,100,99956,100,100063,100,99953,100,100066,100,99945,100,100084,100,99929,100,100088,100,99924,100
2019-06-28 09:30:00.000000078,100018,100,99967,100,100030,100,99965,100,100040,100,99963,100,100041,100,99961,100,100044,100,99956,100,100047,100,99953,100,100063,100,99945,100,100066,100,99929,100,100084,100,99924,100,100088,100,99901,100
2019-06-28 09:30:00.000000079,100018,100,99967,100,100030,100,99965,100,100040,100,99963,100,100041,100,99961,100,100044,100,99956,100,100047,100,99953,100,100063,100,99945,100,100066,100,99929,100,100084,100,99924,100,100088,100,99901,100
2019-06-28 09:30:00.000000080,100018,100,99967,100,100030,100,99965,100,100040,100,99963,100,100041,100,99961,100,100044,100,99956,100,100047,100,99953,100,100063,100,99945,100,100066,100,99933,100,100071,100,99929,100,100084,100,99924,100
2019-06-28 09:30:00.000000081,100018,100,99967,100,100030,100,99965,100,100033,100,99963,100,100040,100,99961,100,100041,100,99956,100,100044,100,99953,100,100047,100,99945,100,100063,100,99933,100,100066,100,99929,100,100071,100,99924,100
2019-06-28 09:30:00.000000085,100018,100,100015,100,100030,100,99967,100,100033,100,99965,100,100040,100,99963,100,100041,100,99961,100,100044,100,99956,100,100047,100,99953,100,100063,100,99945,100,100066,100,99933,100,100071,100,99929,100
2019-06-28 09:30:00.000000089,100018,100,100015,100,100030,100,99967,100,100033,100,99965,100,100040,100,99963,100,100041,100,99961,100,100044,100,99956,100,100047,100,99953,100,100063,100,99945,100,100066,100,99933,100,100071,100,99929,100
2019-06-28 09:30:00.000000090,100018,100,100015,100,100030,100,99967,100,100033,100,99965,100,100040,100,99963,100,100041,100,99961,100,100044,100,99956,100,100047,100,99953,100,100063,100,99950,100,100066,100,99945,100,100071,100,99933,100
2019-06-28 09:30:00.000000093,100018,100,100015,100,100030,100,99972,100,100033,100,99967,100,100040,100,99965,100,100041,100,99963,100,100044,100,99961,100,100047,100,99956,100,100063,100,99953,100,100066,100,99950,100,100071,100,99945,100
2019-06-28 09:30:00.000000094,100018,100,100015,100,100030,100,99972,100,100033,100,99967,100,100040,100,99965,100,100041,100,99963,100,100044,100,99961,100,100047,100,99956,100,100063,100,99953,100,100066,100,99950,100,100071,100,99945,100
2019-06-28 09:30:00.000000096,100030,100,100015,100,100033,100,99972,100,100040,100,99967,100,100041,100,99965,100,100044,100,99963,100,100047,100,99961,100,100063,100,99956,100,100066,100,99953,100,100071,100,99950,100,100084,100,99945,100
2019-06-28 09:30:10.000000000,100030,185,100015,185,100033,185,99972,185,100040,185,99967,185,100041,185,99965,185,100044,185,99963,185,100047,100,99961,100,100063,100,99956,100,100066,100,99953,100,100071,100,99950,100,100084,100,99945,100
2019-06-28 09:30:20.000000000,100030,206,100015,206,100033,206,99972,206,100040,206,99967,206,100041,206,99965,206,100044,100,99963,100,100047,100,99961,100,100063,100,99956,100,100066,100,99953,100,100071,100,99950,100,100084,100,99945,100
2019-06-28 09:30:27.121092550,100030,206,100015,206,100033,206,99973,100,100040,206,99972,206,100041,206,99967,206,100044,100,99965,206,100047,100,99963,100,100063,100,99961,100,100066,100,99956,100,100071,100,99953,100,100084,100,99950,100
2019-06-28 09:30:30.000000000,100030,185,100015,185,100033,185,99973,185,100040,185,99972,185,100041,185,99967,185,100044,185,99965,185,100047,100,99963,100,100063,100,99961,100,100066,100,99956,100,100071,100,99953,100,100084,100,99950,100
2019-06-28 09:30:40.000000000,100030,206,100015,206,100033,206,99973,206,100040,206,99972,206,100041,206,99967,206,100044,100,99965,100,100047,100,99963,100,100063,100,99961,100,100066,100,99956,100,100071,100,99953,100,100084,100,99950,100
2019-06-28 09:30:50.000000000,100030,185,100015,185,100033,185,99973,185,100040,185,99972,185,100041,185,99967,185,100044,185,99965,185,100047,100,99963,100,100063,100,99961,100,100066,100,99956,100,100071,100,99953,100,100084,100,99950,100
2019-06-28 09:30:58.603131063,100030,185,100015,185,100033,185,99973,185,100040,185,99972,185,100041,185,99967,185,100044,185,99965,185,100047,100,99963,100,100063,100,99961,100,100066,100,99956,100,100071,100,99953,100,100084,100,99950,100
2019-06-28 09:30:59.436728780,100030,185,100015,185,100033,185,99973,185,100040,185,99972,185,100041,185,99967,185,100044,185,99965,85,100047,100,99963,100,100063,100,99961,100,100066,100,99956,100,100071,100,99953,100,100084,100,99950,100
2019-06-28 09:31:00.000000000,100030,206,100015,206,100033,206,99973,206,100040,206,99972,206,100041,206,99967,206,100044,100,99963,100,100047,100,99961,100,100063,100,99956,100,100066,100,99953,100,100071,100,99950,100,100084,100,99945,100
2019-06-28 09:31:04.673484236,100030,206,100015,106,100033,206,99973,206,100040,206,99972,206,100041,206,99967,206,100044,100,99963,100,100047,100,99961,100,100063,100,99956,100,100066,100,99953,100,100071,100,99950,100,100084,100,99945,100
2019-06-28 09:31:10.000000000,100030,312,99973,312,100033,312,99972,312,100040,100,99967,100,100041,100,99963,100,100044,100,99961,100,100047,100,99956,100,100063,100,99953,100,100066,100,99950,100,100071,100,99945,100,100084,100,99933,100
2019-06-28 09:31:20.000000000,100030,312,99973,312,100033,312,99972,312,100040,100,99967,100,100041,100,99963,100,100044,100,99961,100,100047,100,99956,100,100063,100,99953,100,100066,100,99950,100,100071,100,99945,100,100084,100,99933,100
2019-06-28 09:31:30.000000000,100030,244,99973,244,100033,240,99972,240,100040,240,99967,240,100041,100,99963,100,100044,100,99961,100,100047,100,99956,100,100063,100,99953,100,100066,100,99950,100,100071,100,99945,100,100084,100,99933,100
2019-06-28 09:31:37.712584491,100030,244,99973,244,100033,240,99972,240,100040,240,99967,140,100041,100,99963,100,100044,100,99961,100,100047,100,99956,100,100063,100,99953,100,100066,100,99950,100,100071,100,99945,100,100084,100,99933,100
2019-06-28 09:31:40.000000000,100030,312,99973,312,100033,312,99972,312,100040,100,99963,100,100041,100,99961,100,100044,100,99956,100,100047,100,99953,100,100063,100,99950,100,100066,100,99945,100,100071,100,99933,100,100084,100,99929,100
2019-06-28 09:31:50.000000000,100030,206,99973,206,100033,206,99972,206,100040,206,99963,206,100041,206,99961,206,100044,100,99956,100,100047,100,99953,100,100063,100,99950,100,100066,100,99945,100,100071,100,99933,100,100084,100,99929,100
2019-06-28 09:31:50.612656599,100018,100,99973,206,100030,206,99972,206,100033,206,99963,206,100040,206,99961,206,100041,206,99956,100,100044,100,99953,100,100047,100,99950,100,100063,100,99945,100,100066,100,99933,100,100071,100,99929,100
2019-06-28 09:31:54.421736469,100018,200,99973,206,100030,206,99972,206,100033,206,99963,206,100040,206,99961,206,100041,206,99956,100,100044,100,99953,100,100047,100,99950,100,100063,100,99945,100,100066,100,99933,100,100071,100,99929,100
2019-06-28 09:32:00.000000000,100018,624,99973,524,100030,100,99972,100,100033,100,99963,100,100040,100,99961,100,100041,100,99956,100,100044,100,99953,100,100047,100,99950,100,100063,100,99945,100,100066,100,99933,100,100071,100,99929,100
2019-06-28 09:32:10.000000000,100018,412,99973,312,100030,312,99972,312,100033,100,99963,100,100040,100,99961,100,100041,100,99956,100,100044,100,99953,100,100047,100,99950,100,100063,100,99945,100,100066,100,99933,100,100071,100,99929,100
2019-06-28 09:32:20.000000000,100018,412,99973,312,100030,312,99972,312,100033,100,99963,100,100040,100,99961,100,100041,100,99956,100,100044,100,99953,100,100047,100,99950,100,100063,100,99945,100,100066,100,99933,100,100071,100,99929,100
2019-06-28 09:32:23.200977631,100018,512,99973,312,100030,312,99972,312,100033,100,99963,100,100040,100,99961,100,100041,100,99956,100,100044,100,99953,100,100047,100,99950,100,100063,100,99945,100,100066,100,99933,100,100071,100,99929,100
2019-06-28 09:32:23.265644010,100018,612,99973,312,100030,312,99972,312,100033,100,99963,100,100040,100,99961,100,100041,100,99956,100,100044,100,99953,100,100047,100,99950,100,100063,100,99945,100,100066,100,99933,100,100071,100,99929,100
2019-06-28 09:32:26.615265152,100018,612,99973,312,100030,312,99972,312,100033,100,99963,100,100040,100,99961,100,100041,100,99956,100,100044,100,99953,100,100047,100,99950,100,100063,100,99945,100,100066,100,99933,100,100071,100,99929,100
2019-06-28 09:32:30.000000000,100018,612,99973,312,100030,312,99972,312,100033,100,99963,100,100040,100,99961,100,100041,100,99956,100,100044,100,99953,100,100047,100,99950,100,100063,100,99945,100,100066,100,99933,100,100071,100,99929,100
2019-06-28 09:32:40.000000000,100018,612,99973,312,100030,312,99972,312,100033,100,99963,100,100040,100,99961,100,100041,100,99956,100,100044,100,99953,100,100047,100,99950,100,100063,100,99945,100,100066,100,99933,100,100071,100,99929,100
2019-06-28 09:32:40.585989593,100018,612,99973,312,100030,312,99972,312,100033,100,99963,100,100040,100,99961,100,100041,100,99956,100,100044,100,99953,100,100047,100,99950,100,100063,100,99945,100,100066,100,99933,100,100071,100,99929,100
2019-06-28 09:32:50.000000000,100018,485,99973,185,100030,185,99972,185,100033,185,99963,185,100040,185,99961,185,100041,185,99956,185,100044,100,99953,100,100047,100,99950,100,100063,100,99945,100,100066,100,99933,100,100071,100,99929,100
2019-06-28 09:32:55.816001253,100018,485,99973,185,100030,185,99972,185,100033,185,99963,185,100040,185,99961,185,100041,185,99956,185,100044,100,99953,100,100047,100,99950,100,100063,100,99945,100,100066,100,99933,100,100071,100,99929,100
2019-06-28 09:33:00.000000000,100018,506,99973,206,100030,206,99972,206,100033,206,99963,206,100040,206,99961,206,100041,100,99956,100,100044,100,99953,100,100047,100,99950,100,100063,100,99945,100,100066,100,99933,100,100071,100,99929,100
2019-06-28 09:33:10.000000000,100018,824,99973,524,100030,100,99972,100,100033,100,99963,100,100040,100,99961,100,100041,100,99956,100,100044,100,99953,100,100047,100,99950,100,100063,100,99945,100,100066,100,99933,100,100071,100,99929,100
2019-06-28 09:33:19.505215600,100018,824,99973,424,100030,100,99972,100,100033,100,99963,100,100040,100,99961,100,100041,100,99956,100,100044,100,99953,100,100047,100,99950,100,100063,100,99945,100,100066,100,99933,100,100071,100,99901,100
2019-06-28 09:33:20.000000000,100018,506,99972,206,100030,206,99963,206,100033,206,99961,206,100040,206,99956,206,100041,100,99953,100,100044,100,99950,100,100047,100,99945,100,100063,100,99933,100,100066,100,99901,100,100071,100,99871,100
2019-06-28 09:33:30.000000000,100018,544,99972,244,100030,240,99963,240,100033,240,99961,240,100040,100,99956,100,100041,100,99953,100,100044,100,99950,100,100047,100,99945,100,100063,100,99933,100,100066,100,99901,100,100071,100,99871,100
2019-06-28 09:33:40.000000000,100018,612,99972,312,100030,312,99963,312,100033,100,99961,100,100040,100,99956,100,100041,100,99953,100,100044,100,99950,100,100047,100,99945,100,100063,100,99933,100,100066,100,99901,100,100071,100,99871,100
2019-06-28 09:33:50.000000000,100018,544,99972,244,100030,240,99963,240,100033,240,99961,240,100040,100,99956,100,100041,100,99953,100,100044,100,99950,100,100047,100,99945,100,100063,100,99933,100,100066,100,99901,100,100071,100,99871,100
2019-06-28 09:33:55.005400596,100018,444,99972,244,100030,240,99963,240,100033,240,99961,240,100040,100,99956,100,100041,100,99953,100,100044,100,99950,100,100047,100,99945,100,100063,100,99933,100,100066,100,99901,100,100071,100,99871,100
2019-06-28 09:34:00.000000000,100018,444,99972,244,100030,240,99963,240,100033,240,99961,240,100040,100,99956,100,100041,100,99953,100,100044,100,99950,100,100047,100,99945,100,100063,100,99933,100,100066,100,99901,100,100071,100,99871,100
2019-06-28 09:34:07.722773542,100018,444,99972,144,100030,240,99963,240,100033,240,99961,240,100040,100,99956,100,100041,100,99953,100,100044,100,99950,100,100047,100,99945,100,100063,100,99933,100,100066,100,99901,100,100071,100,99871,100
2019-06-28 09:34:10.000000000,100018,512,99963,312,100030,312,99961,312,100033,100,99956,100,100040,100,99953,100,100041,100,99950,100,100044,100,99945,100,100047,100,99933,100,100063,100,99901,100,100066,100,99871,100,100071,100,99860,100
2019-06-28 09:34:20.000000000,100018,385,99963,185,100030,185,99961,185,100033,185,99956,185,100040,185,99953,185,100041,185,99950,185,100044,100,99945,100,100047,100,99933,100,100063,100,99901,100,100066,100,99871,100,100071,100,99860,100
2019-06-28 09:34:30.000000000,100018,444,99963,244,100030,240,99961,240,100033,240,99956,240,100040,100,99953,100,100041,100,99950,100,100044,100,99945,100,100047,100,99933,100,100063,100,99901,100,100066,100,99871,100,100071,100,99860,100
2019-06-28 09:34:40.000000000,100018,406,99963,206,100030,206,99961,206,100033,206,99956,206,100040,206,99953,206,100041,100,99950,100,100044,100,99945,100,100047,100,99933,100,100063,100,99901,100,100066,100,99871,100,100071,100,99860,100
2019-06-28 09:34:40.469157152,99973,100,99963,206,100018,406,99961,206,100030,206,99956,206,100033,206,99953,206,100040,206,99950,100,100041,100,99945,100,100044,100,99933,100,100047,100,99901,100,100063,100,99871,100,100066,100,99860,100
2019-06-28 09:34:50.000000000,99973,312,99963,312,100018,512,99961,312,100030,100,99956,100,100033,100,99953,100,100040,100,99950,100,100041,100,99945,100,100044,100,99933,100,100047,100,99901,100,100063,100,99871,100,100066,100,99860,100
2019-06-28 09:35:00.000000000,99973,312,99963,312,100018,512,99961,312,100030,100,99956,100,100033,100,99953,100,100040,100,99950,100,100041,100,99945,100,100044,100,99933,100,100047,100,99901,100,100063,100,99871,100,100066,100,99860,100
2019-06-28 09:35:10.000000000,99973,244,99963,244,100018,440,99961,240,100030,240,99956,240,100033,100,99953,100,100040,100,99950,100,100041,100,99945,100,100044,100,99933,100,100047,100,99901,100,100063,100,99871,100,100066,100,99860,100
2019-06-28 09:35:18.054968736,99973,244,99963,144,100018,440,99961,240,100030,240,99956,240,100033,100,99953,100,100040,100,99950,100,100041,100,99945,100,100044,100,99933,100,100047,100,99901,100,100063,100,99871,100,100066,100,99860,100
2019-06-28 09:35:20.000000000,99973,244,99961,244,100018,440,99956,240,100030,240,99953,240,100033,100,99950,100,100040,100,99945,100,100041,100,99933,100,100044,100,99901,100,100047,100,99871,100,100063,100,99860,100,100066,100,99859,100
2019-06-28 09:35:30.000000000,99973,524,99961,524,100018,300,99956,100,100030,100,99953,100,100033,100,99950,100,100040,100,99945,100,100041,100,99933,100,100044,100,99901,100,100047,100,99871,100,100063,100,99860,100,100066,100,99859,100
2019-06-28 09:35:40.000000000,99973,206,99961,206,100018,406,99956,206,100030,206,99953,206,100033,206,99950,206,100040,100,99945,100,100041,100,99933,100,100044,100,99901,100,100047,100,99871,100,100063,100,99860,100,100066,100,99859,100
2019-06-28 09:35:50.000000000,99973,185,99961,185,100018,385,99956,185,100030,185,99953,185,100033,185,99950,185,100040,185,99945,185,100041,100,99933,100,100044,100,99901,100,100047,100,99871,100,100063,100,99860,100,100066,100,99859,100
2019-06-28 09:35:54.761018795,99973,185,99961,185,100018,385,99956,185,100030,185,99953,185,100033,185,99950,185,100040,185,99945,185,100041,100,99933,100,100044,100,99901,100,100047,100,99871,100,100063,100,99860,100,100066,100,99859,100
2019-06-28 09:35:57.502935600,99972,100,99961,185,99973,185,99956,185,100018,385,99953,185,100030,185,99950,185,100033,185,99945,185,100040,185,99933,100,100041,100,99901,100,100044,100,99871,100,100047,100,99860,100,100063,100,99859,100
2019-06-28 09:36:00.000000000,99972,312,99961,312,99973,312,99956,312,100018,300,99953,100,100030,100,99950,100,100033,100,99945,100,100040,100,99933,100,100041,100,99901,100,100044,100,99871,100,100047,100,99860,100,100063,100,99859,100
2019-06-28 09:36:10.000000000,99972,244,99961,244,99973,240,99956,240,100018,440,99953,240,100030,100,99950,100,100033,100,99945,100,100040,100,99933,100,100041,100,99901,100,100044,100,99871,100,100047,100,99860,100,100063,100,99859,100
2019-06-28 09:36:19.591248453,99972,244,99961,244,99973,240,99956,240,100018,440,99953,240,100030,100,99950,100,100033,100,99945,100,100040,100,99933,100,100041,100,99901,100,100044,100,99871,100,100047,100,99860,100,100063,100,99859,100
2019-06-28 09:36:20.000000000,99972,244,99961,244,99973,240,99956,240,100018,440,99953,240,100030,100,99950,100,100033,100,99945,100,100040,100,99933,100,100041,100,99901,100,100044,100,99871,100,100047,100,99860,100,100063,100,99859,100
2019-06-28 09:36:30.000000000,99972,244,99961,244,99973,240,99956,240,100018,440,99953,240,100030,100,99950,100,100033,100,99945,100,100040,100,99933,100,100041,100,99901,100,100044,100,99871,100,100047,100,99860,100,100063,100,99859,100
2019-06-28 09:36:31.779016593,99972,244,99961,144,99973,240,99956,240,100018,440,99953,240,100030,100,99950,100,100033,100,99945,100,100040,100,99933,100,100041,100,99901,100,100044,100,99871,100,100047,100,99860,100,100063,100,99859,100
2019-06-28 09:36:36.047524568,99972,244,99961,44,99973,240,99956,240,100018,440,99953,240,100030,100,99950,100,100033,100,99945,100,100040,100,99933,100,100041,100,99901,100,100044,100,99871,100,100047,100,99860,100,100063,100,99859,100
2019-06-28 09:36:40.000000000,99972,206,99956,206,99973,206,99953,206,100018,406,99950,206,100030,206,99945,206,100033,100,99933,100,100040,100,99901,100,100041,100,99871,100,100044,100,99860,100,100047,100,99859,100,100063,100,99660,100
2019-06-28 09:36:47.488452484,99972,206,99956,106,99973,206,99953,206,100018,406,99950,206,100030,206,99945,206,100033,100,99933,100,100040,100,99901,100,100041,100,99871,100,100044,100,99860,100,100047,100,99859,100,100063,100,99660,100
2019-06-28 09:36:50.000000000,99972,312,99953,312,99973,312,99950,312,100018,300,99945,100,100030,100,99933,100,100033,100,99901,100,100040,100,99871,100,100041,100,99860,100,100044,100,99859,100,100047,100,99660,100,100063,100,99608,100
2019-06-28 09:37:00.000000000,99972,312,99953,312,99973,312,99950,312,100018,300,99945,100,100030,100,99933,100,100033,100,99901,100,100040,100,99871,100,100041,100,99860,100,100044,100,99859,100,100047,100,99660,100,100063,100,99608,100
2019-06-28 09:37:10.000000000,99972,312,99953,312,99973,312,99950,312,100018,300,99945,100,100030,100,99933,100,100033,100,99901,100,100040,100,99871,100,100041,100,99860,100,100044,100,99859,100,100047,100,99660,100,100063,100,99608,100
2019-06-28 09:37:20.000000000,99972,185,99953,185,99973,185,99950,185,100018,385,99945,185,100030,185,99933,185,100033,185,99901,185,100040,100,99871,100,100041,100,99860,100,100044,100,99859,100,100047,100,99660,100,100063,100,99608,100
2019-06-28 09:37:20.086396452,99972,185,99953,85,99973,185,99950,185,100018,385,99945,185,100030,185,99933,185,100033,185,99901,185,100040,100,99871,100,100041,100,99860,100,100044,100,99859,100,100047,100,99660,100,100063,100,99608,100
2019-06-28 09:37:26.759046695,99972,185,99953,85,99973,185,99950,185,100018,385,99945,185,100030,185,99933,185,100033,185,99901,185,100040,100,99871,100,100041,100,99860,100,100044,100,99859,100,100047,100,99660,100,100063,100,99608,100
2019-06-28 09:37:30.000000000,99972,524,99950,524,99973,100,99945,100,100018,300,99933,100,100030,100,99901,100,100033,100,99871,100,100040,100,99860,100,100041,100,99859,100,100044,100,99660,100,100047,100,99608,100,100063,100,99285,100
2019-06-28 09:37:35.322067945,99972,524,99950,424,99973,100,99945,100,100018,300,99933,100,100030,100,99901,100,100033,100,99871,100,100040,100,99860,100,100041,100,99859,100,100044,100,99660,100,100047,100,99608,100,100063,100,99285,100
2019-06-28 09:37:40.000000000,99972,185,99945,185,99973,185,99933,185,100018,385,99901,185,100030,185,99871,185,100033,185,99860,185,100040,100,99859,100,100041,100,99660,100,100044,100,99608,100,100047,100,99285,100,100063,100,99214,100
2019-06-28 09:37:50.000000000,99972,185,99945,185,99973,185,99933,185,100018,385,99901,185,100030,185,99871,185,100033,185,99860,185,100040,100,99859,100,100041,100,99660,100,100044,100,99608,100,100047,100,99285,100,100063,100,99214,100
2019-06-28 09:37:53.279313765,99972,185,99945,185,99973,185,99933,185,100018,385,99901,185,100030,185,99871,185,100033,185,99860,185,100040,100,99859,100,100044,100,99660,100,100047,100,99608,100,100063,100,99285,100,100066,100,99214,100
2019-06-28 09:38:00.000000000,99972,312,99945,312,99973,312,99933,312,100018,300,99901,100,100030,100,99871,100,100033,100,99860,100,100040,100,99859,100,100044,100,99660,100,100047,100,99608,100,100063,100,99285,100,100066,100,99214,100
2019-06-28 09:38:10.000000000,99972,524,99945,524,99973,100,99933,100,100018,300,99901,100,100030,100,99871,100,100033,100,99860,100,100040,100,99859,100,100044,100,99660,100,100047,100,99608,100,100063,100,99285,100,100066,100,99214,100
2019-06-28 09:38:20.000000000,99972,185,99945,185,99973,185,99933,185,100018,385,99901,185,100030,185,99871,185,100033,185,99860,185,100040,100,99859,100,100044,100,99660,100,100047,100,99608,100,100063,100,99285,100,100066,100,99214,100
2019-06-28 09:38:30.000000000,99972,185,99945,185,99973,185,99933,185,100018,385,99901,185,100030,185,99871,185,100033,185,99860,185,100040,100,99859,100,100044,100,99660,100,100047,100,99608,100,100063,100,99285,100,100066,100,99214,100
2019-06-28 09:38:40.000000000,99972,312,99945,312,99973,312,99933,312,100018,300,99901,100,100030,100,99871,100,100033,100,99860,100,100040,100,99859,100,100044,100,99660,100,100047,100,99608,100,100063,100,99285,100,100066,100,99214,100
2019-06-28 09:38:45.862949572,99972,312,99945,212,99973,312,99933,312,100018,300,99901,100,100030,100,99871,100,100033,100,99860,100,100040,100,99859,100,100044,100,99660,100,100047,100,99608,100,100063,100,99285,100,100066,100,99214,100
2019-06-28 09:38:50.000000000,99972,312,99933,312,99973,312,99901,312,100018,300,99871,100,100030,100,99860,100,100033,100,99859,100,100040,100,99660,100,100044,100,99608,100,100047,100,99285,100,100063,100,99214,100,100066,100,99182,100
2019-06-28 09:38:51.179613393,99972,312,99933,312,99973,312,99901,312,100018,300,99871,100,100030,100,99860,100,100033,100,99859,100,100040,100,99660,100,100044,100,99608,100,100047,100,99285,100,100063,100,99214,100,100066,100,99182,100
2019-06-28 09:39:00.000000000,99972,244,99933,244,99973,240,99901,240,100018,440,99871,240,100030,100,99860,100,100033,100,99859,100,100040,100,99660,100,100044,100,99608,100,100047,100,99285,100,100063,100,99214,100,100066,100,99182,100
2019-06-28 09:39:01.377615496,99972,244,99933,144,99973,240,99901,240,100018,440,99871,240,100030,100,99860,100,100033,100,99859,100,100040,100,99660,100,100044,100,99608,100,100047,100,99285,100,100063,100,99214,100,100066,100,99182,100
2019-06-28 09:39:10.000000000,99972,206,99901,206,99973,206,99871,206,100018,406,99860,206,100030,206,99859,206,100033,100,99660,100,100040,100,99608,100,100044,100,99285,100,100047,100,99214,100,100063,100,99182,100,100066,100,99044,100
2019-06-28 09:39:20.000000000,99972,312,99901,312,99973,312,99871,312,100018,300,99860,100,100030,100,99859,100,100033,100,99660,100,100040,100,99608,100,100044,100,99285,100,100047,100,99214,100,100063,100,99182,100,100066,100,99044,100
2019-06-28 09:39:30.000000000,99972,524,99901,524,99973,100,99871,100,100018,300,99860,100,100030,100,99859,100,100033,100,99660,100,100040,100,99608,100,100044,100,99285,100,100047,100,99214,100,100063,100,99182,100,100066,100,99044,100
2019-06-28 09:39:40.000000000,99972,524,99901,524,99973,100,99871,100,100018,300,99860,100,100030,100,99859,100,100033,100,99660,100,100040,100,99608,100,100044,100,99285,100,100047,100,99214,100,100063,100,99182,100,100066,100,99044,100
2019-06-28 09:39:43.944712549,99945,100,99901,524,99972,524,99871,100,100018,300,99860,100,100030,100,99859,100,100033,100,99660,100,100040,100,99608,100,100044,100,99285,100,100047,100,99214,100,100063,100,99182,100,100066,100,99044,100
2019-06-28 09:39:44.148073133,99945,100,99901,524,99972,524,99871,100,100018,300,99860,100,100030,100,99859,100,100033,100,99660,100,100040,100,99608,100,100044,100,99285,100,100047,100,99214,100,100063,100,99182,100,100066,100,99044,100
2019-06-28 09:39:44.582009754,99945,100,99901,524,99972,524,99871,100,100018,300,99860,100,100030,100,99859,100,100040,100,99660,100,100044,100,99608,100,100047,100,99285,100,100063,100,99214,100,100066,100,99182,100,100084,100,99044,100
2019-06-28 09:39:49.511520981,99945,100,99901,524,99972,524,99871,100,100018,300,99860,100,100040,100,99859,100,100044,100,99660,100,100047,100,99608,100,100063,100,99285,100,100066,100,99214,100,100084,100,99182,100,100088,100,99044,100
2019-06-28 09:39:50.000000000,99945,185,99901,185,99972,185,99871,185,100018,385,99860,185,100040,185,99859,185,100044,185,99660,185,100047,100,99608,100,100063,100,99285,100,100066,100,99214,100,100084,100,99182,100,100088,100,99044,100
2019-06-28 09:40:00.000000000,99945,524,99901,524,99972,100,99871,100,100018,300,99860,100,100040,100,99859,100,100044,100,99660,100,100047,100,99608,100,100063,100,99285,100,100066,100,99214,100,100084,100,99182,100,100088,100,99044,100
2019-06-28 09:40:03.023346696,99945,524,99901,424,99972,100,99871,100,100018,300,99860,100,100040,100,99859,100,100044,100,99660,100,100047,100,99608,100,100063,100,99285,100,100066,100,99214,100,100084,100,99182,100,100088,100,99044,100
2019-06-28 09:40:07.917995421,99945,524,99901,424,99972,100,99871,100,100018,300,99860,100,100040,100,99859,100,100044,100,99660,100,100047,100,99608,100,100063,100,99285,100,100066,100,99214,100,100088,100,99182,100,100097,100,99044,100
2019-06-28 09:40:10.000000000,99945,524,99871,524,99972,100,99860,100,100018,300,99859,100,100040,100,99660,100,100044,100,99608,100,100047,100,99285,100,100063,100,99214,100,100066,100,99182,100,100088,100,99044,100,100097,100,98427,100
2019-06-28 09:40:20.000000000,99945,244,99871,244,99972,240,99860,240,100018,440,99859,240,100040,100,99660,100,100044,100,99608,100,100047,100,99285,100,100063,100,99214,100,100066,100,99182,100,100088,100,99044,100,100097,100,98427,100
2019-06-28 09:40:21.004001236,99945,244,99871,244,99972,240,99860,240,100018,440,99859,240,100040,100,99660,100,100044,100,99608,100,100047,100,99285,100,100063,100,99214,100,100066,100,99182,100,100088,100,99044,100,100097,100,98427,100
2019-06-28 09:40:24.607628673,99945,244,99871,144,99972,240,99860,240,100018,440,99859,240,100040,100,99660,100,100044,100,99608,100,100047,100,99285,100,100063,100,99214,100,100066,100,99182,100,100088,100,99044,100,100097,100,98427,100
2019-06-28 09:40:30.000000000,99945,244,99860,244,99972,240,99859,240,100018,440,99660,240,100040,100,99608,100,100044,100,99285,100,100047,100,99214,100,100063,100,99182,100,100066,100,99044,100,100088,100,98427,100,100097,100,98174,100
2019-06-28 09:40:31.936215094,99945,244,99860,244,99972,240,99859,240,100018,340,99660,240,100040,100,99608,100,100044,100,99285,100,100047,100,99214,100,100063,100,99182,100,100066,100,99044,100,100088,100,98427,100,100097,100,98174,100
2019-06-28 09:40:40.000000000,99945,206,99860,206,99972,206,99859,206,100018,306,99660,206,100040,206,99608,206,100044,100,99285,100,100047,100,99214,100,100063,100,99182,100,100066,100,99044,100,100088,100,98427,100,100097,100,98174,100
2019-06-28 09:40:40.104855078,99945,206,99860,106,99972,206,99859,206,100018,306,99660,206,100040,206,99608,206,100044,100,99285,100,100047,100,99214,100,100063,100,99182,100,100066,100,99044,100,100088,100,98427,100,100097,100,98174,100
2019-06-28 09:40:43.034333236,99945,206,99860,106,99972,206,99859,206,100018,306,99660,206,100040,206,99608,206,100044,100,99285,100,100047,100,99214,100,100063,100,99182,100,100066,100,99044,100,100088,100,98427,100,100097,100,98174,100
2019-06-28 09:40:50.000000000,99945,185,99859,185,99972,185,99660,185,100018,285,99608,185,100040,185,99285,185,100044,185,99214,185,100047,100,99182,100,100063,100,99044,100,100066,100,98427,100,100088,100,98174,100,100097,100,98143,100
2019-06-28 09:41:00.000000000,99945,206,99859,206,99972,206,99660,206,100018,306,99608,206,100040,206,99285,206,100044,100,99214,100,100047,100,99182,100,100063,100,99044,100,100066,100,98427,100,100088,100,98174,100,100097,100,98143,100
2019-06-28 09:41:09.523871110,99945,206,99859,206,99972,206,99660,206,100018,306,99608,206,100040,206,99285,206,100044,100,99214,100,100047,100,99182,100,100063,100,99044,100,100088,100,98583,100,100097,100,98427,100,100106,100,98174,100
2019-06-28 09:41:10.000000000,99945,206,99859,206,99972,206,99660,206,100018,306,99608,206,100040,206,99285,206,100044,100,99214,100,100047,100,99182,100,100063,100,99044,100,100088,100,98583,100,100097,100,98427,100,100106,100,98174,100
2019-06-28 09:41:20.000000000,99945,312,99859,312,99972,312,99660,312,100018,200,99608,100,100040,100,99285,100,100044,100,99214,100,100047,100,99182,100,100063,100,99044,100,100088,100,98583,100,100097,100,98427,100,100106,100,98174,100
2019-06-28 09:41:30.000000000,99945,206,99859,206,99972,206,99660,206,100018,306,99608,206,100040,206,99285,206,100044,100,99214,100,100047,100,99182,100,100063,100,99044,100,100088,100,98583,100,100097,100,98427,100,100106,100,98174,100
2019-06-28 09:41:31.195729727,99945,206,99859,206,99972,206,99660,206,100018,306,99608,206,100040,206,99285,206,100044,100,99214,100,100047,100,99182,100,100088,100,99044,100,100097,100,98583,100,100106,100,98427,100,100112,100,98408,100
2019-06-28 09:41:40.000000000,99945,206,99859,206,99972,206,99660,206,100018,306,99608,206,100040,206,99285,206,100044,100,99214,100,100047,100,99182,100,100088,100,99044,100,100097,100,98583,100,100106,100,98427,100,100112,100,98408,100
2019-06-28 09:41:50.000000000,99945,524,99859,524,99972,100,99660,100,100018,200,99608,100,100040,100,99285,100,100044,100,99214,100,100047,100,99182,100,100088,100,99044,100,100097,100,98583,100,100106,100,98427,100,100112,100,98408,100
2019-06-28 09:42:00.000000000,99945,244,99859,244,99972,240,99660,240,100018,340,99608,240,100040,100,99285,100,100044,100,99214,100,100047,100,99182,100,100088,100,99044,100,100097,100,98583,100,100106,100,98427,100,100112,100,98408,100
2019-06-28 09:42:10.000000000,99945,244,99859,244,99972,240,99660,240,100018,340,99608,240,100040,100,99285,100,100044,100,99214,100,100047,100,99182,100,100088,100,99044,100,100097,100,98583,100,100106,100,98427,100,100112,100,98408,100
2019-06-28 09:42:20.000000000,99945,206,99859,206,99972,206,99660,206,100018,306,99608,206,100040,206,99285,206,100044,100,99214,100,100047,100,99182,100,100088,100,99044,100,100097,100,98583,100,100106,100,98427,100,100112,100,98408,100
2019-06-28 09:42:25.556146280,99945,206,99859,106,99972,206,99660,206,100018,306,99608,206,100040,206,99285,206,100044,100,99214,100,100047,100,99182,100,100088,100,98583,100,100097,100,98427,100,100106,100,98408,100,100112,100,98174,100
2019-06-28 09:42:30.000000000,99945,524,99660,524,99972,100,99608,100,100018,200,99285,100,100040,100,99214,100,100044,100,99182,100,100047,100,98583,100,100088,100,98427,100,100097,100,98408,100,100106,100,98174,100,100112,100,98143,100
2019-06-28 09:42:40.000000000,99945,524,99660,524,99972,100,99608,100,100018,200,99285,100,100040,100,99214,100,100044,100,99182,100,100047,100,98583,100,100088,100,98427,100,100097,100,98408,100,100106,100,98174,100,100112,100,98143,100
2019-06-28 09:42:43.757372801,99945,524,99660,424,99972,100,99608,100,100018,200,99285,100,100040,100,99214,100,100044,100,99182,100,100047,100,98583,100,100088,100,98427,100,100097,100,98408,100,100106,100,98143,100,100112,100,97923,100
2019-06-28 09:42:50.000000000,99945,312,99608,312,99972,312,99285,312,100018,200,99214,100,100040,100,99182,100,100044,100,98583,100,100047,100,98427,100,100088,100,98408,100,100097,100,98143,100,100106,100,97923,100,100112,100,97862,100
2019-06-28 09:43:00.000000000,99945,244,99608,244,99972,240,99285,240,100018,340,99214,240,100040,100,99182,100,100044,100,98583,100,100047,100,98427,100,100088,100,98408,100,100097,100,98143,100,100106,100,97923,100,100112,100,97862,100
2019-06-28 09:43:01.221057488,99945,244,99608,244,99972,240,99285,240,100018,340,99282,100,100040,100,99214,240,100044,100,99182,100,100047,100,98583,100,100088,100,98427,100,100097,100,98408,100,100106,100,98143,100,100112,100,97923,100
2019-06-28 09:43:10.000000000,99945,206,99608,206,99972,206,99285,206,100018,306,99282,206,100040,206,99214,206,100044,100,99182,100,100047,100,98583,100,100088,100,98427,100,100097,100,98408,100,100106,100,98143,100,100112,100,97923,100
2019-06-28 09:43:12.488739601,99859,100,99608,206,99945,206,99285,206,99972,206,99282,206,100018,306,99214,206,100040,206,99182,100,100044,100,98583,100,100047,100,98427,100,100088,100,98408,100,100097,100,98143,100,100106,100,97923,100
2019-06-28 09:43:20.000000000,99859,524,99608,524,99945,100,99285,100,99972,100,99282,100,100018,200,99214,100,100040,100,99182,100,100044,100,98583,100,100047,100,98427,100,100088,100,98408,100,100097,100,98143,100,100106,100,97923,100
2019-06-28 09:43:29.600473151,99859,524,99608,524,99945,100,99442,100,99972,100,99285,100,100018,200,99282,100,100040,100,99214,100,100044,100,99182,100,100047,100,98583,100,100088,100,98427,100,100097,100,98408,100,100106,100,98143,100
2019-06-28 09:43:30.000000000,99859,206,99608,206,99945,206,99442,206,99972,206,99285,206,100018,306,99282,206,100040,100,99214,100,100044,100,99182,100,100047,100,98583,100,100088,100,98427,100,100097,100,98408,100,100106,100,98143,100
2019-06-28 09:43:35.492774229,99737,100,99608,206,99859,206,99442,206,99945,206,99285,206,99972,206,99282,206,100018,306,99214,100,100040,100,99182,100,100044,100,98583,100,100047,100,98427,100,100088,100,98408,100,100097,100,98143,100
2019-06-28 09:43:38.337198468,99737,100,99661,100,99859,206,99608,206,99945,206,99442,206,99972,206,99285,206,100018,306,99282,206,100040,100,99214,100,100044,100,99182,100,100047,100,98583,100,100088,100,98427,100,100097,100,98408,100
2019-06-28 09:43:38.341050578,99737,100,99661,100,99859,206,99615,100,99945,206,99608,206,99972,206,99442,206,100018,306,99285,206,100040,100,99282,206,100044,100,99214,100,100047,100,99182,100,100088,100,98583,100,100097,100,98427,100
2019-06-28 09:43:40.000000000,99737,185,99661,185,99859,185,99615,185,99945,185,99608,185,99972,185,99442,185,100018,285,99285,185,100040,100,99282,100,100044,100,99214,100,100047,100,99182,100,100088,100,98583,100,100097,100,98427,100
2019-06-28 09:43:41.184522481,99737,185,99661,185,99859,185,99615,185,99945,185,99608,185,99972,185,99607,100,100018,285,99442,185,100040,100,99285,185,100044,100,99282,100,100047,100,99214,100,100088,100,99182,100,100097,100,98583,100
2019-06-28 09:43:50.000000000,99737,524,99661,524,99859,100,99615,100,99945,100,99608,100,99972,100,99607,100,100018,200,99442,100,100040,100,99285,100,100044,100,99282,100,100047,100,99214,100,100088,100,99182,100,100097,100,98583,100
2019-06-28 09:44:00.000000000,99737,244,99661,244,99859,240,99615,240,99945,240,99608,240,99972,100,99607,100,100018,200,99442,100,100040,100,99285,100,100044,100,99282,100,100047,100,99214,100,100088,100,99182,100,100097,100,98583,100
2019-06-28 09:44:02.745142148,99737,144,99661,244,99859,240,99615,240,99945,240,99608,240,99972,100,99607,100,100018,200,99442,100,100040,100,99285,100,100044,100,99282,100,100047,100,99214,100,100088,100,99182,100,100097,100,98583,100
2019-06-28 09:44:10.000000000,99859,185,99661,185,99945,185,99615,185,99972,185,99608,185,100018,285,99607,185,100040,185,99442,185,100044,100,99285,100,100047,100,99282,100,100088,100,99214,100,100097,100,99182,100,100106,100,98583,100
2019-06-28 09:44:20.000000000,99859,185,99661,185,99945,185,99615,185,99972,185,99608,185,100018,285,99607,185,100040,185,99442,185,100044,100,99285,100,100047,100,99282,100,100088,100,99214,100,100097,100,99182,100,100106,100,98583,100
2019-06-28 09:44:30.000000000,99859,312,99661,312,99945,312,99615,312,99972,100,99608,100,100018,200,99607,100,100040,100,99442,100,100044,100,99285,100,100047,100,99282,100,100088,100,99214,100,100097,100,99182,100,100106,100,98583,100
2019-06-28 09:44:40.000000000,99859,524,99661,524,99945,100,99615,100,99972,100,99608,100,100018,200,99607,100,100040,100,99442,100,100044,100,99285,100,100047,100,99282,100,100088,100,99214,100,100097,100,99182,100,100106,100,98583,100
2019-06-28 09:44:47.420650979,99859,524,99661,524,99945,100,99615,100,99972,100,99608,100,100018,200,99607,100,100040,100,99442,100,100044,100,99282,100,100047,100,99214,100,100088,100,99182,100,100097,100,98583,100,100106,100,98427,100
2019-06-28 09:44:50.000000000,99859,206,99661,206,99945,206,99615,206,99972,206,99608,206,100018,306,99607,206,100040,100,99442,100,100044,100,99282,100,100047,100,99214,100,100088,100,99182,100,100097,100,98583,100,100106,100,98427,100
2019-06-28 09:44:51.443537241,99859,206,99661,206,99945,206,99615,206,99960,100,99608,206,99972,206,99607,206,100018,306,99442,100,100040,100,99214,100,100044,100,99182,100,100047,100,98583,100,100088,100,98427,100,100097,100,98143,100
2019-06-28 09:45:00.000000000,99859,312,99661,312,99945,312,99615,312,99960,100,99608,100,99972,100,99607,100,100018,200,99442,100,100040,100,99214,100,100044,100,99182,100,100047,100,98583,100,100088,100,98427,100,100097,100,98143,100
2019-06-28 09:45:09.463914094,99859,212,99661,312,99945,312,99615,312,99960,100,99608,100,99972,100,99607,100,100018,200,99442,100,100040,100,99214,100,100044,100,99182,100,100047,100,98583,100,100088,100,98427,100,100097,100,98143,100
2019-06-28 09:45:10.000000000,99945,312,99661,312,99960,312,99615,312,99972,100,99608,100,100018,200,99607,100,100040,100,99442,100,100044,100,99214,100,100047,100,99182,100,100088,100,98583,100,100097,100,98427,100,100106,100,98143,100
2019-06-28 09:45:11.671980615,99852,100,99661,312,99945,312,99615,312,99960,312,99608,100,99972,100,99607,100,100018,200,99442,100,100044,100,99214,100,100047,100,99182,100,100088,100,98583,100,100097,100,98427,100,100106,100,98143,100
2019-06-28 09:45:12.111764503,99852,100,99661,312,99945,312,99653,100,99960,312,99615,312,99972,100,99608,100,100018,200,99607,100,100044,100,99442,100,100047,100,99214,100,100088,100,99182,100,100097,100,98583,100,100106,100,98427,100
2019-06-28 09:45:19.959783420,99852,100,99661,212,99945,312,99653,100,99960,312,99615,312,99972,100,99608,100,100018,200,99607,100,100044,100,99442,100,100047,100,99214,100,100088,100,99182,100,100097,100,98583,100,100106,100,98427,100
2019-06-28 09:45:20.000000000,99852,524,99653,524,99945,100,99615,100,99960,100,99608,100,99972,100,99607,100,100018,200,99442,100,100044,100,99214,100,100047,100,99182,100,100088,100,98583,100,100097,100,98427,100,100106,100,98143,100
2019-06-28 09:45:30.000000000,99852,524,99653,524,99945,100,99615,100,99960,100,99608,100,99972,100,99607,100,100018,200,99442,100,100044,100,99214,100,100047,100,99182,100,100088,100,98583,100,100097,100,98427,100,100106,100,98143,100
2019-06-28 09:45:40.000000000,99852,244,99653,244,99945,240,99615,240,99960,240,99608,240,99972,100,99607,100,100018,200,99442,100,100044,100,99214,100,100047,100,99182,100,100088,100,98583,100,100097,100,98427,100,100106,100,98143,100
2019-06-28 09:45:40.288921431,99852,244,99653,144,99945,240,99615,240,99960,240,99608,240,99972,100,99607,100,100018,200,99442,100,100044,100,99214,100,100047,100,99182,100,100088,100,98583,100,100097,100,98427,100,100106,100,98143,100
2019-06-28 09:45:43.934385774,99852,244,99653,144,99945,240,99615,240,99960,240,99608,240,99972,100,99607,100,100018,200,99492,100,100044,100,99442,100,100047,100,99214,100,100088,100,99182,100,100097,100,98583,100,100106,100,98427,100
2019-06-28 09:45:50.000000000,99852,524,99615,524,99945,100,99608,100,99960,100,99607,100,99972,100,99492,100,100018,200,99442,100,100044,100,99214,100,100047,100,99182,100,100088,100,98583,100,100097,100,98427,100,100106,100,98143,100
2019-06-28 09:45:56.499128553,99852,524,99743,100,99945,100,99615,524,99960,100,99608,100,99972,100,99607,100,100018,200,99492,100,100044,100,99442,100,100047,100,99214,100,100088,100,98583,100,100097,100,98427,100,100106,100,98143,100
2019-06-28 09:45:57.608281836,99852,524,99615,524,99945,100,99608,100,99960,100,99607,100,99972,100,99492,100,100018,200,99442,100,100044,100,99214,100,100047,100,98583,100,100088,100,98427,100,100097,100,98143,100,100106,100,97862,100
2019-06-28 09:46:00.000000000,99852,185,99615,185,99945,185,99608,185,99960,185,99607,185,99972,185,99492,185,100018,285,99442,185,100044,100,99214,100,100047,100,98583,100,100088,100,98427,100,100097,100,98143,100,100106,100,97862,100
2019-06-28 09:46:10.000000000,99852,206,99615,206,99945,206,99608,206,99960,206,99607,206,99972,206,99492,206,100018,200,99442,100,100044,100,99214,100,100047,100,98583,100,100088,100,98427,100,100097,100,98143,100,100106,100,97862,100
2019-06-28 09:46:20.000000000,99852,244,99615,244,99945,240,99608,240,99960,240,99607,240,99972,100,99492,100,100018,200,99442,100,100044,100,99214,100,100047,100,98583,100,100088,100,98427,100,100097,100,98143,100,100106,100,97862,100
2019-06-28 09:46:26.399780240,99852,244,99615,244,99945,240,99608,240,99960,240,99607,240,99972,100,99496,100,100018,200,99492,100,100047,100,99442,100,100088,100,99214,100,100097,100,98583,100,100106,100,98427,100,100112,100,98143,100
2019-06-28 09:46:27.586537235,99852,244,99615,244,99899,100,99608,240,99945,240,99607,240,99960,140,99496,100,99972,100,99492,100,100018,200,99442,100,100047,100,99214,100,100088,100,98583,100,100097,100,98427,100,100106,100,98143,100
2019-06-28 09:46:28.932676750,99852,244,99784,100,99899,100,99615,244,99945,240,99608,240,99960,140,99607,240,99972,100,99496,100,100018,200,99492,100,100047,100,99442,100,100088,100,99214,100,100097,100,98583,100,100106,100,98427,100
2019-06-28 09:46:30.000000000,99852,244,99784,244,99899,240,99615,240,99945,240,99608,240,99972,100,99607,100,100018,200,99496,100,100047,100,99492,100,100088,100,99442,100,100097,100,99214,100,100106,100,98583,100,100112,100,98427,100
2019-06-28 09:46:39.535371265,99852,144,99784,244,99899,240,99615,240,99945,240,99608,240,99972,100,99607,100,100018,200,99496,100,100047,100,99492,100,100088,100,99442,100,100097,100,99214,100,100106,100,98583,100,100112,100,98427,100
2019-06-28 09:46:40.000000000,99899,524,99784,524,99945,100,99615,100,99972,100,99608,100,100018,200,99607,100,100047,100,99496,100,100088,100,99492,100,100097,100,99442,100,100106,100,99214,100,100112,100,98583,100,100113,100,98427,100
2019-06-28 09:46:44.961402346,99899,524,99784,524,99945,100,99615,100,99972,100,99608,100,100018,200,99607,100,100047,100,99496,100,100088,100,99492,100,100097,100,99442,100,100106,100,99214,100,100112,100,98583,100,100113,100,98427,100
2019-06-28 09:46:50.000000000,99899,244,99784,244,99945,240,99615,240,99972,240,99608,240,100018,200,99607,100,100047,100,99496,100,100088,100,99492,100,100097,100,99442,100,100106,100,99214,100,100112,100,98583,100,100113,100,98427,100
2019-06-28 09:46:50.455899961,99899,244,99784,244,99945,240,99615,240,99972,240,99608,240,100018,200,99607,100,100047,100,99496,100,100088,100,99492,100,100097,100,99442,100,100106,100,99214,100,100112,100,98583,100,100113,100,98427,100
2019-06-28 09:47:00.000000000,99899,312,99784,312,99945,312,99615,312,99972,100,99608,100,100018,200,99607,100,100047,100,99496,100,100088,100,99492,100,100097,100,99442,100,100106,100,99214,100,100112,100,98583,100,100113,100,98427,100
2019-06-28 09:47:10.000000000,99899,185,99784,185,99945,185,99615,185,99972,185,99608,185,100018,285,99607,185,100047,185,99496,185,100088,100,99492,100,100097,100,99442,100,100106,100,99214,100,100112,100,98583,100,100113,100,98427,100
2019-06-28 09:47:14.033993773,99899,85,99784,185,99945,185,99615,185,99972,185,99608,185,100018,285,99607,185,100047,185,99496,185,100088,100,99492,100,100097,100,99442,100,100106,100,99214,100,100112,100,98583,100,100113,100,98427,100
2019-06-28 09:47:20.000000000,99945,206,99784,206,99972,206,99615,206,100018,306,99608,206,100047,206,99607,206,100088,100,99496,100,100097,100,99492,100,100106,100,99442,100,100112,100,99214,100,100113,100,98583,100,100164,100,98427,100
2019-06-28 09:47:29.703823175,99945,106,99784,206,99972,206,99615,206,100018,306,99608,206,100047,206,99607,206,100088,100,99496,100,100097,100,99492,100,100106,100,99442,100,100112,100,99214,100,100113,100,98583,100,100164,100,98427,100
2019-06-28 09:47:30.000000000,99972,206,99784,206,100018,306,99615,206,100047,206,99608,206,100088,206,99607,206,100097,100,99496,100,100106,100,99492,100,100112,100,99442,100,100113,100,99214,100,100164,100,98583,100,100305,100,98427,100
2019-06-28 09:47:40.000000000,99972,185,99784,185,100018,285,99615,185,100047,185,99608,185,100088,185,99607,185,100097,185,99496,185,100106,100,99492,100,100112,100,99442,100,100113,100,99214,100,100164,100,98583,100,100305,100,98427,100
2019-06-28 09:47:50.000000000,99972,312,99784,312,100018,412,99615,312,100047,100,99608,100,100088,100,99607,100,100097,100,99496,100,100106,100,99492,100,100112,100,99442,100,100113,100,99214,100,100164,100,98583,100,100305,100,98427,100
2019-06-28 09:48:00.000000000,99972,524,99784,524,100018,200,99615,100,100047,100,99608,100,100088,100,99607,100,100097,100,99496,100,100106,100,99492,100,100112,100,99442,100,100113,100,99214,100,100164,100,98583,100,100305,100,98427,100
2019-06-28 09:48:10.000000000,99972,206,99784,206,100018,306,99615,206,100047,206,99608,206,100088,206,99607,206,100097,100,99496,100,100106,100,99492,100,100112,100,99442,100,100113,100,99214,100,100164,100,98583,100,100305,100,98427,100
2019-06-28 09:48:10.576848175,99972,106,99784,206,100018,306,99615,206,100047,206,99608,106,100088,206,99607,206,100097,100,99496,100,100106,100,99492,100,100112,100,99442,100,100113,100,99214,100,100164,100,98583,100,100305,100,98427,100
2019-06-28 09:48:20.000000000,100018,624,99784,524,100047,100,99615,100,100088,100,99607,100,100097,100,99496,100,100106,100,99492,100,100112,100,99442,100,100113,100,99214,100,100164,100,98583,100,100305,100,98427,100,100469,100,97862,100
2019-06-28 09:48:30.000000000,100018,285,99784,185,100047,185,99615,185,100088,185,99607,185,100097,185,99496,185,100106,185,99492,185,100112,100,99442,100,100113,100,99214,100,100164,100,98583,100,100305,100,98427,100,100469,100,97862,100
2019-06-28 09:48:40.000000000,100018,306,99784,206,100047,206,99615,206,100088,206,99607,206,100097,206,99496,206,100106,100,99492,100,100112,100,99442,100,100113,100,99214,100,100164,100,98583,100,100305,100,98427,100,100469,100,97862,100
2019-06-28 09:48:41.311641011,100018,206,99784,206,100047,206,99615,206,100088,206,99607,206,100097,206,99496,206,100106,100,99492,100,100112,100,99442,100,100113,100,99214,100,100164,100,98583,100,100305,100,98427,100,100469,100,,
2019-06-28 09:48:44.769075013,100018,206,99784,206,100047,206,99615,206,100088,206,99607,206,100097,206,99496,206,100106,100,99492,100,100112,100,99442,100,100113,100,99214,100,100164,100,98583,100,100305,100,98427,100,100469,100,,
2019-06-28 09:48:50.000000000,100018,312,99784,312,100047,312,99615,312,100088,100,99607,100,100097,100,99496,100,100106,100,99492,100,100112,100,99442,100,100113,100,99214,100,100164,100,98583,100,100305,100,98427,100,100469,100,,
2019-06-28 09:49:00.000000000,100018,524,99784,524,100047,100,99615,100,100088,100,99607,100,100097,100,99496,100,100106,100,99492,100,100112,100,99442,100,100113,100,99214,100,100164,100,98583,100,100305,100,98427,100,100469,100,,
2019-06-28 09:49:10.000000000,100018,312,99784,312,100047,312,99615,312,100088,100,99607,100,100097,100,99496,100,100106,100,99492,100,100112,100,99442,100,100113,100,99214,100,100164,100,98583,100,100305,100,98427,100,100469,100,,
2019-06-28 09:49:20.000000000,100018,312,99784,312,100047,312,99615,312,100088,100,99607,100,100097,100,99496,100,100106,100,99492,100,100112,100,99442,100,100113,100,99214,100,100164,100,98583,100,100305,100,98427,100,100469,100,,
2019-06-28 09:49:23.287290786,100018,212,99784,312,100047,312,99615,312,100088,100,99607,100,100097,100,99496,100,100106,100,99492,100,100112,100,99442,100,100113,100,99214,100,100164,100,98583,100,100305,100,98427,100,100469,100,,
2019-06-28 09:49:30.000000000,100047,185,99784,185,100088,185,99615,185,100097,185,99607,185,100106,185,99496,185,100112,185,99492,185,100113,100,99442,100,100164,100,99214,100,100305,100,98583,100,100469,100,98427,100,100579,100,,
2019-06-28 09:49:40.000000000,100047,312,99784,312,100088,312,99615,312,100097,100,99607,100,100106,100,99496,100,100112,100,99492,100,100113,100,99442,100,100164,100,99214,100,100305,100,98583,100,100469,100,98427,100,100579,100,,
2019-06-28 09:49:47.928045388,100047,212,99784,312,100088,312,99615,312,100097,100,99607,100,100106,100,99496,100,100112,100,99492,100,100113,100,99442,100,100164,100,99214,100,100305,100,98583,100,100469,100,98427,100,100579,100,,
2019-06-28 09:49:50.000000000,100088,524,99784,524,100097,100,99615,100,100106,100,99607,100,100112,100,99496,100,100113,100,99492,100,100164,100,99442,100,100305,100,99214,100,100469,100,98583,100,100579,100,98427,100,,,,
2019-06-28 09:50:00.000000000,100088,244,99784,244,100097,240,99615,240,100106,240,99607,240,100112,100,99496,100,100113,100,99492,100,100164,100,99442,100,100305,100,99214,100,100469,100,98583,100,100579,100,98427,100,,,,
2019-06-28 09:50:02.321383409,100088,144,99784,244,100097,240,99615,240,100106,240,99607,240,100112,100,99496,100,100113,100,99492,100,100164,100,99442,100,100305,100,99214,100,100469,100,98583,100,100579,100,98427,100,,,,
2019-06-28 09:50:04.203051353,100088,44,99784,244,100097,240,99615,240,100106,240,99607,240,100112,100,99496,100,100113,100,99492,100,100164,100,99442,100,100305,100,98583,100,100469,100,98427,100,100579,100,,,,,,
2019-06-28 09:50:08.168947144,100097,240,100088,56,100106,240,99784,244,100112,100,99615,240,100113,100,99607,240,100164,100,99496,100,100305,100,99492,100,100469,100,99442,100,100579,100,98583,100,,,98427,100,,,,
2019-06-28 09:50:08.428516517,100097,240,100088,56,100106,240,99784,244,100112,100,99615,240,100113,100,99607,240,100164,100,99496,100,100305,100,99492,100,100579,100,99442,100,100821,100,98583,100,,,98427,100,,,,
2019-06-28 09:50:10.000000000,100097,524,100088,480,100106,100,99784,100,100112,100,99615,100,100113,100,99607,100,100164,100,99496,100,100305,100,99492,100,100579,100,99442,100,100821,100,98583,100,,,98427,100,,,,
2019-06-28 09:50:20.000000000,100097,244,100088,200,100106,240,99784,240,100112,240,99615,240,100113,100,99607,100,100164,100,99496,100,100305,100,99492,100,100579,100,99442,100,100821,100,98583,100,,,98427,100,,,,
2019-06-28 09:50:26.045974927,100097,144,100088,200,100106,240,99784,240,100112,240,99615,240,100113,100,99607,100,100164,100,99496,100,100305,100,99492,100,100579,100,99442,100,100821,100,98583,100,,,98427,100,,,,
2019-06-28 09:50:30.000000000,100106,206,100088,162,100112,206,99784,206,100113,206,99615,206,100164,206,99607,206,100305,100,99496,100,100579,100,99492,100,100821,100,99442,100,,,98583,100,,,98427,100,,,,
2019-06-28 09:50:30.597352804,100106,206,100089,100,100112,206,100088,162,100113,206,99784,206,100164,206,99615,206,100305,100,99607,206,100579,100,99496,100,100821,100,99492,100,,,99442,100,,,98583,100,,,98427,100
2019-06-28 09:50:40.000000000,100106,185,100089,185,100112,185,100088,141,100113,185,99784,185,100164,185,99615,185,100305,185,99607,185,100579,100,99496,100,100821,100,99492,100,,,99442,100,,,98583,100,,,98427,100
2019-06-28 09:50:50.000000000,100106,244,100089,244,100112,240,100088,196,100113,240,99784,240,100164,100,99615,100,100305,100,99607,100,100579,100,99496,100,100821,100,99492,100,,,99442,100,,,98583,100,,,98427,100
2019-06-28 09:51:00.000000000,100106,206,100089,206,100112,206,100088,162,100113,206,99784,206,100164,206,99615,206,100305,100,99607,100,100579,100,99496,100,100821,100,99492,100,,,99442,100,,,98583,100,,,98427,100
2019-06-28 09:51:10.000000000,100106,244,100089,244,100112,240,100088,196,100113,240,99784,240,100164,100,99615,100,100305,100,99607,100,100579,100,99496,100,100821,100,99492,100,,,99442,100,,,98583,100,,,98427,100
2019-06-28 09:51:20.000000000,100106,524,100089,524,100112,100,100088,56,100113,100,99784,100,100164,100,99615,100,100305,100,99607,100,100579,100,99496,100,100821,100,99492,100,,,99442,100,,,98583,100,,,98427,100
2019-06-28 09:51:30.000000000,100106,524,100089,524,100112,100,100088,56,100113,100,99784,100,100164,100,99615,100,100305,100,99607,100,100579,100,99496,100,100821,100,99492,100,,,99442,100,,,98583,100,,,98427,100
2019-06-28 09:51:40.000000000,100106,524,100089,524,100112,100,100088,56,100113,100,99784,100,100164,100,99615,100,100305,100,99607,100,100579,100,99496,100,100821,100,99492,100,,,99442,100,,,98583,100,,,98427,100
2019-06-28 09:51:50.000000000,100106,206,100089,206,100112,206,100088,162,100113,206,99784,206,100164,206,99615,206,100305,100,99607,100,100579,100,99496,100,100821,100,99492,100,,,99442,100,,,98583,100,,,98427,100
2019-06-28 09:52:00.000000000,100106,312,100089,312,100112,312,100088,268,100113,100,99784,100,100164,100,99615,100,100305,100,99607,100,100579,100,99496,100,100821,100,99492,100,,,99442,100,,,98583,100,,,98427,100
2019-06-28 09:52:10.000000000,100106,244,100089,244,100112,240,100088,196,100113,240,99784,240,100164,100,99615,100,100305,100,99607,100,100579,100,99496,100,100821,100,99492,100,,,99442,100,,,98583,100,,,98427,100
2019-06-28 09:52:20.000000000,100106,312,100089,312,100112,312,100088,268,100113,100,99784,100,100164,100,99615,100,100305,100,99607,100,100579,100,99496,100,100821,100,99492,100,,,99442,100,,,98583,100,,,98427,100
2019-06-28 09:52:30.000000000,100106,524,100089,524,100112,100,100088,56,100113,100,99784,100,100164,100,99615,100,100305,100,99607,100,100579,100,99496,100,100821,100,99492,100,,,99442,100,,,98583,100,,,98427,100
2019-06-28 09:52:40.000000000,100106,312,100089,312,100112,312,100088,268,100113,100,99784,100,100164,100,99615,100,100305,100,99607,100,100579,100,99496,100,100821,100,99492,100,,,99442,100,,,98583,100,,,98427,100
2019-06-28 09:52:50.000000000,100106,185,100089,185,100112,185,100088,141,100113,185,99784,185,100164,185,99615,185,100305,185,99607,185,100579,100,99496,100,100821,100,99492,100,,,99442,100,,,98583,100,,,98427,100
2019-06-28 09:52:57.411869826,100106,85,100089,185,100112,185,100088,141,100113,185,99784,185,100164,185,99615,185,100305,185,99607,185,100579,100,99496,100,100821,100,99492,100,,,99442,100,,,98583,100,,,98427,100
2019-06-28 09:53:00.000000000,100112,524,100089,524,100113,100,100088,56,100164,100,99784,100,100305,100,99615,100,100579,100,99607,100,100821,100,99496,100,,,99492,100,,,99442,100,,,98583,100,,,98427,100
2019-06-28 09:53:04.000963888,100112,524,100097,100,100113,100,100089,524,100164,100,100088,56,100305,100,99784,100,100579,100,99615,100,100821,100,99607,100,,,99496,100,,,99492,100,,,99442,100,,,98583,100
2019-06-28 09:53:07.244931318,100112,524,100097,100,100113,100,100089,524,100164,100,100088,56,100305,100,99784,100,100579,100,99615,100,100600,100,99607,100,100821,100,99496,100,,,99492,100,,,99442,100,,,98583,100
2019-06-28 09:53:10.000000000,100112,206,100097,206,100113,206,100089,206,100164,206,100088,162,100305,206,99784,206,100579,100,99615,100,100600,100,99607,100,100821,100,99496,100,,,99492,100,,,99442,100,,,98583,100
2019-06-28 09:53:20.000000000,100112,206,100097,206,100113,206,100089,206,100164,206,100088,162,100305,206,99784,206,100579,100,99615,100,100600,100,99607,100,100821,100,99496,100,,,99492,100,,,99442,100,,,98583,100
2019-06-28 09:53:30.000000000,100112,312,100097,312,100113,312,100089,312,100164,100,100088,56,100305,100,99784,100,100579,100,99615,100,100600,100,99607,100,100821,100,99496,100,,,99492,100,,,99442,100,,,98583,100
2019-06-28 09:53:33.716953619,100112,312,100097,412,100113,312,100089,312,100164,100,100088,56,100305,100,99784,100,100579,100,99615,100,100600,100,99607,100,100821,100,99496,100,,,99492,100,,,99442,100,,,98583,100
2019-06-28 09:53:36.218576745,100112,312,100097,412,100113,312,100089,312,100164,100,100088,56,100305,100,99784,100,100437,100,99607,100,100579,100,99496,100,100600,100,99492,100,100821,100,99442,100,,,98583,100,,,98427,100
2019-06-28 09:53:40.000000000,100112,312,100097,412,100113,312,100089,312,100164,100,100088,56,100305,100,99784,100,100437,100,99607,100,100579,100,99496,100,100600,100,99492,100,100821,100,99442,100,,,98583,100,,,98427,100
2019-06-28 09:53:50.000000000,100112,312,100097,412,100113,312,100089,312,100164,100,100088,56,100305,100,99784,100,100437,100,99607,100,100579,100,99496,100,100600,100,99492,100,100821,100,99442,100,,,98583,100,,,98427,100
2019-06-28 09:53:52.504342784,100112,312,100097,512,100113,312,100089,312,100164,100,100088,56,100305,100,99784,100,100437,100,99607,100,100579,100,99496,100,100600,100,99492,100,100821,100,99442,100,,,98583,100,,,98427,100
2019-06-28 09:53:52.871349909,100112,212,100097,512,100113,312,100089,312,100164,100,100088,56,100305,100,99784,100,100437,100,99607,100,100579,100,99496,100,100600,100,99492,100,100821,100,99442,100,,,98583,100,,,98427,100
2019-06-28 09:54:00.000000000,100113,185,100097,385,100164,185,100089,185,100305,185,100088,141,100437,185,99784,185,100579,185,99607,185,100600,100,99496,100,100821,100,99492,100,,,99442,100,,,98583,100,,,98427,100
2019-06-28 09:54:10.000000000,100113,185,100097,385,100164,185,100089,185,100305,185,100088,141,100437,185,99784,185,100579,185,99607,185,100600,100,99496,100,100821,100,99492,100,,,99442,100,,,98583,100,,,98427,100
2019-06-28 09:54:12.611609948,100113,185,100097,385,100164,185,100089,185,100305,185,100088,141,100437,185,99784,185,100579,185,99607,185,100600,100,99496,100,100657,100,99492,100,100821,100,99442,100,,,98583,100,,,98427,100
2019-06-28 09:54:20.000000000,100113,206,100097,406,100164,206,100089,206,100305,206,100088,162,100437,206,99784,206,100579,100,99607,100,100600,100,99496,100,100657,100,99492,100,100821,100,99442,100,,,98583,100,,,98427,100
2019-06-28 09:54:29.738391477,100113,106,100097,406,100164,206,100089,206,100305,206,100088,162,100437,206,99784,206,100579,100,99607,100,100600,100,99496,100,100657,100,99492,100,100821,100,99442,100,,,98583,100,,,98427,100
2019-06-28 09:54:30.000000000,100164,206,100097,406,100305,206,100089,206,100437,206,100088,162,100579,206,99784,206,100600,100,99607,100,100657,100,99496,100,100821,100,99492,100,,,99442,100,,,98583,100,,,98427,100
2019-06-28 09:54:40.000000000,100164,206,100097,406,100305,206,100089,206,100437,206,100088,162,100579,206,99784,206,100600,100,99607,100,100657,100,99496,100,100821,100,99492,100,,,99442,100,,,98583,100,,,98427,100
2019-06-28 09:54:50.000000000,100164,312,100097,512,100305,312,100089,312,100437,100,100088,56,100579,100,99784,100,100600,100,99607,100,100657,100,99496,100,100821,100,99492,100,,,99442,100,,,98583,100,,,98427,100
2019-06-28 09:54:58.627874833,100164,312,100097,512,100305,312,100089,312,100400,100,100088,56,100437,100,99784,100,100579,100,99607,100,100600,100,99496,100,100657,100,99492,100,100821,100,99442,100,,,98427,100,,,,
2019-06-28 09:55:00.000000000,100164,206,100097,406,100305,206,100089,206,100400,206,100088,162,100437,206,99784,206,100579,100,99607,100,100600,100,99496,100,100657,100,99492,100,100821,100,99442,100,,,98427,100,,,,
2019-06-28 09:55:08.265046934,100164,106,100097,406,100305,206,100089,206,100400,206,100088,162,100437,206,99784,206,100579,100,99607,100,100600,100,99496,100,100657,100,99492,100,100821,100,99442,100,,,98427,100,,,,
2019-06-28 09:55:08.314107735,100164,6,100097,406,100305,206,100089,206,100400,206,100088,106,100437,206,99784,206,100579,100,99607,100,100600,100,99496,100,100657,100,99492,100,100821,100,99442,100,,,98427,100,,,,
2019-06-28 09:55:10.000000000,100305,185,100097,385,100400,185,100089,185,100437,185,99784,185,100579,185,99607,185,100600,185,99496,185,100657,100,99492,100,100821,100,99442,100,,,98427,100,,,,,,,,
2019-06-28 09:55:20.000000000,100305,185,100097,385,100400,185,100089,185,100437,185,99784,185,100579,185,99607,185,100600,185,99496,185,100657,100,99492,100,100821,100,99442,100,,,98427,100,,,,,,,,
2019-06-28 09:55:30.000000000,100305,185,100097,385,100400,185,100089,185,100437,185,99784,185,100579,185,99607,185,100600,185,99496,185,100657,100,99492,100,100821,100,99442,100,,,98427,100,,,,,,,,
2019-06-28 09:55:40.000000000,100305,524,100097,724,100400,100,100089,100,100437,100,99784,100,100579,100,99607,100,100600,100,99496,100,100657,100,99492,100,100821,100,99442,100,,,98427,100,,,,,,,,
2019-06-28 09:55:50.000000000,100305,185,100097,385,100400,185,100089,185,100437,185,99784,185,100579,185,99607,185,100600,185,99496,185,100657,100,99492,100,100821,100,99442,100,,,98427,100,,,,,,,,
2019-06-28 09:55:58.413017209,100305,85,100097,385,100400,185,100089,185,100437,185,99784,185,100579,185,99607,185,100600,185,99496,185,100657,100,99492,100,100821,100,99442,100,,,98427,100,,,,,,,,
2019-06-28 09:56:00.000000000,100400,524,100097,724,100437,100,100089,100,100579,100,99784,100,100600,100,99607,100,100657,100,99496,100,100821,100,99492,100,,,99442,100,,,98427,100,,,,,,,,
2019-06-28 09:56:10.000000000,100400,185,100097,385,100437,185,100089,185,100579,185,99784,185,100600,185,99607,185,100657,185,99496,185,100821,100,99492,100,,,99442,100,,,98427,100,,,,,,,,
2019-06-28 09:56:14.242890431,100304,100,100097,285,100400,185,100089,185,100437,185,99784,185,100579,185,99607,185,100600,185,99496,185,100657,185,99492,100,100821,100,99442,100,,,98427,100,,,,,,,,
2019-06-28 09:56:15.632398772,100304,100,100164,100,100400,185,100097,285,100437,185,100089,185,100579,185,99784,185,100600,185,99607,185,100657,185,99496,185,100821,100,99492,100,,,99442,100,,,98427,100,,,,
2019-06-28 09:56:20.000000000,100304,244,100164,244,100400,240,100097,340,100437,240,100089,240,100579,100,99784,100,100600,100,99607,100,100657,100,99496,100,100821,100,99492,100,,,99442,100,,,98427,100,,,,
2019-06-28 09:56:29.268688241,100304,244,100164,244,100400,240,100097,340,100437,240,100089,240,100579,100,100001,100,100600,100,99784,100,100657,100,99607,100,100821,100,99496,100,,,99492,100,,,99442,100,,,98427,100
2019-06-28 09:56:30.000000000,100304,185,100164,185,100400,185,100097,285,100437,185,100089,185,100579,185,100001,185,100600,185,99784,185,100657,100,99607,100,100821,100,99496,100,,,99492,100,,,99442,100,,,98427,100
2019-06-28 09:56:40.000000000,100304,312,100164,312,100400,312,100097,412,100437,100,100089,100,100579,100,100001,100,100600,100,99784,100,100657,100,99607,100,100821,100,99496,100,,,99492,100,,,99442,100,,,98427,100
2019-06-28 09:56:46.672812884,100304,212,100164,312,100400,312,100097,412,100437,100,100089,100,100579,100,100001,100,100600,100,99784,100,100657,100,99607,100,100821,100,99496,100,,,99492,100,,,99442,100,,,98427,100
2019-06-28 09:56:50.000000000,100400,244,100164,244,100437,240,100097,340,100579,240,100089,240,100600,100,100001,100,100657,100,99784,100,100821,100,99607,100,,,99496,100,,,99492,100,,,99442,100,,,98427,100
2019-06-28 09:57:00.000000000,100400,244,100164,244,100437,240,100097,340,100579,240,100089,240,100600,100,100001,100,100657,100,99784,100,100821,100,99607,100,,,99496,100,,,99492,100,,,99442,100,,,98427,100
2019-06-28 09:57:10.000000000,100400,312,100164,312,100437,312,100097,412,100579,100,100089,100,100600,100,100001,100,100657,100,99784,100,100821,100,99607,100,,,99496,100,,,99492,100,,,99442,100,,,98427,100
2019-06-28 09:57:10.431670775,100400,312,100164,312,100437,312,100133,100,100579,100,100097,412,100600,100,100089,100,100657,100,100001,100,100821,100,99784,100,,,99607,100,,,99496,100,,,99492,100,,,99442,100
2019-06-28 09:57:15.077784142,100400,312,100164,312,100437,312,100133,100,100480,100,100097,412,100579,100,100089,100,100600,100,100001,100,100657,100,99784,100,100821,100,99607,100,,,99496,100,,,99492,100,,,99442,100
2019-06-28 09:57:20.000000000,100400,206,100164,206,100437,206,100133,206,100480,206,100097,306,100579,206,100089,206,100600,100,100001,100,100657,100,99784,100,100821,100,99607,100,,,99496,100,,,99492,100,,,99442,100
2019-06-28 09:57:30.000000000,100400,185,100164,185,100437,185,100133,185,100480,185,100097,285,100579,185,100089,185,100600,185,100001,185,100657,100,99784,100,100821,100,99607,100,,,99496,100,,,99492,100,,,99442,100
2019-06-28 09:57:31.705445528,100400,85,100164,185,100437,185,100133,185,100480,85,100097,285,100579,185,100089,185,100600,185,100001,185,100657,100,99784,100,100821,100,99607,100,,,99496,100,,,99492,100,,,99442,100
2019-06-28 09:57:35.288996376,100400,85,100304,100,100437,185,100164,185,100480,85,100133,185,100579,185,100097,285,100600,185,100089,185,100657,100,100001,185,100821,100,99784,100,,,99607,100,,,99496,100,,,99492,100
2019-06-28 09:57:40.000000000,100437,524,100304,524,100579,100,100164,100,100600,100,100133,100,100657,100,100097,200,100821,100,100089,100,,,100001,100,,,99784,100,,,99607,100,,,99496,100,,,99492,100
2019-06-28 09:57:46.441712355,100437,524,100304,624,100579,100,100164,100,100600,100,100133,100,100657,100,100097,200,100821,100,100089,100,,,100001,100,,,99784,100,,,99607,100,,,99496,100,,,99492,100
2019-06-28 09:57:50.000000000,100437,244,100304,344,100579,240,100164,240,100600,240,100133,240,100657,100,100097,200,100821,100,100089,100,,,100001,100,,,99784,100,,,99607,100,,,99496,100,,,99492,100
2019-06-28 09:57:52.523309945,100437,244,100325,100,100579,240,100304,344,100600,240,100164,240,100657,100,100133,240,100821,100,100097,200,,,100089,100,,,100001,100,,,99784,100,,,99607,100,,,99496,100
2019-06-28 09:58:00.000000000,100437,524,100325,524,100579,100,100304,200,100600,100,100164,100,100657,100,100133,100,100821,100,100097,200,,,100089,100,,,100001,100,,,99784,100,,,99607,100,,,99496,100
2019-06-28 09:58:10.000000000,100437,312,100325,312,100579,312,100304,412,100600,100,100164,100,100657,100,100133,100,100821,100,100097,200,,,100089,100,,,100001,100,,,99784,100,,,99607,100,,,99496,100
2019-06-28 09:58:11.195237526,100437,312,100325,312,100579,312,100304,512,100600,100,100164,100,100657,100,100133,100,100821,100,100097,200,,,100089,100,,,100001,100,,,99784,100,,,99607,100,,,99496,100
2019-06-28 09:58:20.000000000,100437,185,100325,185,100579,185,100304,385,100600,185,100164,185,100657,185,100133,185,100821,185,100097,285,,,100089,100,,,100001,100,,,99784,100,,,99607,100,,,99496,100
2019-06-28 09:58:27.235980754,100437,185,100325,185,100579,185,100304,385,100600,185,100164,185,100657,185,100133,185,100821,185,100097,285,,,100001,100,,,99784,100,,,99607,100,,,99496,100,,,99492,100
2019-06-28 09:58:28.978304846,100437,185,100325,185,100579,185,100304,385,100600,185,100164,185,100657,185,100133,185,100821,185,100097,285,,,100066,100,,,100001,100,,,99784,100,,,99607,100,,,99496,100
2019-06-28 09:58:30.000000000,100437,312,100325,312,100579,312,100304,512,100600,100,100164,100,100657,100,100133,100,100821,100,100097,200,,,100066,100,,,100001,100,,,99784,100,,,99607,100,,,99496,100
2019-06-28 09:58:31.895650845,100437,312,100325,312,100579,312,100304,512,100600,100,100164,100,100657,100,100133,100,100821,100,100097,100,,,100066,100,,,100001,100,,,99784,100,,,99607,100,,,99496,100
2019-06-28 09:58:31.984406172,100437,312,100325,312,100579,312,100304,512,100600,100,100164,100,100657,100,100133,100,100821,100,100097,100,,,100066,100,,,100052,100,,,100001,100,,,99784,100,,,99607,100
2019-06-28 09:58:37.680701901,100437,312,100325,312,100579,312,100304,512,100600,100,100221,100,100657,100,100164,100,100821,100,100133,100,,,100097,100,,,100066,100,,,100052,100,,,100001,100,,,99784,100
2019-06-28 09:58:37.917383936,100437,312,100325,112,100579,312,100304,512,100600,100,100221,100,100657,100,100164,100,100821,100,100133,100,,,100097,100,,,100066,100,,,100052,100,,,100001,100,,,99784,100
2019-06-28 09:58:40.000000000,100437,185,100304,385,100579,185,100221,185,100600,185,100164,185,100657,185,100133,185,100821,185,100097,185,,,100066,100,,,100052,100,,,100001,100,,,99784,100,,,99607,100
2019-06-28 09:58:42.395932610,100433,100,100304,385,100437,185,100221,185,100579,85,100164,185,100600,185,100133,185,100657,185,100097,185,100821,185,100066,100,,,100052,100,,,100001,100,,,99784,100,,,99607,100
2019-06-28 09:58:46.025526344,100433,100,100304,385,100437,185,100221,185,100579,85,100164,185,100600,185,100133,185,100657,185,100097,185,100821,185,100088,100,,,100066,100,,,100052,100,,,100001,100,,,99784,100
2019-06-28 09:58:50.000000000,100433,244,100304,444,100437,240,100221,240,100600,240,100164,240,100657,100,100133,100,100821,100,100097,100,,,100088,100,,,100066,100,,,100052,100,,,100001,100,,,99784,100
2019-06-28 09:58:53.832727970,100399,100,100304,444,100433,244,100221,240,100437,240,100164,240,100600,240,100133,100,100657,100,100097,100,100821,100,100088,100,,,100066,100,,,100052,100,,,100001,100,,,99784,100
2019-06-28 09:59:00.000000000,100399,206,100304,406,100433,206,100221,206,100437,206,100164,206,100600,206,100133,206,100657,100,100097,100,100821,100,100088,100,,,100066,100,,,100052,100,,,100001,100,,,99784,100
2019-06-28 09:59:10.000000000,100399,312,100304,512,100433,312,100221,312,100437,100,100164,100,100600,100,100133,100,100657,100,100097,100,100821,100,100088,100,,,100066,100,,,100052,100,,,100001,100,,,99784,100
2019-06-28 09:59:15.918529047,100399,212,100304,512,100433,312,100221,312,100437,100,100164,100,100600,100,100133,100,100657,100,100097,100,100821,100,100088,100,,,100066,100,,,100052,100,,,100001,100,,,99607,100
2019-06-28 09:59:20.000000000,100433,206,100304,406,100437,206,100221,206,100600,206,100164,206,100657,206,100133,206,100821,100,100097,100,,,100088,100,,,100066,100,,,100052,100,,,100001,100,,,99607,100
2019-06-28 09:59:30.000000000,100433,185,100304,385,100437,185,100221,185,100600,185,100164,185,100657,185,100133,185,100821,185,100097,185,,,100088,100,,,100066,100,,,100052,100,,,100001,100,,,99607,100
2019-06-28 09:59:38.833999197,100398,100,100304,385,100433,185,100221,185,100437,185,100164,185,100600,185,100133,185,100657,185,100097,185,100821,185,100088,100,,,100066,100,,,100052,100,,,100001,100,,,99607,100
2019-06-28 09:59:40.000000000,100398,206,100304,406,100433,206,100221,206,100437,206,100164,206,100600,206,100133,206,100657,100,100097,100,100821,100,100088,100,,,100066,100,,,100052,100,,,100001,100,,,99607,100
2019-06-28 09:59:50.000000000,100398,312,100304,512,100433,312,100221,312,100437,100,100164,100,100600,100,100133,100,100657,100,100097,100,100821,100,100088,100,,,100066,100,,,100052,100,,,100001,100,,,99607,100
2019-06-28 10:00:00.000000000,100398,312,100304,512,100433,312,100221,312,100437,100,100164,100,100600,100,100133,100,100657,100,100097,100,100821,100,100088,100,,,100066,100,,,100052,100,,,100001,100,,,99607,100
2019-06-28 10:00:02.885420795,100398,312,100358,100,100433,312,100304,512,100437,100,100221,312,100600,100,100164,100,100657,100,100133,100,100821,100,100097,100,,,100088,100,,,100066,100,,,100052,100,,,100001,100
2019-06-28 10:00:10.000000000,100398,185,100358,185,100433,185,100304,385,100437,185,100221,185,100600,185,100164,185,100657,185,100133,185,100821,100,100097,100,,,100088,100,,,100066,100,,,100052,100,,,100001,100
2019-06-28 10:00:17.918470640,100380,100,100358,85,100398,185,100304,385,100433,185,100221,185,100437,185,100164,185,100600,185,100133,185,100657,185,100097,100,100821,100,100088,100,,,100066,100,,,100052,100,,,100001,100
2019-06-28 10:00:20.000000000,100380,206,100304,406,100398,206,100221,206,100433,206,100164,206,100437,206,100133,206,100600,100,100097,100,100657,100,100088,100,100821,100,100066,100,,,100052,100,,,100001,100,,,99607,100
2019-06-28 10:00:30.000000000,100380,206,100304,406,100398,206,100221,206,100433,206,100164,206,100437,206,100133,206,100600,100,100097,100,100657,100,100088,100,100821,100,100066,100,,,100052,100,,,100001,100,,,99607,100
2019-06-28 10:00:40.000000000,100380,244,100304,444,100398,240,100221,240,100433,240,100164,240,100437,100,100133,100,100600,100,100097,100,100657,100,100088,100,100821,100,100066,100,,,100052,100,,,100001,100,,,99607,100
2019-06-28 10:00:50.000000000,100380,185,100304,385,100398,185,100221,185,100433,185,100164,185,100437,185,100133,185,100600,185,100097,185,100657,100,100088,100,100821,100,100066,100,,,100052,100,,,100001,100,,,99607,100
2019-06-28 10:00:59.150659139,100380,185,100304,285,100398,185,100221,185,100433,185,100164,185,100437,185,100133,185,100600,185,100097,185,100821,100,100088,100,,,100066,100,,,100052,100,,,100001,100,,,99607,100
2019-06-28 10:01:00.000000000,100380,524,100304,624,100398,100,100221,100,100433,100,100164,100,100437,100,100133,100,100600,100,100097,100,100821,100,100088,100,,,100066,100,,,100052,100,,,100001,100,,,99607,100
2019-06-28 10:01:10.000000000,100380,185,100304,285,100398,185,100221,185,100433,185,100164,185,100437,185,100133,185,100600,185,100097,185,100821,100,100088,100,,,100066,100,,,100052,100,,,100001,100,,,99607,100
2019-06-28 10:01:20.000000000,100380,185,100304,285,100398,185,100221,185,100433,185,100164,185,100437,185,100133,185,100600,185,100097,185,100821,100,100088,100,,,100066,100,,,100052,100,,,100001,100,,,99607,100
2019-06-28 10:01:21.032584081,100379,100,100304,285,100380,185,100221,185,100398,185,100164,185,100433,185,100133,185,100437,185,100097,185,100600,185,100088,100,100821,100,100066,100,,,100052,100,,,100001,100,,,99607,100
2019-06-28 10:01:30.000000000,100379,206,100304,306,100380,206,100221,206,100398,206,100164,206,100433,206,100133,206,100437,100,100097,100,100600,100,100088,100,100821,100,100066,100,,,100052,100,,,100001,100,,,99607,100
2019-06-28 10:01:37.339570098,100379,306,100304,306,100380,206,100221,206,100398,206,100164,206,100433,206,100133,206,100437,100,100097,100,100600,100,100088,100,100821,100,100066,100,,,100052,100,,,100001,100,,,99607,100
2019-06-28 10:01:40.000000000,100379,285,100304,285,100380,185,100221,185,100398,185,100164,185,100433,185,100133,185,100437,185,100097,185,100600,100,100088,100,100821,100,100066,100,,,100052,100,,,100001,100,,,99607,100
2019-06-28 10:01:50.000000000,100379,306,100304,306,100380,206,100221,206,100398,206,100164,206,100433,206,100133,206,100437,100,100097,100,100600,100,100088,100,100821,100,100066,100,,,100052,100,,,100001,100,,,99607,100
2019-06-28 10:02:00.000000000,100379,306,100304,306,100380,206,100221,206,100398,206,100164,206,100433,206,100133,206,100437,100,100097,100,100600,100,100088,100,100821,100,100066,100,,,100052,100,,,100001,100,,,99607,100
2019-06-28 10:02:10.000000000,100379,306,100304,306,100380,206,100221,206,100398,206,100164,206,100433,206,100133,206,100437,100,100097,100,100600,100,100088,100,100821,100,100066,100,,,100052,100,,,100001,100,,,99607,100
2019-06-28 10:02:17.225068211,100379,306,100304,306,100380,206,100221,206,100398,206,100177,100,100433,206,100164,206,100437,100,100133,206,100600,100,100097,100,100821,100,100088,100,,,100066,100,,,100052,100,,,100001,100
2019-06-28 10:02:20.000000000,100379,285,100304,285,100380,185,100221,185,100398,185,100177,185,100433,185,100164,185,100437,185,100133,185,100600,100,100097,100,100821,100,100088,100,,,100066,100,,,100052,100,,,100001,100
2019-06-28 10:02:30.000000000,100379,412,100304,412,100380,312,100221,312,100398,100,100177,100,100433,100,100164,100,100437,100,100133,100,100600,100,100097,100,100821,100,100088,100,,,100066,100,,,100052,100,,,100001,100
2019-06-28 10:02:31.356641927,100379,412,100304,312,100380,312,100221,312,100398,100,100177,100,100433,100,100164,100,100437,100,100097,100,100600,100,100088,100,100821,100,100066,100,,,100052,100,,,100001,100,,,99607,100
2019-06-28 10:02:40.000000000,100379,344,100304,244,100380,240,100221,240,100398,240,100177,240,100433,100,100164,100,100437,100,100097,100,100600,100,100088,100,100821,100,100066,100,,,100052,100,,,100001,100,,,99607,100
2019-06-28 10:02:49.186855926,100379,344,100304,244,100380,240,100221,240,100398,240,100177,240,100433,100,100164,100,100437,100,100097,100,100600,100,100088,100,100821,100,100066,100,,,100052,100,,,100001,100,,,99793,100
2019-06-28 10:02:50.000000000,100379,285,100304,185,100380,185,100221,185,100398,185,100177,185,100433,185,100164,185,100437,185,100097,185,100600,100,100088,100,100821,100,100066,100,,,100052,100,,,100001,100,,,99793,100
2019-06-28 10:02:56.588433417,100379,285,100304,185,100380,185,100221,185,100398,185,100177,185,100433,185,100164,185,100437,185,100097,185,100600,100,100088,100,100821,100,100066,100,,,100052,100,,,100001,100,,,99793,100
2019-06-28 10:03:00.000000000,100379,624,100304,524,100380,100,100221,100,100398,100,100177,100,100433,100,100164,100,100437,100,100097,100,100600,100,100088,100,100821,100,100066,100,,,100052,100,,,100001,100,,,99793,100
2019-06-28 10:03:10.000000000,100379,285,100304,185,100380,185,100221,185,100398,185,100177,185,100433,185,100164,185,100437,185,100097,185,100600,100,100088,100,100821,100,100066,100,,,100052,100,,,100001,100,,,99793,100
2019-06-28 10:03:10.534079536,100379,285,100304,85,100380,185,100221,185,100398,185,100177,185,100433,185,100164,185,100437,185,100097,185,100600,100,100088,100,100821,100,100066,100,,,100052,100,,,100001,100,,,99793,100
2019-06-28 10:03:18.260751876,100379,285,100304,85,100380,185,100221,185,100398,185,100177,185,100433,185,100164,185,100437,185,100097,185,100600,100,100090,100,100821,100,100088,100,,,100066,100,,,100052,100,,,100001,100
2019-06-28 10:03:20.000000000,100379,306,100221,206,100380,206,100177,206,100398,206,100164,206,100433,206,100097,206,100437,100,100090,100,100600,100,100088,100,100821,100,100066,100,,,100052,100,,,100001,100,,,99793,100
2019-06-28 10:03:30.000000000,100379,285,100221,185,100380,185,100177,185,100398,185,100164,185,100433,185,100097,185,100437,185,100090,185,100600,100,100088,100,100821,100,100066,100,,,100052,100,,,100001,100,,,99793,100
2019-06-28 10:03:34.744561401,100379,185,100221,185,100380,185,100177,185,100398,185,100164,185,100433,185,100097,185,100437,185,100090,185,100600,100,100088,100,100821,100,100066,100,,,100052,100,,,100001,100,,,99793,100
2019-06-28 10:03:40.000000000,100379,244,100221,244,100380,240,100177,240,100398,240,100164,240,100433,100,100097,100,100437,100,100090,100,100600,100,100088,100,100821,100,100066,100,,,100052,100,,,100001,100,,,99793,100
2019-06-28 10:03:48.585162605,100379,244,100221,244,100380,240,100177,240,100398,240,100164,240,100433,100,100097,100,100600,100,100090,100,100632,100,100088,100,100821,100,100066,100,,,100052,100,,,100001,100,,,99793,100
2019-06-28 10:03:50.000000000,100379,524,100221,524,100380,100,100177,100,100398,100,100164,100,100433,100,100097,100,100600,100,100090,100,100632,100,100088,100,100821,100,100066,100,,,100052,100,,,100001,100,,,99793,100
2019-06-28 10:04:00.000000000,100379,206,100221,206,100380,206,100177,206,100398,206,100164,206,100433,206,100097,206,100600,100,100090,100,100632,100,100088,100,100821,100,100066,100,,,100052,100,,,100001,100,,,99793,100
2019-06-28 10:04:03.247784831,100379,206,100221,206,100380,206,100177,206,100398,206,100164,206,100433,206,100097,206,100600,100,100090,100,100632,100,100088,100,100704,100,100066,100,,,100052,100,,,100001,100,,,99793,100
2019-06-28 10:04:10.000000000,100379,244,100221,244,100380,240,100177,240,100398,240,100164,240,100433,100,100097,100,100600,100,100090,100,100632,100,100088,100,100704,100,100066,100,,,100052,100,,,100001,100,,,99793,100
2019-06-28 10:04:20.000000000,100379,524,100221,524,100380,100,100177,100,100398,100,100164,100,100433,100,100097,100,100600,100,100090,100,100632,100,100088,100,100704,100,100066,100,,,100052,100,,,100001,100,,,99793,100
2019-06-28 10:04:27.998830649,100379,524,100221,524,100380,100,100177,100,100398,100,100164,100,100433,100,100097,100,100600,100,100090,100,100632,100,100088,100,100704,100,100066,100,100709,100,100052,100,,,100001,100,,,99793,100
2019-06-28 10:04:30.000000000,100379,524,100221,524,100380,100,100177,100,100398,100,100164,100,100433,100,100097,100,100600,100,100090,100,100632,100,100088,100,100704,100,100066,100,100709,100,100052,100,,,100001,100,,,99793,100
2019-06-28 10:04:40.000000000,100379,524,100221,524,100380,100,100177,100,100398,100,100164,100,100433,100,100097,100,100600,100,100090,100,100632,100,100088,100,100704,100,100066,100,100709,100,100052,100,,,100001,100,,,99793,100
2019-06-28 10:04:40.991648820,100379,424,100221,524,100398,100,100177,100,100433,100,100164,100,100600,100,100097,100,100632,100,100090,100,100704,100,100088,100,100709,100,100066,100,,,100052,100,,,100001,100,,,99793,100
2019-06-28 10:04:48.412375453,100379,324,100221,524,100398,100,100177,100,100433,100,100164,100,100600,100,100097,100,100632,100,100090,100,100704,100,100088,100,100709,100,100066,100,,,100052,100,,,100001,100,,,99793,100
2019-06-28 10:04:50.000000000,100398,312,100221,312,100433,312,100177,312,100600,100,100164,100,100632,100,100097,100,100704,100,100090,100,100709,100,100088,100,,,100066,100,,,100052,100,,,100001,100,,,99793,100
2019-06-28 10:05:00.000000000,100398,244,100221,244,100433,240,100177,240,100600,240,100164,240,100632,100,100097,100,100704,100,100090,100,100709,100,100088,100,,,100066,100,,,100052,100,,,100001,100,,,99793,100
2019-06-28 10:05:04.602022408,100398,244,100221,244,100433,240,100194,100,100600,240,100177,240,100632,100,100164,240,100704,100,100097,100,100709,100,100090,100,,,100088,100,,,100066,100,,,100052,100,,,100001,100
2019-06-28 10:05:07.386098161,100398,144,100221,244,100433,240,100194,100,100600,240,100177,240,100632,100,100164,240,100704,100,100097,100,100709,100,100090,100,,,100088,100,,,100066,100,,,100052,100,,,100001,100
2019-06-28 10:05:10.000000000,100433,312,100221,312,100600,312,100194,312,100632,100,100177,100,100704,100,100164,100,100709,100,100097,100,,,100090,100,,,100088,100,,,100066,100,,,100052,100,,,100001,100
2019-06-28 10:05:13.091359368,100433,212,100221,312,100600,312,100194,312,100632,100,100177,100,100704,100,100164,100,100709,100,100097,100,,,100090,100,,,100088,100,,,100066,100,,,100052,100,,,100001,100
2019-06-28 10:05:20.000000000,100600,312,100221,312,100632,312,100194,312,100704,100,100177,100,100709,100,100164,100,,,100097,100,,,100090,100,,,100088,100,,,100066,100,,,100052,100,,,100001,100
2019-06-28 10:05:22.419904990,100600,312,100221,312,100632,312,100194,312,100704,100,100177,100,100709,200,100164,100,,,100097,100,,,100090,100,,,100088,100,,,100066,100,,,100052,100,,,99793,100
2019-06-28 10:05:23.438059128,100600,312,100367,100,100632,312,100221,312,100704,100,100194,312,100709,200,100177,100,,,100164,100,,,100097,100,,,100090,100,,,100088,100,,,100066,100,,,100052,100
2019-06-28 10:05:24.135662058,100600,312,100568,100,100632,312,100367,100,100704,100,100221,312,100709,200,100194,312,,,100177,100,,,100164,100,,,100097,100,,,100090,100,,,100088,100,,,100066,100
2019-06-28 10:05:30.000000000,100600,185,100568,185,100632,185,100367,185,100704,185,100221,185,100709,285,100194,185,100710,85,100177,185,,,100164,100,,,100097,100,,,100090,100,,,100088,100,,,100066,100
2019-06-28 10:05:39.779136685,100632,185,100600,15,100704,185,100568,185,100709,285,100367,185,100710,85,100221,185,,,100194,185,,,100177,185,,,100164,100,,,100097,100,,,100090,100,,,100088,100
2019-06-28 10:05:40.000000000,100632,185,100600,100,100704,185,100568,185,100709,285,100367,185,100710,85,100221,185,,,100194,185,,,100177,100,,,100164,100,,,100097,100,,,100090,100,,,100088,100
2019-06-28 10:05:50.000000000,100632,244,100600,159,100704,240,100568,240,100709,340,100367,240,,,100221,100,,,100194,100,,,100177,100,,,100164,100,,,100097,100,,,100090,100,,,100088,100
2019-06-28 10:05:53.919576861,100632,244,100600,159,100704,240,100569,100,100709,340,100568,240,,,100367,240,,,100221,100,,,100194,100,,,100177,100,,,100097,100,,,100090,100,,,100088,100
2019-06-28 10:06:00.000000000,100632,244,100600,159,100704,240,100569,240,100709,340,100568,240,,,100367,100,,,100221,100,,,100194,100,,,100177,100,,,100097,100,,,100090,100,,,100088,100
2019-06-28 10:06:09.719307511,100632,244,100600,159,100704,140,100569,240,100709,340,100568,240,101305,100,100367,100,,,100221,100,,,100194,100,,,100177,100,,,100097,100,,,100090,100,,,100088,100
2019-06-28 10:06:10.000000000,100632,244,100600,159,100709,340,100569,240,101305,240,100568,240,,,100367,100,,,100221,100,,,100194,100,,,100177,100,,,100097,100,,,100090,100,,,100088,100
2019-06-28 10:06:19.289451559,100632,244,100600,159,100709,340,100569,240,101305,240,100568,240,101441,100,100367,100,,,100221,100,,,100194,100,,,100177,100,,,100097,100,,,100090,100,,,100088,100
2019-06-28 10:06:20.000000000,100632,185,100600,100,100709,285,100569,185,101305,185,100568,185,101441,185,100367,185,101442,85,100221,185,,,100194,100,,,100177,100,,,100097,100,,,100090,100,,,100088,100
2019-06-28 10:06:28.495687567,100632,85,100600,100,100709,285,100569,185,101305,185,100568,185,101441,85,100367,185,101442,85,100221,185,,,100194,100,,,100177,100,,,100097,100,,,100090,100,,,100088,100
2019-06-28 10:06:30.000000000,100709,306,100600,121,101305,206,100569,206,101306,106,100568,206,,,100367,206,,,100221,100,,,100194,100,,,100177,100,,,100097,100,,,100090,100,,,100088,100
2019-06-28 10:06:40.000000000,100709,285,100600,100,101305,185,100569,185,101306,85,100568,185,,,100367,185,,,100221,185,,,100194,100,,,100177,100,,,100097,100,,,100090,100,,,100088,100
2019-06-28 10:06:41.397461170,100709,285,100600,100,101273,100,100569,185,101305,185,100568,185,101306,85,100367,185,,,100221,185,,,100194,100,,,100177,100,,,100097,100,,,100090,100,,,100088,100
2019-06-28 10:06:44.998096019,100709,285,100600,100,101273,100,100569,185,101299,100,100568,185,101305,185,100367,185,101306,85,100221,185,,,100194,100,,,100177,100,,,100097,100,,,100090,100,,,100088,100
2019-06-28 10:06:50.000000000,100709,412,100600,227,101273,312,100569,312,101299,100,100568,100,101305,100,100367,100,,,100221,100,,,100194,100,,,100177,100,,,100097,100,,,100090,100,,,100088,100
2019-06-28 10:07:00.000000000,100709,306,100600,121,101273,206,100569,206,101299,206,100568,206,101305,206,100367,206,,,100221,100,,,100194,100,,,100177,100,,,100097,100,,,100090,100,,,100088,100
2019-06-28 10:07:07.507149029,100709,306,100601,100,101273,206,100600,121,101299,206,100569,206,101305,206,100568,206,,,100367,206,,,100221,100,,,100194,100,,,100177,100,,,100097,100,,,100090,100
2019-06-28 10:07:10.000000000,100709,306,100601,206,101273,206,100600,121,101299,206,100569,206,101305,206,100568,206,,,100367,100,,,100221,100,,,100194,100,,,100177,100,,,100097,100,,,100090,100
2019-06-28 10:07:13.942555491,100709,206,100601,206,101273,206,100600,121,101299,206,100569,206,101305,206,100568,206,,,100367,100,,,100221,100,,,100194,100,,,100177,100,,,100097,100,,,100090,100
2019-06-28 10:07:20.000000000,100709,185,100601,185,101273,185,100600,100,101299,185,100569,185,101305,185,100568,185,101306,85,100367,185,,,100221,100,,,100194,100,,,100177,100,,,100097,100,,,100090,100
2019-06-28 10:07:26.173014976,100709,85,100601,185,101273,85,100600,100,101299,185,100569,185,101305,185,100568,185,101306,85,100367,185,,,100221,100,,,100194,100,,,100177,100,,,100097,100,,,100090,100
2019-06-28 10:07:30.000000000,101299,524,100601,524,101305,100,100600,15,,,100569,100,,,100568,100,,,100367,100,,,100221,100,,,100194,100,,,100177,100,,,100097,100,,,100090,100
2019-06-28 10:07:40.000000000,101299,524,100601,524,101305,100,100600,15,,,100569,100,,,100568,100,,,100367,100,,,100221,100,,,100194,100,,,100177,100,,,100097,100,,,100090,100
2019-06-28 10:07:44.727659654,101183,100,100601,524,101299,524,100600,15,,,100569,100,,,100568,100,,,100367,100,,,100221,100,,,100194,100,,,100177,100,,,100097,100,,,100090,100
2019-06-28 10:07:50.000000000,101183,185,100601,185,101299,185,100600,100,101300,85,100569,185,,,100568,185,,,100367,185,,,100221,100,,,100194,100,,,100177,100,,,100097,100,,,100090,100
2019-06-28 10:07:54.882182117,101183,185,100709,100,101299,185,100601,185,101300,85,100600,100,,,100569,185,,,100568,185,,,100367,185,,,100221,100,,,100194,100,,,100177,100,,,100097,100
2019-06-28 10:07:56.268850879,101183,185,100709,200,101299,185,100601,185,101300,85,100600,100,,,100569,185,,,100568,185,,,100367,185,,,100221,100,,,100194,100,,,100177,100,,,100097,100
2019-06-28 10:08:00.000000000,101183,185,100709,285,101299,185,100601,185,101300,85,100600,100,,,100569,185,,,100568,185,,,100367,100,,,100221,100,,,100194,100,,,100177,100,,,100097,100
2019-06-28 10:08:10.000000000,101183,206,100709,306,101299,206,100601,206,101300,106,100600,121,,,100569,206,,,100568,100,,,100367,100,,,100221,100,,,100194,100,,,100177,100,,,100097,100
2019-06-28 10:08:20.000000000,101183,312,100709,412,101299,312,100601,312,,,100600,15,,,100569,100,,,100568,100,,,100367,100,,,100221,100,,,100194,100,,,100177,100,,,100097,100
2019-06-28 10:08:30.000000000,101183,312,100709,412,101299,312,100601,312,,,100600,15,,,100569,100,,,100568,100,,,100367,100,,,100221,100,,,100194,100,,,100177,100,,,100097,100
2019-06-28 10:08:30.217968351,101183,312,100709,412,101223,100,100601,312,101299,312,100600,15,,,100569,100,,,100568,100,,,100367,100,,,100221,100,,,100194,100,,,100177,100,,,100097,100
2019-06-28 10:08:36.994788748,101183,312,100785,100,101223,100,100709,412,101299,312,100601,312,,,100600,15,,,100569,100,,,100568,100,,,100367,100,,,100221,100,,,100194,100,,,100177,100
2019-06-28 10:08:40.000000000,101183,524,100785,524,101223,100,100709,200,101299,100,100601,100,,,100600,15,,,100569,100,,,100568,100,,,100367,100,,,100221,100,,,100194,100,,,100177,100
2019-06-28 10:08:41.561853581,101183,524,100785,524,101223,100,100740,100,101299,100,100709,200,,,100601,100,,,100600,15,,,100569,100,,,100568,100,,,100367,100,,,100221,100,,,100194,100
2019-06-28 10:08:46.077078004,101183,524,100785,524,101223,100,100740,100,101299,100,100709,200,,,100600,15,,,100569,100,,,100568,100,,,100367,100,,,100221,100,,,100194,100,,,100177,100
2019-06-28 10:08:50.000000000,101183,206,100785,206,101223,206,100740,206,101299,206,100709,306,101300,106,100600,121,,,100569,100,,,100568,100,,,100367,100,,,100221,100,,,100194,100,,,100177,100
2019-06-28 10:08:51.523323837,101183,206,100818,100,101223,206,100785,206,101299,206,100740,206,101300,106,100709,306,,,100600,121,,,100569,100,,,100568,100,,,100367,100,,,100221,100,,,100194,100
2019-06-28 10:09:00.000000000,101183,312,100818,312,101223,312,100785,312,101299,100,100740,100,,,100709,200,,,100600,15,,,100569,100,,,100568,100,,,100367,100,,,100221,100,,,100194,100
2019-06-28 10:09:10.000000000,101183,185,100818,185,101223,185,100785,185,101299,185,100740,185,101300,85,100709,285,,,100600,100,,,100569,100,,,100568,100,,,100367,100,,,100221,100,,,100194,100
2019-06-28 10:09:20.000000000,101183,244,100818,244,101223,240,100785,240,101299,240,100740,240,,,100709,200,,,100600,15,,,100569,100,,,100568,100,,,100367,100,,,100221,100,,,100194,100
2019-06-28 10:09:21.709151940,101183,244,100818,144,101223,240,100785,240,101299,140,100740,240,,,100709,200,,,100600,15,,,100569,100,,,100568,100,,,100367,100,,,100221,100,,,100194,100
2019-06-28 10:09:23.529787935,101183,244,100818,144,101223,240,100785,240,101299,140,100740,240,,,100709,200,,,100600,15,,,100569,100,,,100568,100,,,100446,100,,,100367,100,,,100221,100
2019-06-28 10:09:30.000000000,101183,524,100785,524,101223,100,100740,100,,,100709,200,,,100600,15,,,100569,100,,,100568,100,,,100446,100,,,100367,100,,,100221,100,,,100194,100
2019-06-28 10:09:40.000000000,101183,524,100785,524,101223,100,100740,100,,,100709,200,,,100600,15,,,100569,100,,,100568,100,,,100446,100,,,100367,100,,,100221,100,,,100194,100
2019-06-28 10:09:50.000000000,101183,524,100785,524,101223,100,100740,100,,,100709,200,,,100600,15,,,100569,100,,,100568,100,,,100446,100,,,100367,100,,,100221,100,,,100194,100
2019-06-28 10:09:53.081546055,100818,100,100785,524,101183,524,100740,100,101223,100,100709,200,,,100600,15,,,100569,100,,,100568,100,,,100446,100,,,100367,100,,,100221,100,,,100194,100
2019-06-28 10:10:00.000000000,100818,206,100785,206,101183,206,100740,206,101223,206,100709,306,101224,106,100600,121,,,100569,100,,,100568,100,,,100446,100,,,100367,100,,,100221,100,,,100194,100
2019-06-28 10:10:07.241530944,100818,206,100785,106,101183,206,100740,206,101223,206,100709,306,101224,106,100600,121,,,100569,100,,,100568,100,,,100446,100,,,100221,100,,,100194,100,,,100177,100
2019-06-28 10:10:08.039152182,100818,206,100785,106,101183,206,100740,206,101223,206,100709,306,101224,106,100609,100,,,100600,121,,,100569,100,,,100568,100,,,100446,100,,,100221,100,,,100194,100
2019-06-28 10:10:10.000000000,100818,244,100740,244,101183,240,100709,340,101223,240,100609,240,,,100600,15,,,100569,100,,,100568,100,,,100446,100,,,100221,100,,,100194,100,,,100177,100
2019-06-28 10:10:11.758382362,100818,244,100740,244,101183,240,100709,340,101223,240,100609,240,,,100600,15,,,100569,100,,,100568,100,,,100446,100,,,100331,100,,,100221,100,,,100194,100
2019-06-28 10:10:13.807308362,100818,244,100740,144,101183,240,100709,340,101223,240,100609,240,,,100600,15,,,100569,100,,,100568,100,,,100446,100,,,100331,100,,,100221,100,,,100194,100
