,ask_price_1,ask_size_1,bid_price_1,bid_size_1,ask_price_2,ask_size_2,bid_price_2,bid_size_2,ask_price_3,ask_size_3,bid_price_3,bid_size_3,ask_price_4,ask_size_4,bid_price_4,bid_size_4,ask_price_5,ask_size_5,bid_price_5,bid_size_5,ask_price_6,ask_size_6,bid_price_6,bid_size_6,ask_price_7,ask_size_7,bid_price_7,bid_size_7,ask_price_8,ask_size_8,bid_price_8,bid_size_8,ask_price_9,ask_size_9,bid_price_9,bid_size_9,ask_price_10,ask_size_10,bid_price_10,bid_size_10
2019-06-28 09:30:00.000000000,100049,100,,,,,,,,,,,,,,,,,,,,,,,,,,,,,,,,,,,,,,
2019-06-28 09:30:00.000000003,100047,100,,,100049,100,,,,,,,,,,,,,,,,,,,,,,,,,,,,,,,,,,
2019-06-28 09:30:00.000000004,100047,100,99865,100,100049,100,,,,,,,,,,,,,,,,,,,,,,,,,,,,,,,,,,
2019-06-28 09:30:00.000000005,100047,100,100007,100,100049,100,99865,100,,,,,,,,,,,,,,,,,,,,,,,,,,,,,,,,
2019-06-28 09:30:00.000000006,100047,100,100007,100,100049,100,99898,100,100068,100,99865,100,,,,,,,,,,,,,,,,,,,,,,,,,,,,
2019-06-28 09:30:00.000000007,100047,100,100007,100,100049,100,99898,100,100068,100,99865,100,100139,100,,,,,,,,,,,,,,,,,,,,,,,,,,
2019-06-28 09:30:00.000000009,100047,100,100007,100,100049,100,99901,100,100068,100,99898,100,100139,100,99865,100,,,,,,,,,,,,,,,,,,,,,,,,
2019-06-28 09:30:00.000000012,100037,100,100007,100,100047,100,99901,100,100049,100,99898,100,100068,100,99865,100,100139,100,,,,,,,,,,,,,,,,,,,,,,
2019-06-28 09:30:00.000000016,100037,100,100022,100,100047,100,100007,100,100049,100,99901,100,100068,100,99898,100,100139,100,99865,100,,,,,,,,,,,,,,,,,,,,
2019-06-28 09:30:00.000000017,100037,100,100022,100,100047,100,100007,100,100049,100,99984,100,100068,100,99901,100,100139,100,99898,100,,,99865,100,,,,,,,,,,,,,,,,
2019-06-28 09:30:00.000000018,100037,100,100022,100,100047,100,100007,100,100049,100,99984,100,100068,100,99901,100,100139,100,99898,100,,,99865,100,,,99855,100,,,,,,,,,,,,
2019-06-28 09:30:00.000000019,100037,100,100035,100,100047,100,100022,100,100049,100,100007,100,100068,100,99987,100,100110,100,99984,100,100139,100,99901,100,,,99898,100,,,99865,100,,,99855,100,,,,
2019-06-28 09:30:00.000000021,100037,100,100035,100,100047,100,100022,100,100049,100,100007,100,100068,100,99987,100,100110,100,99984,100,100139,100,99982,100,,,99901,100,,,99898,100,,,99865,100,,,99855,100
2019-06-28 09:30:00.000000022,100037,100,100022,100,100047,100,100007,100,100049,100,99987,100,100068,100,99984,100,100110,100,99982,100,100139,100,99901,100,,,99898,100,,,99865,100,,,99855,100,,,,
2019-06-28 09:30:00.000000023,100037,100,100022,100,100047,100,100007,100,100049,100,99987,100,100068,100,99984,100,100110,100,99982,100,100139,100,99969,100,,,99958,100,,,99901,100,,,99898,100,,,99865,100
2019-06-28 09:30:00.000000024,100037,100,100007,100,100047,100,99987,100,100049,100,99984,100,100068,100,99982,100,100110,100,99969,100,100139,100,99958,100,,,99901,100,,,99898,100,,,99865,100,,,99855,100
2019-06-28 09:30:00.000000025,100016,100,100007,100,100037,100,99987,100,100047,100,99984,100,100049,100,99982,100,100068,100,99969,100,100110,100,99958,100,100139,100,99901,100,,,99898,100,,,99865,100,,,99855,100
2019-06-28 09:30:00.000000031,100016,100,100007,100,100037,100,99987,100,100047,100,99984,100,100049,100,99982,100,100068,100,99969,100,100075,100,99958,100,100110,100,99901,100,100139,100,99898,100,,,99865,100,,,99855,100
2019-06-28 09:30:00.000000034,100013,100,100007,100,100016,100,99987,100,100037,100,99984,100,100046,100,99982,100,100047,100,99969,100,100049,100,99958,100,100068,100,99901,100,100075,100,99898,100,100110,100,99865,100,100139,100,99855,100
2019-06-28 09:30:00.000000035,100013,100,99987,100,100016,100,99984,100,100037,100,99982,100,100046,100,99969,100,100047,100,99958,100,100049,100,99901,100,100068,100,99898,100,100075,100,99865,100,100110,100,99855,100,100139,100,99811,100
2019-06-28 09:30:00.000000036,100012,100,99987,100,100013,100,99984,100,100016,100,99982,100,100037,100,99969,100,100046,100,99958,100,100047,100,99901,100,100049,100,99898,100,100068,100,99865,100,100075,100,99855,100,100110,100,99811,100
2019-06-28 09:30:00.000000037,100012,200,99987,100,100013,100,99984,100,100016,100,99982,100,100037,100,99969,100,100046,100,99958,100,100047,100,99901,100,100049,100,99898,100,100068,100,99865,100,100075,100,99855,100,100110,100,99811,100
2019-06-28 09:30:00.000000039,100012,200,99987,100,100013,100,99984,100,100016,100,99982,100,100037,100,99969,100,100046,100,99958,100,100047,100,99901,200,100049,100,99898,100,100068,100,99865,100,100075,100,99855,100,100110,100,99811,100
2019-06-28 09:30:00.000000043,100012,200,99984,100,100013,100,99982,100,100016,100,99969,100,100037,100,99958,100,100046,100,99901,200,100047,100,99898,100,100049,100,99865,100,100068,100,99855,100,100075,100,99811,100,100110,100,,
2019-06-28 09:30:00.000000046,100012,200,99984,100,100013,100,99982,100,100016,100,99969,100,100037,100,99958,100,100046,100,99901,200,100047,100,99898,100,100049,100,99865,100,100068,100,99855,100,100075,100,99811,100,100098,100,,
2019-06-28 09:30:00.000000050,100012,200,99987,100,100013,100,99984,100,100016,100,99982,100,100037,100,99969,100,100046,100,99958,100,100047,100,99901,200,100049,100,99898,100,100068,100,99865,100,100075,100,99855,100,100098,100,99811,100
2019-06-28 09:30:00.000000052,100007,100,99987,100,100012,200,99984,100,100013,100,99982,100,100016,100,99969,100,100037,100,99958,100,100046,100,99901,200,100047,100,99898,100,100049,100,99865,100,100068,100,99855,100,100075,100,99811,100
2019-06-28 09:30:00.000000054,100007,100,99984,100,100012,200,99982,100,100013,100,99969,100,100016,100,99958,100,100037,100,99901,200,100046,100,99898,100,100047,100,99865,100,100049,100,99855,100,100068,100,99811,100,100075,100,,
2019-06-28 09:30:00.000000056,99987,100,99984,100,100007,100,99982,100,100012,200,99969,100,100013,100,99958,100,100016,100,99901,200,100037,100,99898,100,100046,100,99865,100,100047,100,99855,100,100049,100,99811,100,100068,100,,
2019-06-28 09:30:00.000000058,99987,100,99984,100,100007,100,99982,100,100012,200,99969,100,100013,100,99958,100,100016,100,99917,100,100037,100,99901,200,100046,100,99898,100,100047,100,99865,100,100049,100,99855,100,100068,100,99811,100
2019-06-28 09:30:00.000000061,99987,100,99984,100,100007,100,99982,100,100012,200,99969,100,100013,100,99958,100,100016,100,99917,100,100037,100,99901,200,100046,100,99898,100,100047,100,99865,100,100049,100,99855,100,100068,100,99811,100
2019-06-28 09:30:00.000000062,99987,100,99984,100,100007,100,99982,100,100012,200,99969,100,100013,100,99958,100,100016,100,99917,100,100037,100,99908,100,100046,100,99901,200,100047,100,99898,100,100049,100,99865,100,100068,100,99855,100
2019-06-28 09:30:00.000000069,99987,100,99984,100,100007,100,99982,100,100012,200,99969,100,100013,100,99958,100,100016,100,99917,200,100037,100,99908,100,100046,100,99901,200,100047,100,99898,100,100049,100,99865,100,100068,100,99855,100
2019-06-28 09:30:00.000000074,100007,100,99984,100,100012,200,99982,100,100013,100,99969,100,100016,100,99958,100,100037,100,99917,200,100046,100,99908,100,100047,100,99905,100,100049,100,99901,200,100068,100,99898,100,100075,100,99865,100
2019-06-28 09:30:00.000000077,100007,100,99984,100,100012,200,99982,100,100013,100,99969,100,100016,100,99958,100,100037,100,99917,200,100046,100,99908,100,100047,100,99905,100,100049,100,99901,200,100068,100,99898,100,100075,100,99865,100
2019-06-28 09:30:00.000000079,100007,100,99984,100,100012,200,99982,100,100013,100,99969,100,100016,100,99958,100,100037,100,99917,200,100046,100,99908,100,100047,100,99905,100,100049,100,99901,200,100068,100,99898,100,100075,100,99891,100
2019-06-28 09:30:00.000000080,100007,100,99987,100,100012,200,99984,100,100013,100,99982,100,100016,100,99969,100,100037,100,99958,100,100046,100,99917,200,100047,100,99908,100,100049,100,99905,100,100052,100,99901,200,100068,100,99898,100
2019-06-28 09:30:00.000000082,100007,100,99984,100,100012,200,99982,100,100013,100,99969,100,100016,100,99958,100,100037,100,99917,200,100046,100,99908,100,100047,100,99905,100,100049,100,99901,200,100052,100,99898,100,100068,100,99891,100
2019-06-28 09:30:00.000000083,100007,100,99987,100,100012,200,99984,100,100013,100,99982,100,100016,100,99969,100,100037,100,99958,100,100046,100,99917,200,100047,100,99908,100,100049,100,99905,100,100052,100,99901,200,100068,100,99898,100
2019-06-28 09:30:00.000000084,100007,100,99987,100,100012,200,99984,100,100013,100,99982,100,100016,100,99969,100,100037,100,99958,100,100046,100,99946,100,100047,100,99917,200,100049,100,99908,100,100052,100,99905,100,100068,100,99901,200
2019-06-28 09:30:00.000000085,100007,100,99987,100,100012,200,99984,100,100013,100,99982,100,100016,100,99969,100,100037,100,99958,100,100046,100,99946,100,100047,100,99917,200,100049,100,99908,100,100052,100,99905,100,100068,100,99901,200
2019-06-28 09:30:00.000000086,100007,100,99987,200,100012,200,99984,100,100013,100,99982,100,100016,100,99969,100,100037,100,99958,100,100046,100,99946,100,100047,100,99917,200,100049,100,99908,100,100052,100,99905,100,100068,100,99901,200
2019-06-28 09:30:00.000000087,100007,100,99987,200,100012,200,99984,100,100013,100,99982,100,100016,100,99969,100,100037,100,99958,100,100046,100,99946,100,100047,100,99917,200,100049,100,99908,100,100052,100,99905,100,100068,100,99901,200
2019-06-28 09:30:00.000000088,100007,100,99987,300,100012,200,99984,100,100013,100,99982,100,100016,100,99969,100,100037,100,99958,100,100046,100,99946,100,100047,100,99917,200,100049,100,99908,100,100052,100,99905,100,100068,100,99901,200
2019-06-28 09:30:00.000000090,100007,100,99987,300,100012,200,99984,100,100013,100,99982,100,100016,100,99969,100,100037,100,99958,100,100046,100,99946,100,100047,100,99917,200,100049,100,99908,100,100052,100,99905,100,100068,100,99901,200
2019-06-28 09:30:00.000000091,100007,100,99987,300,100012,200,99984,100,100013,100,99982,100,100016,100,99969,100,100037,100,99958,100,100039,100,99946,100,100046,100,99917,200,100047,100,99908,100,100049,100,99905,100,100052,100,99901,200
2019-06-28 09:30:00.000000094,100012,200,99987,200,100013,100,99984,100,100016,100,99982,100,100037,100,99969,100,100039,100,99958,100,100046,100,99946,100,100047,100,99917,200,100049,100,99908,100,100052,100,99905,100,100068,100,99901,200
2019-06-28 09:30:00.000000097,100012,200,99987,200,100013,100,99984,100,100016,100,99982,100,100037,100,99969,100,100039,100,99958,100,100046,100,99946,100,100047,100,99917,200,100049,100,99908,100,100052,100,99905,100,100068,100,99901,200
2019-06-28 09:30:00.000000099,100012,200,99987,200,100013,100,99984,100,100016,100,99982,100,100030,100,99969,100,100037,100,99958,100,100039,100,99946,100,100046,100,99917,200,100047,100,99908,100,100049,100,99905,100,100052,100,99901,200
2019-06-28 09:30:10.000000000,100012,344,99987,344,100013,244,99984,244,100016,100,99982,100,100030,100,99969,100,100037,100,99958,100,100039,100,99946,100,100046,100,99917,200,100047,100,99908,100,100049,100,99905,100,100052,100,99901,200
2019-06-28 09:30:16.216641917,100007,100,99987,344,100012,244,99984,244,100013,244,99982,100,100016,100,99969,100,100030,100,99958,100,100037,100,99946,100,100039,100,99917,200,100046,100,99908,100,100047,100,99905,100,100049,100,99901,200
2019-06-28 09:30:20.000000000,100007,158,99987,258,100012,158,99984,158,100013,158,99982,158,100016,158,99969,158,100030,158,99958,158,100037,100,99946,100,100039,100,99917,200,100046,100,99908,100,100047,100,99905,100,100049,100,99901,200
2019-06-28 09:30:30.000000000,100007,389,99987,489,100012,100,99984,100,100013,100,99982,100,100016,100,99969,100,100030,100,99958,100,100037,100,99946,100,100039,100,99917,200,100046,100,99908,100,100047,100,99905,100,100049,100,99901,200
2019-06-28 09:30:33.393636533,100007,389,99987,389,100012,100,99984,100,100013,100,99982,100,100016,100,99969,100,100030,100,99958,100,100037,100,99946,100,100039,100,99917,200,100046,100,99908,100,100047,100,99905,100,100049,100,99901,200
2019-06-28 09:30:34.639733121,100007,389,99987,389,100012,100,99984,100,100013,100,99969,100,100016,100,99958,100,100030,100,99946,100,100037,100,99917,200,100039,100,99908,100,100046,100,99905,100,100047,100,99901,200,100049,100,99898,100
2019-06-28 09:30:40.000000000,100007,198,99987,198,100012,195,99984,195,100013,195,99969,195,100016,100,99958,100,100030,100,99946,100,100037,100,99917,200,100039,100,99908,100,100046,100,99905,100,100047,100,99901,200,100049,100,99898,100
2019-06-28 09:30:50.000000000,100007,172,99987,172,100012,172,99984,172,100013,172,99969,172,100016,172,99958,172,100030,100,99946,100,100037,100,99917,200,100039,100,99908,100,100046,100,99905,100,100047,100,99901,200,100049,100,99898,100
2019-06-28 09:31:00.000000000,100007,389,99987,389,100012,100,99984,100,100013,100,99969,100,100016,100,99958,100,100030,100,99946,100,100037,100,99917,200,100039,100,99908,100,100046,100,99905,100,100047,100,99901,200,100049,100,99898,100
2019-06-28 09:31:03.998136116,100007,389,99987,389,100012,100,99984,100,100013,100,99969,100,100016,100,99958,100,100030,100,99946,100,100037,100,99917,200,100039,100,99908,100,100046,100,99905,100,100047,100,99901,200,100049,100,99898,100
2019-06-28 09:31:10.000000000,100007,172,99987,172,100012,172,99984,172,100013,172,99969,172,100016,172,99958,172,100030,100,99946,100,100037,100,99917,200,100039,100,99908,100,100046,100,99905,100,100047,100,99901,200,100049,100,99898,100
2019-06-28 09:31:20.000000000,100007,389,99987,389,100012,100,99984,100,100013,100,99969,100,100016,100,99958,100,100030,100,99946,100,100037,100,99917,200,100039,100,99908,100,100046,100,99905,100,100047,100,99901,200,100049,100,99898,100
2019-06-28 09:31:30.000000000,100007,244,99987,244,100012,244,99984,244,100013,100,99969,100,100016,100,99958,100,100030,100,99946,100,100037,100,99917,200,100039,100,99908,100,100046,100,99905,100,100047,100,99901,200,100049,100,99898,100
2019-06-28 09:31:35.745678953,100007,244,99987,244,100012,244,99984,244,100013,100,99969,100,100016,100,99958,100,100037,100,99946,100,100039,100,99917,200,100046,100,99908,100,100047,100,99905,100,100049,100,99901,200,100052,100,99898,100
2019-06-28 09:31:40.000000000,100007,158,99987,158,100012,158,99984,158,100013,158,99969,158,100016,158,99958,158,100037,158,99946,158,100039,100,99917,200,100046,100,99908,100,100047,100,99905,100,100049,100,99901,200,100052,100,99898,100
2019-06-28 09:31:50.000000000,100007,198,99987,198,100012,195,99984,195,100013,195,99969,195,100016,100,99958,100,100037,100,99946,100,100039,100,99917,200,100046,100,99908,100,100047,100,99905,100,100049,100,99901,200,100052,100,99898,100
2019-06-28 09:31:54.746085349,100007,98,99987,198,100012,195,99984,195,100013,195,99969,195,100016,100,99958,100,100037,100,99946,100,100039,100,99917,200,100046,100,99908,100,100047,100,99905,100,100049,100,99901,200,100052,100,99898,100
2019-06-28 09:31:55.503032431,100007,98,99987,198,100012,195,99984,195,100013,195,99969,195,100016,100,99958,100,100037,100,99946,100,100039,100,99917,200,100046,100,99908,100,100047,100,99905,100,100049,100,99901,200,100052,100,99898,100
2019-06-28 09:32:00.000000000,100012,158,99987,158,100013,158,99984,158,100016,158,99969,158,100037,158,99958,158,100039,158,99946,158,100046,100,99917,200,100047,100,99908,100,100049,100,99905,100,100052,100,99901,200,100068,100,99898,100
2019-06-28 09:32:10.000000000,100012,389,99987,389,100013,100,99984,100,100016,100,99969,100,100037,100,99958,100,100039,100,99946,100,100046,100,99917,200,100047,100,99908,100,100049,100,99905,100,100052,100,99901,200,100068,100,99898,100
2019-06-28 09:32:20.000000000,100012,172,99987,172,100013,172,99984,172,100016,172,99969,172,100037,172,99958,172,100039,100,99946,100,100046,100,99917,200,100047,100,99908,100,100049,100,99905,100,100052,100,99901,200,100068,100,99898,100
2019-06-28 09:32:30.000000000,100012,244,99987,244,100013,244,99984,244,100016,100,99969,100,100037,100,99958,100,100039,100,99946,100,100046,100,99917,200,100047,100,99908,100,100049,100,99905,100,100052,100,99901,200,100068,100,99898,100
2019-06-28 09:32:30.348501963,100012,244,99987,144,100013,244,99984,244,100016,100,99969,100,100037,100,99958,100,100039,100,99946,100,100046,100,99917,200,100047,100,99908,100,100049,100,99905,100,100052,100,99901,200,100068,100,99898,100
2019-06-28 09:32:36.486573719,100012,244,99987,44,100013,244,99984,244,100016,100,99969,100,100037,100,99958,100,100039,100,99946,100,100046,100,99917,200,100047,100,99908,100,100049,100,99905,100,100052,100,99901,200,100068,100,99898,100
2019-06-28 09:32:40.000000000,100012,158,99984,158,100013,158,99969,158,100016,158,99958,158,100037,158,99946,158,100039,158,99917,258,100046,100,99908,100,100047,100,99905,100,100049,100,99901,200,100052,100,99898,100,100068,100,99891,100
2019-06-28 09:32:40.785106102,100012,158,99984,158,100013,158,99969,158,100016,158,99961,100,100037,158,99958,158,100039,158,99946,158,100046,100,99917,258,100047,100,99908,100,100049,100,99905,100,100052,100,99901,200,100068,100,99898,100
2019-06-28 09:32:50.000000000,100012,198,99984,198,100013,195,99969,195,100016,195,99961,195,100037,100,99958,100,100039,100,99946,100,100046,100,99917,200,100047,100,99908,100,100049,100,99905,100,100052,100,99901,200,100068,100,99898,100
2019-06-28 09:33:00.000000000,100012,172,99984,172,100013,172,99969,172,100016,172,99961,172,100037,172,99958,172,100039,100,99946,100,100046,100,99917,200,100047,100,99908,100,100049,100,99905,100,100052,100,99901,200,100068,100,99898,100
2019-06-28 09:33:01.294013147,100012,172,99984,172,100013,172,99969,172,100016,172,99961,172,100037,172,99958,172,100039,100,99946,100,100046,100,99917,100,100047,100,99908,100,100049,100,99905,100,100052,100,99901,200,100068,100,99898,100
2019-06-28 09:33:07.537216128,100012,172,99984,172,100013,172,99969,172,100016,172,99961,172,100037,172,99958,172,100039,100,99946,100,100046,100,99917,100,100047,100,99908,100,100049,100,99905,100,100052,100,99901,200,100068,100,99898,100
2019-06-28 09:33:10.000000000,100012,172,99984,172,100013,172,99969,172,100016,172,99961,172,100037,172,99958,172,100039,100,99946,100,100046,100,99917,100,100047,100,99908,100,100049,100,99905,100,100052,100,99901,200,100068,100,99898,100
2019-06-28 09:33:20.000000000,100012,389,99984,389,100013,100,99969,100,100016,100,99961,100,100037,100,99958,100,100039,100,99946,100,100046,100,99917,100,100047,100,99908,100,100049,100,99905,100,100052,100,99901,200,100068,100,99898,100
2019-06-28 09:33:30.000000000,100012,158,99984,158,100013,158,99969,158,100016,158,99961,158,100037,158,99958,158,100039,158,99946,158,100046,100,99917,100,100047,100,99908,100,100049,100,99905,100,100052,100,99901,200,100068,100,99898,100
2019-06-28 09:33:40.000000000,100012,158,99984,158,100013,158,99969,158,100016,158,99961,158,100037,158,99958,158,100039,158,99946,158,100046,100,99917,100,100047,100,99908,100,100049,100,99905,100,100052,100,99901,200,100068,100,99898,100
2019-06-28 09:33:50.000000000,100012,172,99984,172,100013,172,99969,172,100016,172,99961,172,100037,172,99958,172,100039,100,99946,100,100046,100,99917,100,100047,100,99908,100,100049,100,99905,100,100052,100,99901,200,100068,100,99898,100
2019-06-28 09:34:00.000000000,100012,198,99984,198,100013,195,99969,195,100016,195,99961,195,100037,100,99958,100,100039,100,99946,100,100046,100,99917,100,100047,100,99908,100,100049,100,99905,100,100052,100,99901,200,100068,100,99898,100
2019-06-28 09:34:10.000000000,100012,389,99984,389,100013,100,99969,100,100016,100,99961,100,100037,100,99958,100,100039,100,99946,100,100046,100,99917,100,100047,100,99908,100,100049,100,99905,100,100052,100,99901,200,100068,100,99898,100
2019-06-28 09:34:20.000000000,100012,198,99984,198,100013,195,99969,195,100016,195,99961,195,100037,100,99958,100,100039,100,99946,100,100046,100,99917,100,100047,100,99908,100,100049,100,99905,100,100052,100,99901,200,100068,100,99898,100
2019-06-28 09:34:30.000000000,100012,198,99984,198,100013,195,99969,195,100016,195,99961,195,100037,100,99958,100,100039,100,99946,100,100046,100,99917,100,100047,100,99908,100,100049,100,99905,100,100052,100,99901,200,100068,100,99898,100
2019-06-28 09:34:40.000000000,100012,158,99984,158,100013,158,99969,158,100016,158,99961,158,100037,158,99958,158,100039,158,99946,158,100046,100,99917,100,100047,100,99908,100,100049,100,99905,100,100052,100,99901,200,100068,100,99898,100
2019-06-28 09:34:48.342507252,100012,158,99984,158,100013,158,99969,158,100016,158,99961,158,100037,158,99958,158,100039,158,99946,158,100046,100,99917,100,100047,100,99908,100,100049,100,99905,100,100052,100,99901,200,100068,100,99898,100
2019-06-28 09:34:50.000000000,100012,172,99984,172,100013,172,99969,172,100016,172,99961,172,100037,172,99958,172,100039,100,99946,100,100046,100,99917,100,100047,100,99908,100,100049,100,99905,100,100052,100,99901,200,100068,100,99898,100
2019-06-28 09:34:53.669401190,100012,172,99984,172,100013,172,99969,172,100016,172,99961,172,100037,172,99958,172,100039,100,99946,100,100046,100,99917,100,100047,100,99908,100,100049,100,99905,100,100052,100,99901,200,100068,100,99900,100
2019-06-28 09:35:00.000000000,100012,158,99984,158,100013,158,99969,158,100016,158,99961,158,100037,158,99958,158,100039,158,99946,158,100046,100,99917,100,100047,100,99908,100,100049,100,99905,100,100052,100,99901,200,100068,100,99900,100
2019-06-28 09:35:10.000000000,100012,389,99984,389,100013,100,99969,100,100016,100,99961,100,100037,100,99958,100,100039,100,99946,100,100046,100,99917,100,100047,100,99908,100,100049,100,99905,100,100052,100,99901,200,100068,100,99900,100
2019-06-28 09:35:20.000000000,100012,244,99984,244,100013,244,99969,244,100016,100,99961,100,100037,100,99958,100,100039,100,99946,100,100046,100,99917,100,100047,100,99908,100,100049,100,99905,100,100052,100,99901,200,100068,100,99900,100
2019-06-28 09:35:22.092609324,100012,144,99984,244,100013,244,99969,244,100016,100,99961,100,100037,100,99958,100,100039,100,99946,100,100046,100,99917,100,100047,100,99908,100,100049,100,99905,100,100052,100,99901,100,100068,100,99900,100
2019-06-28 09:35:25.631842844,100012,44,99984,244,100013,244,99969,244,100016,100,99961,100,100037,100,99958,100,100039,100,99946,100,100046,100,99917,100,100047,100,99908,100,100049,100,99905,100,100052,100,99901,100,100068,100,99900,100
2019-06-28 09:35:30.000000000,100013,158,99984,158,100016,158,99969,158,100037,158,99961,158,100039,158,99958,158,100046,158,99946,158,100047,100,99917,100,100049,100,99908,100,100052,100,99905,100,100068,100,99901,100,100075,100,99900,100
2019-06-28 09:35:40.000000000,100013,158,99984,158,100016,158,99969,158,100037,158,99961,158,100039,158,99958,158,100046,158,99946,158,100047,100,99917,100,100049,100,99908,100,100052,100,99905,100,100068,100,99901,100,100075,100,99900,100
2019-06-28 09:35:50.000000000,100013,158,99984,158,100016,158,99969,158,100037,158,99961,158,100039,158,99958,158,100046,158,99946,158,100047,100,99917,100,100049,100,99908,100,100052,100,99905,100,100068,100,99901,100,100075,100,99900,100
2019-06-28 09:35:53.248418781,100013,158,100012,100,100016,158,99984,158,100037,158,99969,158,100039,158,99961,158,100046,158,99958,158,100047,100,99946,158,100049,100,99917,100,100052,100,99908,100,100068,100,99905,100,100075,100,99901,100
2019-06-28 09:36:00.000000000,100013,198,100012,198,100016,195,99984,195,100037,195,99969,195,100039,100,99961,100,100046,100,99958,100,100047,100,99946,100,100049,100,99917,100,100052,100,99908,100,100068,100,99905,100,100075,100,99901,100
2019-06-28 09:36:10.000000000,100013,158,100012,158,100016,158,99984,158,100037,158,99969,158,100039,158,99961,158,100046,158,99958,158,100047,100,99946,100,100049,100,99917,100,100052,100,99908,100,100068,100,99905,100,100075,100,99901,100
2019-06-28 09:36:11.513233064,100013,58,100012,158,100016,158,99984,158,100037,158,99969,158,100039,158,99961,158,100046,158,99958,158,100047,100,99946,100,100049,100,99917,100,100052,100,99908,100,100068,100,99905,100,100075,100,99901,100
2019-06-28 09:36:16.207277631,100013,58,100012,158,100016,158,99984,58,100037,158,99969,158,100039,158,99961,158,100046,158,99958,158,100047,100,99946,100,100049,100,99917,100,100052,100,99908,100,100068,100,99905,100,100075,100,99901,100
2019-06-28 09:36:20.000000000,100016,158,100012,158,100037,158,99969,158,100039,158,99961,158,100046,158,99958,158,100047,158,99946,158,100049,100,99917,100,100052,100,99908,100,100068,100,99905,100,100075,100,99901,100,100095,100,99900,100
2019-06-28 09:36:30.000000000,100016,389,100012,389,100037,100,99969,100,100039,100,99961,100,100046,100,99958,100,100047,100,99946,100,100049,100,99917,100,100052,100,99908,100,100068,100,99905,100,100075,100,99901,100,100095,100,99900,100
2019-06-28 09:36:37.011166948,100016,389,100012,389,100037,100,99969,100,100039,100,99961,100,100046,100,99958,100,100049,100,99946,100,100052,100,99917,100,100068,100,99908,100,100075,100,99905,100,100095,100,99901,100,100098,100,99900,100
2019-06-28 09:36:40.000000000,100016,389,100012,389,100037,100,99969,100,100039,100,99961,100,100046,100,99958,100,100049,100,99946,100,100052,100,99917,100,100068,100,99908,100,100075,100,99905,100,100095,100,99901,100,100098,100,99900,100
2019-06-28 09:36:50.000000000,100016,198,100012,198,100037,195,99969,195,100039,195,99961,195,100046,100,99958,100,100049,100,99946,100,100052,100,99917,100,100068,100,99908,100,100075,100,99905,100,100095,100,99901,100,100098,100,99900,100
2019-06-28 09:37:00.000000000,100016,389,100012,389,100037,100,99969,100,100039,100,99961,100,100046,100,99958,100,100049,100,99946,100,100052,100,99917,100,100068,100,99908,100,100075,100,99905,100,100095,100,99901,100,100098,100,99900,100
2019-06-28 09:37:04.179947248,100016,289,100012,389,100037,100,99969,100,100039,100,99961,100,100046,100,99958,100,100049,100,99946,100,100052,100,99917,100,100075,100,99908,100,100095,100,99905,100,100098,100,99901,100,100115,200,99900,100
2019-06-28 09:37:05.092774028,100016,189,100012,389,100037,100,99969,100,100039,100,99961,100,100046,100,99958,100,100049,100,99946,100,100052,100,99917,100,100075,100,99908,100,100095,100,99905,100,100098,100,99901,100,100115,200,99900,100
2019-06-28 09:37:10.000000000,100037,389,100012,389,100039,100,99969,100,100046,100,99961,100,100049,100,99958,100,100052,100,99946,100,100075,100,99917,100,100095,100,99908,100,100098,100,99905,100,100115,200,99901,100,100126,100,99900,100
2019-06-28 09:37:20.000000000,100037,172,100012,172,100039,172,99969,172,100046,172,99961,172,100049,172,99958,172,100052,100,99946,100,100075,100,99917,100,100095,100,99908,100,100098,100,99905,100,100115,200,99901,100,100126,100,99900,100
2019-06-28 09:37:30.000000000,100037,172,100012,172,100039,172,99969,172,100046,172,99961,172,100049,172,99958,172,100052,100,99946,100,100075,100,99917,100,100095,100,99908,100,100098,100,99905,100,100115,200,99901,100,100126,100,99900,100
2019-06-28 09:37:38.637550463,100037,72,100012,172,100039,172,99969,172,100046,172,99961,72,100049,172,99958,172,100052,100,99946,100,100075,100,99917,100,100095,100,99908,100,100098,100,99905,100,100115,200,99901,100,100126,100,99900,100
2019-06-28 09:37:40.000000000,100039,158,100012,158,100046,158,99969,158,100049,158,99958,158,100052,158,99946,158,100075,158,99917,158,100095,100,99908,100,100098,100,99905,100,100115,200,99901,100,100126,100,99900,100,100139,100,99898,100
2019-06-28 09:37:46.883613347,100039,158,100012,158,100046,158,99969,158,100049,158,99958,158,100052,158,99946,158,100075,158,99917,158,100095,100,99908,100,100098,100,99905,100,100115,200,99901,100,100126,100,99900,100,100139,100,99898,100
2019-06-28 09:37:50.000000000,100039,198,100012,198,100046,195,99969,195,100049,195,99958,195,100052,100,99946,100,100075,100,99917,100,100095,100,99908,100,100098,100,99905,100,100115,200,99901,100,100126,100,99900,100,100139,100,99898,100
2019-06-28 09:38:00.000000000,100039,172,100012,172,100046,172,99969,172,100049,172,99958,172,100052,172,99946,172,100075,100,99917,100,100095,100,99908,100,100098,100,99905,100,100115,200,99901,100,100126,100,99900,100,100139,100,99898,100
2019-06-28 09:38:10.000000000,100039,389,100012,389,100046,100,99969,100,100049,100,99958,100,100052,100,99946,100,100075,100,99917,100,100095,100,99908,100,100098,100,99905,100,100115,200,99901,100,100126,100,99900,100,100139,100,99898,100
2019-06-28 09:38:20.000000000,100039,244,100012,244,100046,244,99969,244,100049,100,99958,100,100052,100,99946,100,100075,100,99917,100,100095,100,99908,100,100098,100,99905,100,100115,200,99901,100,100126,100,99900,100,100139,100,99898,100
2019-06-28 09:38:30.000000000,100039,389,100012,389,100046,100,99969,100,100049,100,99958,100,100052,100,99946,100,100075,100,99917,100,100095,100,99908,100,100098,100,99905,100,100115,200,99901,100,100126,100,99900,100,100139,100,99898,100
2019-06-28 09:38:32.115122025,100039,389,100012,389,100046,100,99969,100,100049,100,99958,100,100052,100,99917,100,100075,100,99908,100,100095,100,99905,100,100098,100,99901,100,100115,200,99900,100,100126,100,99898,100,100139,100,99894,100
2019-06-28 09:38:40.000000000,100039,158,100012,158,100046,158,99969,158,100049,158,99958,158,100052,158,99917,158,100075,158,99908,158,100095,100,99905,100,100098,100,99901,100,100115,200,99900,100,100126,100,99898,100,100139,100,99894,100
2019-06-28 09:38:50.000000000,100039,172,100012,172,100046,172,99969,172,100049,172,99958,172,100052,172,99917,172,100075,100,99908,100,100095,100,99905,100,100098,100,99901,100,100115,200,99900,100,100126,100,99898,100,100139,100,99894,100
2019-06-28 09:38:53.904450414,100039,172,100012,172,100046,172,99969,172,100049,172,99958,172,100052,172,99917,172,100075,100,99908,100,100095,100,99905,100,100098,100,99900,100,100115,200,99898,100,100126,100,99894,100,100139,100,99879,100
2019-06-28 09:39:00.000000000,100039,244,100012,244,100046,244,99969,244,100049,100,99958,100,100052,100,99917,100,100075,100,99908,100,100095,100,99905,100,100098,100,99900,100,100115,200,99898,100,100126,100,99894,100,100139,100,99879,100
2019-06-28 09:39:10.000000000,100039,244,100012,244,100046,244,99969,244,100049,100,99958,100,100052,100,99917,100,100075,100,99908,100,100095,100,99905,100,100098,100,99900,100,100115,200,99898,100,100126,100,99894,100,100139,100,99879,100
2019-06-28 09:39:18.446856583,100039,244,100012,244,100046,244,99969,244,100049,100,99958,100,100052,100,99917,100,100075,100,99908,100,100095,100,99905,100,100098,100,99900,100,100115,200,99898,100,100126,100,99894,100,100139,100,99879,100
2019-06-28 09:39:20.000000000,100039,244,100012,244,100046,244,99969,244,100049,100,99958,100,100052,100,99917,100,100075,100,99908,100,100095,100,99905,100,100098,100,99900,100,100115,200,99898,100,100126,100,99894,100,100139,100,99879,100
2019-06-28 09:39:30.000000000,100039,158,100012,158,100046,158,99969,158,100049,158,99958,158,100052,158,99917,158,100075,158,99908,158,100095,100,99905,100,100098,100,99900,100,100115,200,99898,100,100126,100,99894,100,100139,100,99879,100
2019-06-28 09:39:40.000000000,100039,389,100012,389,100046,100,99969,100,100049,100,99958,100,100052,100,99917,100,100075,100,99908,100,100095,100,99905,100,100098,100,99900,100,100115,200,99898,100,100126,100,99894,100,100139,100,99879,100
2019-06-28 09:39:40.970441361,100039,389,100012,389,100046,100,99990,100,100049,100,99969,100,100052,100,99958,100,100075,100,99917,100,100095,100,99908,100,100098,100,99905,100,100115,200,99900,100,100126,100,99898,100,100139,100,99894,100
2019-06-28 09:39:45.135672711,100036,100,100012,389,100039,389,99990,100,100046,100,99969,100,100049,100,99958,100,100052,100,99917,100,100075,100,99908,100,100095,100,99905,100,100098,100,99900,100,100115,200,99898,100,100126,100,99894,100
2019-06-28 09:39:49.852561684,100036,100,100012,389,100039,389,99990,100,100046,100,99969,100,100049,100,99958,100,100052,100,99917,100,100075,100,99908,100,100095,100,99905,100,100098,100,99900,100,100105,100,99898,100,100115,200,99894,100
2019-06-28 09:39:50.000000000,100036,172,100012,172,100039,172,99990,172,100046,172,99969,172,100049,172,99958,172,100052,100,99917,100,100075,100,99908,100,100095,100,99905,100,100098,100,99900,100,100105,100,99898,100,100115,200,99894,100
2019-06-28 09:39:51.463063866,100036,172,100012,172,100039,172,99990,172,100046,172,99969,172,100049,172,99958,172,100052,100,99917,100,100075,100,99908,100,100095,100,99905,100,100098,100,99900,100,100105,100,99898,100,100115,200,99894,100
2019-06-28 09:39:54.455418894,100036,172,100012,172,100039,172,99990,172,100046,172,99969,172,100049,172,99958,172,100052,100,99917,100,100075,100,99908,100,100095,100,99905,100,100098,100,99900,100,100105,100,99898,100,100115,200,99894,100
2019-06-28 09:39:58.633449796,100036,172,100012,172,100039,172,99990,172,100046,172,99969,172,100049,172,99958,172,100052,100,99917,100,100075,100,99908,100,100095,100,99900,100,100098,100,99898,100,100105,100,99894,100,100115,200,99879,100
2019-06-28 09:40:00.000000000,100036,198,100012,198,100039,195,99990,195,100046,195,99969,195,100049,100,99958,100,100052,100,99917,100,100075,100,99908,100,100095,100,99900,100,100098,100,99898,100,100105,100,99894,100,100115,200,99879,100
2019-06-28 09:40:04.628677979,100036,198,100012,198,100039,195,99990,195,100046,195,99969,195,100049,100,99958,100,100052,100,99917,100,100075,100,99908,100,100095,100,99900,100,100098,100,99898,100,100105,100,99894,100,100115,200,99879,100
2019-06-28 09:40:07.726241328,100036,198,100012,98,100039,195,99990,195,100046,195,99969,195,100049,100,99917,100,100052,100,99908,100,100075,100,99900,100,100095,100,99898,100,100098,100,99894,100,100105,100,99879,100,100115,200,99865,100
2019-06-28 09:40:10.000000000,100036,158,99990,158,100039,158,99969,158,100046,158,99917,158,100049,158,99908,158,100052,158,99900,158,100075,100,99898,100,100095,100,99894,100,100098,100,99879,100,100105,100,99865,100,100115,200,99860,100
2019-06-28 09:40:20.000000000,100036,172,99990,172,100039,172,99969,172,100046,172,99917,172,100049,172,99908,172,100052,100,99900,100,100075,100,99898,100,100095,100,99894,100,100098,100,99879,100,100105,100,99865,100,100115,200,99860,100
2019-06-28 09:40:30.000000000,100036,389,99990,389,100039,100,99969,100,100046,100,99917,100,100049,100,99908,100,100052,100,99900,100,100075,100,99898,100,100095,100,99894,100,100098,100,99879,100,100105,100,99865,100,100115,200,99860,100
2019-06-28 09:40:40.000000000,100036,172,99990,172,100039,172,99969,172,100046,172,99917,172,100049,172,99908,172,100052,100,99900,100,100075,100,99898,100,100095,100,99894,100,100098,100,99879,100,100105,100,99865,100,100115,200,99860,100
2019-06-28 09:40:50.000000000,100036,389,99990,389,100039,100,99969,100,100046,100,99917,100,100049,100,99908,100,100052,100,99900,100,100075,100,99898,100,100095,100,99894,100,100098,100,99879,100,100105,100,99865,100,100115,200,99860,100
2019-06-28 09:41:00.000000000,100036,244,99990,244,100039,244,99969,244,100046,100,99917,100,100049,100,99908,100,100052,100,99900,100,100075,100,99898,100,100095,100,99894,100,100098,100,99879,100,100105,100,99865,100,100115,200,99860,100
2019-06-28 09:41:03.644155712,100035,100,99990,244,100036,244,99969,244,100039,244,99917,100,100046,100,99908,100,100049,100,99900,100,100052,100,99898,100,100075,100,99894,100,100095,100,99879,100,100098,100,99865,100,100105,100,99860,100
2019-06-28 09:41:10.000000000,100035,172,99990,172,100036,172,99969,172,100039,172,99917,172,100046,172,99908,172,100049,100,99900,100,100052,100,99898,100,100075,100,99894,100,100095,100,99879,100,100098,100,99865,100,100105,100,99860,100
2019-06-28 09:41:20.000000000,100035,244,99990,244,100036,244,99969,244,100039,100,99917,100,100046,100,99908,100,100049,100,99900,100,100052,100,99898,100,100075,100,99894,100,100095,100,99879,100,100098,100,99865,100,100105,100,99860,100
2019-06-28 09:41:30.000000000,100035,198,99990,198,100036,195,99969,195,100039,195,99917,195,100046,100,99908,100,100049,100,99900,100,100052,100,99898,100,100075,100,99894,100,100095,100,99879,100,100098,100,99865,100,100105,100,99860,100
2019-06-28 09:41:40.000000000,100035,158,99990,158,100036,158,99969,158,100039,158,99917,158,100046,158,99908,158,100049,158,99900,158,100052,100,99898,100,100075,100,99894,100,100095,100,99879,100,100098,100,99865,100,100105,100,99860,100
2019-06-28 09:41:50.000000000,100035,198,99990,198,100036,195,99969,195,100039,195,99917,195,100046,100,99908,100,100049,100,99900,100,100052,100,99898,100,100075,100,99894,100,100095,100,99879,100,100098,100,99865,100,100105,100,99860,100
2019-06-28 09:42:00.000000000,100035,389,99990,389,100036,100,99969,100,100039,100,99917,100,100046,100,99908,100,100049,100,99900,100,100052,100,99898,100,100075,100,99894,100,100095,100,99879,100,100098,100,99865,100,100105,100,99860,100
2019-06-28 09:42:10.000000000,100035,389,99990,389,100036,100,99969,100,100039,100,99917,100,100046,100,99908,100,100049,100,99900,100,100052,100,99898,100,100075,100,99894,100,100095,100,99879,100,100098,100,99865,100,100105,100,99860,100
2019-06-28 09:42:20.000000000,100035,198,99990,198,100036,195,99969,195,100039,195,99917,195,100046,100,99908,100,100049,100,99900,100,100052,100,99898,100,100075,100,99894,100,100095,100,99879,100,100098,100,99865,100,100105,100,99860,100
2019-06-28 09:42:27.498837601,100035,198,99990,198,100036,195,99969,95,100039,195,99917,195,100046,100,99908,100,100049,100,99900,100,100052,100,99898,100,100075,100,99894,100,100095,100,99879,100,100098,100,99865,100,100105,100,99860,100
2019-06-28 09:42:30.000000000,100035,244,99990,244,100036,244,99917,244,100039,100,99908,100,100046,100,99900,100,100049,100,99898,100,100052,100,99894,100,100075,100,99879,100,100095,100,99865,100,100098,100,99860,100,100105,100,99811,100
2019-06-28 09:42:40.000000000,100035,158,99990,158,100036,158,99917,158,100039,158,99908,158,100046,158,99900,158,100049,158,99898,158,100052,100,99894,100,100075,100,99879,100,100095,100,99865,100,100098,100,99860,100,100105,100,99811,100
2019-06-28 09:42:50.000000000,100035,389,99990,389,100036,100,99917,100,100039,100,99908,100,100046,100,99900,100,100049,100,99898,100,100052,100,99894,100,100075,100,99879,100,100095,100,99865,100,100098,100,99860,100,100105,100,99811,100
2019-06-28 09:42:54.596730564,100035,489,99990,389,100036,100,99917,100,100039,100,99908,100,100046,100,99900,100,100049,100,99898,100,100052,100,99894,100,100075,100,99879,100,100095,100,99865,100,100098,100,99860,100,100105,100,99811,100
2019-06-28 09:43:00.000000000,100035,298,99990,198,100036,195,99917,195,100039,195,99908,195,100046,100,99900,100,100049,100,99898,100,100052,100,99894,100,100075,100,99879,100,100095,100,99865,100,100098,100,99860,100,100105,100,99811,100
2019-06-28 09:43:10.000000000,100035,489,99990,389,100036,100,99917,100,100039,100,99908,100,100046,100,99900,100,100049,100,99898,100,100052,100,99894,100,100075,100,99879,100,100095,100,99865,100,100098,100,99860,100,100105,100,99811,100
2019-06-28 09:43:19.843008592,100035,489,99990,289,100036,100,99917,100,100039,100,99908,100,100046,100,99900,100,100049,100,99898,100,100052,100,99894,100,100075,100,99879,100,100095,100,99865,100,100098,100,99860,100,100105,100,99811,100
2019-06-28 09:43:20.000000000,100035,298,99917,198,100036,195,99908,195,100039,195,99900,195,100046,100,99898,100,100049,100,99894,100,100052,100,99879,100,100075,100,99865,100,100095,100,99860,100,100098,100,99811,100,100105,100,99800,100
2019-06-28 09:43:30.000000000,100035,298,99917,198,100036,195,99908,195,100039,195,99900,195,100046,100,99898,100,100049,100,99894,100,100052,100,99879,100,100075,100,99865,100,100095,100,99860,100,100098,100,99811,100,100105,100,99800,100
2019-06-28 09:43:30.961875266,100035,298,99917,198,100036,195,99908,195,100039,195,99900,195,100046,100,99898,100,100049,100,99894,100,100052,100,99865,100,100075,100,99860,100,100095,100,99811,100,100098,100,99800,100,100105,100,99778,100
2019-06-28 09:43:36.917887735,100035,298,99917,98,100036,195,99908,195,100039,195,99900,195,100046,100,99898,100,100049,100,99894,100,100052,100,99865,100,100075,100,99860,100,100095,100,99800,100,100098,100,99778,100,100105,100,99772,100
2019-06-28 09:43:40.000000000,100035,489,99908,389,100036,100,99900,100,100039,100,99898,100,100046,100,99894,100,100049,100,99865,100,100052,100,99860,100,100075,100,99800,100,100095,100,99778,100,100098,100,99772,100,100105,100,99765,100
2019-06-28 09:43:50.000000000,100035,298,99908,198,100036,195,99900,195,100039,195,99898,195,100046,100,99894,100,100049,100,99865,100,100052,100,99860,100,100075,100,99800,100,100095,100,99778,100,100098,100,99772,100,100105,100,99765,100
2019-06-28 09:44:00.000000000,100035,272,99908,172,100036,172,99900,172,100039,172,99898,172,100046,172,99894,172,100049,100,99865,100,100052,100,99860,100,100075,100,99800,100,100095,100,99778,100,100098,100,99772,100,100105,100,99765,100
2019-06-28 09:44:10.000000000,100035,489,99908,389,100036,100,99900,100,100039,100,99898,100,100046,100,99894,100,100049,100,99865,100,100052,100,99860,100,100075,100,99800,100,100095,100,99778,100,100098,100,99772,100,100105,100,99765,100
2019-06-28 09:44:11.483963988,99990,100,99908,389,100035,489,99900,100,100036,100,99898,100,100039,100,99894,100,100046,100,99865,100,100049,100,99860,100,100052,100,99800,100,100075,100,99778,100,100095,100,99772,100,100098,100,99765,100
2019-06-28 09:44:20.000000000,99990,158,99908,158,100035,258,99900,158,100036,158,99898,158,100039,158,99894,158,100046,158,99865,158,100049,100,99860,100,100052,100,99800,100,100075,100,99778,100,100095,100,99772,100,100098,100,99765,100
2019-06-28 09:44:30.000000000,99990,158,99908,158,100035,258,99900,158,100036,158,99898,158,100039,158,99894,158,100046,158,99865,158,100049,100,99860,100,100052,100,99800,100,100075,100,99778,100,100095,100,99772,100,100098,100,99765,100
2019-06-28 09:44:40.000000000,99990,198,99908,198,100035,295,99900,195,100036,195,99898,195,100039,100,99894,100,100046,100,99865,100,100049,100,99860,100,100052,100,99800,100,100075,100,99778,100,100095,100,99772,100,100098,100,99765,100
2019-06-28 09:44:50.000000000,99990,198,99908,198,100035,295,99900,195,100036,195,99898,195,100039,100,99894,100,100046,100,99865,100,100049,100,99860,100,100052,100,99800,100,100075,100,99778,100,100095,100,99772,100,100098,100,99765,100
2019-06-28 09:44:52.727153962,99990,298,99908,198,100035,295,99900,195,100036,195,99898,195,100039,100,99894,100,100046,100,99865,100,100049,100,99860,100,100052,100,99800,100,100075,100,99778,100,100095,100,99772,100,100098,100,99765,100
2019-06-28 09:45:00.000000000,99990,344,99908,244,100035,344,99900,244,100036,100,99898,100,100039,100,99894,100,100046,100,99865,100,100049,100,99860,100,100052,100,99800,100,100075,100,99778,100,100095,100,99772,100,100098,100,99765,100
2019-06-28 09:45:10.000000000,99990,344,99908,244,100035,344,99900,244,100036,100,99898,100,100039,100,99894,100,100046,100,99865,100,100049,100,99860,100,100052,100,99800,100,100075,100,99778,100,100095,100,99772,100,100098,100,99765,100
2019-06-28 09:45:19.224209301,99990,344,99908,244,100035,344,99900,244,100036,100,99898,100,100039,100,99894,100,100049,100,99865,100,100052,100,99860,100,100075,100,99800,100,100095,100,99778,100,100098,100,99772,100,100105,100,99765,100
2019-06-28 09:45:20.000000000,99990,258,99908,158,100035,258,99900,158,100036,158,99898,158,100039,158,99894,158,100049,158,99865,158,100052,100,99860,100,100075,100,99800,100,100095,100,99778,100,100098,100,99772,100,100105,100,99765,100
2019-06-28 09:45:30.000000000,99990,272,99908,172,100035,272,99900,172,100036,172,99898,172,100039,172,99894,172,100049,100,99865,100,100052,100,99860,100,100075,100,99800,100,100095,100,99778,100,100098,100,99772,100,100105,100,99765,100
2019-06-28 09:45:36.926997744,99990,372,99908,172,100035,272,99900,172,100036,172,99898,172,100039,172,99894,172,100049,100,99860,100,100052,100,99800,100,100075,100,99778,100,100095,100,99772,100,100098,100,99765,100,100105,100,99674,100
2019-06-28 09:45:40.000000000,99990,444,99908,244,100035,344,99900,244,100036,100,99898,100,100039,100,99894,100,100049,100,99860,100,100052,100,99800,100,100075,100,99778,100,100095,100,99772,100,100098,100,99765,100,100105,100,99674,100
2019-06-28 09:45:46.624545935,99990,444,99908,144,100035,344,99900,244,100036,100,99898,100,100039,100,99894,100,100049,100,99860,100,100052,100,99800,100,100075,100,99778,100,100095,100,99765,100,100098,100,99674,100,100105,100,99625,100
2019-06-28 09:45:50.000000000,99990,398,99900,198,100035,295,99898,195,100036,195,99894,195,100039,100,99860,100,100049,100,99800,100,100052,100,99778,100,100075,100,99765,100,100095,100,99674,100,100098,100,99625,100,100105,100,99505,100
2019-06-28 09:46:00.000000000,99990,398,99900,198,100035,295,99898,195,100036,195,99894,195,100039,100,99860,100,100049,100,99800,100,100052,100,99778,100,100075,100,99765,100,100095,100,99674,100,100098,100,99625,100,100105,100,99505,100
2019-06-28 09:46:05.603732293,99990,398,99900,198,100035,295,99898,195,100036,195,99894,195,100039,100,99860,100,100049,100,99800,100,100052,100,99778,100,100075,100,99765,100,100095,100,99674,100,100105,100,99625,100,100115,200,99505,100
2019-06-28 09:46:06.235658948,99990,398,99900,198,100035,295,99898,195,100036,195,99894,195,100039,100,99860,100,100049,100,99800,100,100052,100,99778,100,100075,100,99765,100,100095,100,99674,100,100105,100,99625,100,100115,200,99505,100
2019-06-28 09:46:10.000000000,99990,358,99900,158,100035,258,99898,158,100036,158,99894,158,100039,158,99860,158,100049,158,99800,158,100052,100,99778,100,100075,100,99765,100,100095,100,99674,100,100105,100,99625,100,100115,200,99505,100
2019-06-28 09:46:20.000000000,99990,398,99900,198,100035,295,99898,195,100036,195,99894,195,100039,100,99860,100,100049,100,99800,100,100052,100,99778,100,100075,100,99765,100,100095,100,99674,100,100105,100,99625,100,100115,200,99505,100
2019-06-28 09:46:30.000000000,99990,589,99900,389,100035,200,99898,100,100036,100,99894,100,100039,100,99860,100,100049,100,99800,100,100052,100,99778,100,100075,100,99765,100,100095,100,99674,100,100105,100,99625,100,100115,200,99505,100
2019-06-28 09:46:40.000000000,99990,444,99900,244,100035,344,99898,244,100036,100,99894,100,100039,100,99860,100,100049,100,99800,100,100052,100,99778,100,100075,100,99765,100,100095,100,99674,100,100105,100,99625,100,100115,200,99505,100
2019-06-28 09:46:40.600883910,99990,444,99900,244,100035,344,99898,144,100036,100,99894,100,100039,100,99860,100,100049,100,99800,100,100052,100,99778,100,100075,100,99765,100,100095,100,99674,100,100105,100,99625,100,100115,200,99505,100
2019-06-28 09:46:50.000000000,99990,358,99900,158,100035,258,99894,158,100036,158,99860,158,100039,158,99800,158,100049,158,99778,158,100052,100,99765,100,100075,100,99674,100,100095,100,99625,100,100105,100,99505,100,100115,200,99504,100
2019-06-28 09:46:55.674823785,99917,100,99900,158,99990,358,99894,158,100035,258,99860,158,100036,158,99800,158,100039,158,99778,158,100049,158,99765,100,100052,100,99674,100,100075,100,99625,100,100095,100,99505,100,100105,100,99504,100
2019-06-28 09:47:00.000000000,99917,172,99900,172,99990,372,99894,172,100035,272,99860,172,100036,172,99800,172,100039,100,99778,100,100049,100,99765,100,100052,100,99674,100,100075,100,99625,100,100095,100,99505,100,100105,100,99504,100
2019-06-28 09:47:01.195615223,99917,172,99900,72,99990,372,99894,172,100035,272,99860,172,100036,172,99800,172,100039,100,99778,100,100049,100,99765,100,100052,100,99674,100,100075,100,99505,100,100095,100,99504,100,100105,100,97123,100
2019-06-28 09:47:07.088279157,99917,172,99900,72,99990,372,99894,172,100035,272,99860,172,100036,172,99800,172,100039,100,99778,100,100049,100,99765,100,100052,100,99674,100,100075,100,99505,100,100095,100,99504,100,100105,100,97123,100
2019-06-28 09:47:10.000000000,99917,158,99894,158,99990,358,99860,158,100035,258,99800,158,100036,158,99778,158,100039,158,99765,158,100049,100,99674,100,100052,100,99505,100,100075,100,99504,100,100095,100,97123,100,100105,100,96845,100
2019-06-28 09:47:20.000000000,99917,158,99894,158,99990,358,99860,158,100035,258,99800,158,100036,158,99778,158,100039,158,99765,158,100049,100,99674,100,100052,100,99505,100,100075,100,99504,100,100095,100,97123,100,100105,100,96845,100
2019-06-28 09:47:21.930978109,99917,158,99894,158,99990,358,99860,158,100035,258,99800,158,100036,58,99778,158,100039,158,99765,158,100049,100,99674,100,100052,100,99505,100,100075,100,99504,100,100095,100,97123,100,100105,100,96845,100
2019-06-28 09:47:30.000000000,99917,198,99894,198,99990,395,99860,195,100035,295,99800,195,100039,100,99778,100,100049,100,99765,100,100052,100,99674,100,100075,100,99505,100,100095,100,99504,100,100105,100,97123,100,100115,200,96845,100
2019-06-28 09:47:30.934519775,99917,198,99894,98,99990,395,99860,195,100035,295,99800,195,100039,100,99778,100,100049,100,99765,100,100052,100,99674,100,100075,100,99505,100,100095,100,99504,100,100105,100,97123,100,100115,200,96845,100
2019-06-28 09:47:34.665416971,99917,198,99894,98,99990,395,99860,195,100035,295,99800,195,100039,100,99765,100,100049,100,99674,100,100052,100,99505,100,100075,100,99504,100,100095,100,97123,100,100105,100,96845,100,100115,200,96782,100
2019-06-28 09:47:40.000000000,99917,198,99860,198,99990,395,99800,195,100035,295,99765,195,100039,100,99674,100,100049,100,99505,100,100052,100,99504,100,100075,100,97123,100,100095,100,96845,100,100105,100,96782,100,100115,200,96737,100
2019-06-28 09:47:50.000000000,99917,198,99860,198,99990,395,99800,195,100035,295,99765,195,100039,100,99674,100,100049,100,99505,100,100052,100,99504,100,100075,100,97123,100,100095,100,96845,100,100105,100,96782,100,100115,200,96737,100
2019-06-28 09:47:51.414884922,99917,198,99860,98,99990,395,99800,195,100035,295,99765,195,100039,100,99674,100,100049,100,99505,100,100075,100,99504,100,100095,100,97123,100,100105,100,96845,100,100115,200,96782,100,100139,100,96737,100
2019-06-28 09:48:00.000000000,99917,172,99800,172,99990,372,99765,172,100035,272,99674,172,100039,172,99505,172,100049,100,99504,100,100075,100,97123,100,100095,100,96845,100,100105,100,96782,100,100115,200,96737,100,100139,100,96665,100
2019-06-28 09:48:06.031935461,99917,172,99800,72,99990,372,99765,172,100035,272,99674,172,100039,172,99505,172,100049,100,99504,100,100075,100,97123,100,100095,100,96845,100,100115,200,96782,100,100139,100,96737,100,100156,100,96665,100
2019-06-28 09:48:10.000000000,99917,158,99765,158,99990,358,99674,158,100035,258,99505,158,100039,158,99504,158,100049,158,97123,158,100075,100,96845,100,100095,100,96782,100,100115,200,96737,100,100139,100,96665,100,100156,100,96523,100
2019-06-28 09:48:20.000000000,99917,158,99765,158,99990,358,99674,158,100035,258,99505,158,100039,158,99504,158,100049,158,97123,158,100075,100,96845,100,100095,100,96782,100,100115,200,96737,100,100139,100,96665,100,100156,100,96523,100
2019-06-28 09:48:20.958796519,99917,158,99765,158,99990,358,99674,158,100035,258,99505,158,100039,158,99504,158,100049,158,97675,100,100075,100,97123,158,100095,100,96845,100,100115,200,96782,100,100139,100,96737,100,100156,100,96665,100
2019-06-28 09:48:26.805182815,99917,158,99765,58,99990,358,99674,158,100035,258,99505,158,100039,158,99504,158,100049,158,97675,100,100075,100,97123,158,100095,100,96782,100,100115,200,96737,100,100139,100,96665,100,100156,100,96523,100
2019-06-28 09:48:30.000000000,99917,198,99674,198,99990,395,99505,195,100035,295,99504,195,100039,100,97675,100,100049,100,97123,100,100075,100,96782,100,100095,100,96737,100,100115,200,96665,100,100139,100,96523,100,100156,100,,
2019-06-28 09:48:34.324335600,99917,198,99674,98,99990,395,99505,95,100035,295,99504,195,100039,100,97675,100,100049,100,97123,100,100075,100,96782,100,100095,100,96737,100,100115,200,96665,100,100139,100,96523,100,100156,100,,
2019-06-28 09:48:40.000000000,99917,244,99504,244,99990,444,97675,244,100035,200,97123,100,100039,100,96782,100,100049,100,96737,100,100075,100,96665,100,100095,100,96523,100,100115,200,,,100139,100,,,100156,100,,
2019-06-28 09:48:50.000000000,99917,244,99504,244,99990,444,97675,244,100035,200,97123,100,100039,100,96782,100,100049,100,96737,100,100075,100,96665,100,100095,100,96523,100,100115,200,,,100139,100,,,100156,100,,
2019-06-28 09:48:55.450184202,99765,100,99504,244,99917,244,97675,244,99990,444,97123,100,100035,200,96782,100,100039,100,96737,100,100049,100,96665,100,100075,100,96523,100,100095,100,,,100115,200,,,100139,100,,
2019-06-28 09:49:00.000000000,99765,172,99504,172,99917,172,97675,172,99990,372,97123,172,100035,272,96782,172,100039,100,96737,100,100049,100,96665,100,100075,100,96523,100,100095,100,,,100115,200,,,100139,100,,
2019-06-28 09:49:10.000000000,99765,172,99504,172,99917,172,97675,172,99990,372,97123,172,100035,272,96782,172,100039,100,96737,100,100049,100,96665,100,100075,100,96523,100,100095,100,,,100115,200,,,100139,100,,
2019-06-28 09:49:20.000000000,99765,244,99504,244,99917,244,97675,244,99990,300,97123,100,100035,200,96782,100,100039,100,96737,100,100049,100,96665,100,100075,100,96523,100,100095,100,,,100115,200,,,100139,100,,
2019-06-28 09:49:22.549207766,99765,244,99504,244,99917,244,98053,100,99990,300,97675,244,100035,200,97123,100,100039,100,96782,100,100049,100,96737,100,100075,100,96665,100,100095,100,96523,100,100115,200,,,100139,100,,
2019-06-28 09:49:30.000000000,99765,158,99504,158,99917,158,98053,158,99990,358,97675,158,100035,258,97123,158,100039,158,96782,158,100049,100,96737,100,100075,100,96665,100,100095,100,96523,100,100115,200,,,100139,100,,
2019-06-28 09:49:35.820600490,99765,158,99504,158,99917,158,98177,100,99990,358,98053,158,100035,258,97675,158,100039,158,97123,158,100049,100,96782,158,100075,100,96737,100,100115,200,96665,100,100139,100,96523,100,100156,100,,
2019-06-28 09:49:40.000000000,99765,244,99504,244,99917,244,98177,244,99990,300,98053,100,100035,200,97675,100,100039,100,97123,100,100049,100,96782,100,100075,100,96737,100,100115,200,96665,100,100139,100,96523,100,100156,100,,
2019-06-28 09:49:49.034010968,99765,244,99504,144,99917,244,98177,244,99990,300,98053,100,100035,200,97675,100,100039,100,97123,100,100049,100,96782,100,100075,100,96737,100,100115,200,96665,100,100139,100,96523,100,100156,100,,
2019-06-28 09:49:50.000000000,99765,172,98177,172,99917,172,98053,172,99990,372,97675,172,100035,272,97123,172,100039,100,96782,100,100049,100,96737,100,100075,100,96665,100,100115,200,96523,100,100139,100,,,100156,100,,
2019-06-28 09:49:57.355828750,99765,172,98772,100,99917,172,98177,172,99990,372,98053,172,100035,272,97675,72,100039,100,97123,172,100049,100,96782,100,100075,100,96737,100,100115,200,96665,100,100139,100,96523,100,100156,100,,
2019-06-28 09:50:00.000000000,99765,172,98772,172,99917,172,98177,172,99990,372,98053,172,100035,272,97123,172,100039,100,96782,100,100049,100,96737,100,100075,100,96665,100,100115,200,96523,100,100139,100,,,100156,100,,
2019-06-28 09:50:10.000000000,99765,198,98772,198,99917,195,98177,195,99990,395,98053,195,100035,200,97123,100,100039,100,96782,100,100049,100,96737,100,100075,100,96665,100,100115,200,96523,100,100139,100,,,100156,100,,
2019-06-28 09:50:13.872277036,99765,198,98772,198,99917,195,98533,100,99990,395,98177,195,100035,200,98053,195,100039,100,97123,100,100049,100,96782,100,100075,100,96737,100,100115,200,96665,100,100139,100,96523,100,100156,100,,
2019-06-28 09:50:20.000000000,99765,244,98772,244,99917,244,98533,244,99990,300,98177,100,100035,200,98053,100,100039,100,97123,100,100049,100,96782,100,100075,100,96737,100,100115,200,96665,100,100139,100,96523,100,100156,100,,
2019-06-28 09:50:23.054478490,99765,244,98772,244,99917,244,98533,244,99990,300,98381,100,100035,200,98177,100,100039,100,98053,100,100049,100,97123,100,100075,100,96782,100,100115,200,96737,100,100139,100,96665,100,100173,100,96523,100
2019-06-28 09:50:25.152836689,99765,244,98772,144,99917,244,98533,244,99990,300,98381,100,100035,200,98053,100,100039,100,97123,100,100049,100,96782,100,100075,100,96737,100,100115,200,96665,100,100139,100,96523,100,100173,100,,
2019-06-28 09:50:30.000000000,99765,389,98533,389,99917,100,98381,100,99990,300,98053,100,100035,200,97123,100,100039,100,96782,100,100049,100,96737,100,100075,100,96665,100,100115,200,96523,100,100139,100,,,100173,100,,
2019-06-28 09:50:38.784684477,99765,389,98533,389,99917,100,98477,100,99990,300,98381,100,100035,200,98053,100,100039,100,97123,100,100049,100,96782,100,100075,100,96737,100,100115,200,96665,100,100139,100,96523,100,100173,100,,
2019-06-28 09:50:40.000000000,99765,198,98533,198,99917,195,98477,195,99990,395,98381,195,100035,200,98053,100,100039,100,97123,100,100049,100,96782,100,100075,100,96737,100,100115,200,96665,100,100139,100,96523,100,100173,100,,
2019-06-28 09:50:47.376384178,99504,100,98533,198,99765,198,98477,195,99917,195,98381,195,99990,395,98053,100,100035,200,97123,100,100039,100,96782,100,100049,100,96737,100,100075,100,96665,100,100115,200,96523,100,100139,100,,
2019-06-28 09:50:50.000000000,99504,244,98533,244,99765,244,98477,244,99917,100,98381,100,99990,300,98053,100,100035,200,97123,100,100039,100,96782,100,100049,100,96737,100,100075,100,96665,100,100115,200,96523,100,100139,100,,
2019-06-28 09:51:00.000000000,99504,158,98533,158,99765,158,98477,158,99917,158,98381,158,99990,358,98053,158,100035,258,97123,158,100039,100,96782,100,100049,100,96737,100,100075,100,96665,100,100115,200,96523,100,100139,100,,
2019-06-28 09:51:10.000000000,99504,389,98533,389,99765,100,98477,100,99917,100,98381,100,99990,300,98053,100,100035,200,97123,100,100039,100,96782,100,100049,100,96737,100,100075,100,96665,100,100115,200,96523,100,100139,100,,
2019-06-28 09:51:13.278831587,99504,489,98533,389,99765,100,98477,100,99917,100,98381,100,99990,300,98053,100,100035,200,97123,100,100039,100,96782,100,100049,100,96737,100,100075,100,96665,100,100115,200,96523,100,100139,100,,
2019-06-28 09:51:16.128828219,99504,489,98533,389,99765,100,98477,100,99917,100,98462,100,99990,300,98381,100,100035,200,98053,100,100039,100,97123,100,100049,100,96782,100,100075,100,96737,100,100115,200,96665,100,100139,100,96523,100
2019-06-28 09:51:20.000000000,99504,258,98533,158,99765,158,98477,158,99917,158,98462,158,99990,358,98381,158,100035,258,98053,158,100039,100,97123,100,100049,100,96782,100,100075,100,96737,100,100115,200,96665,100,100139,100,96523,100
2019-06-28 09:51:23.108422319,98728,100,98533,158,99504,258,98477,158,99765,158,98462,158,99917,158,98381,158,99990,358,98053,158,100035,258,97123,100,100039,100,96782,100,100049,100,96737,100,100075,100,96665,100,100115,200,96523,100
2019-06-28 09:51:30.000000000,98728,198,98533,198,99504,295,98477,195,99765,195,98462,195,99917,100,98381,100,99990,300,98053,100,100035,200,97123,100,100039,100,96782,100,100049,100,96737,100,100075,100,96665,100,100115,200,96523,100
2019-06-28 09:51:34.892723821,98728,198,98533,198,99504,395,98477,195,99765,195,98462,195,99917,100,98381,100,99990,300,98053,100,100035,200,97123,100,100039,100,96782,100,100049,100,96737,100,100075,100,96665,100,100115,200,96523,100
2019-06-28 09:51:40.000000000,98728,172,98533,172,99504,372,98477,172,99765,172,98462,172,99917,172,98381,172,99990,300,98053,100,100035,200,97123,100,100039,100,96782,100,100049,100,96737,100,100075,100,96665,100,100115,200,96523,100
2019-06-28 09:51:50.000000000,98728,158,98533,158,99504,358,98477,158,99765,158,98462,158,99917,158,98381,158,99990,358,98053,158,100035,200,97123,100,100039,100,96782,100,100049,100,96737,100,100075,100,96665,100,100115,200,96523,100
2019-06-28 09:52:00.000000000,98728,198,98533,198,99504,395,98477,195,99765,195,98462,195,99917,100,98381,100,99990,300,98053,100,100035,200,97123,100,100039,100,96782,100,100049,100,96737,100,100075,100,96665,100,100115,200,96523,100
2019-06-28 09:52:05.069598256,98728,198,98533,198,99039,100,98477,195,99504,395,98462,195,99765,195,98381,100,99917,100,98053,100,99990,300,97123,100,100035,200,96782,100,100049,100,96737,100,100075,100,96665,100,100115,200,96523,100
2019-06-28 09:52:10.000000000,98728,158,98533,158,99039,158,98477,158,99504,358,98462,158,99765,158,98381,158,99917,158,98053,158,99990,300,97123,100,100035,200,96782,100,100049,100,96737,100,100075,100,96665,100,100115,200,96523,100
2019-06-28 09:52:11.518043126,98728,58,98533,158,99039,158,98477,158,99504,358,98462,158,99765,158,98381,158,99917,158,98053,158,99990,300,97123,100,100035,200,96782,100,100049,100,96737,100,100075,100,96665,100,100115,200,96523,100
2019-06-28 09:52:13.547535122,98728,58,98533,158,98902,100,98477,158,99039,158,98462,158,99504,358,98381,158,99765,158,98053,158,99917,158,97123,100,99990,300,96782,100,100035,200,96737,100,100049,100,96665,100,100075,100,96523,100
2019-06-28 09:52:20.000000000,98902,198,98533,198,99039,195,98477,195,99504,395,98462,195,99765,100,98381,100,99917,100,98053,100,99990,300,97123,100,100035,200,96782,100,100049,100,96737,100,100075,100,96665,100,100115,200,96523,100
2019-06-28 09:52:30.000000000,98902,198,98533,198,99039,195,98477,195,99504,395,98462,195,99765,100,98381,100,99917,100,98053,100,99990,300,97123,100,100035,200,96782,100,100049,100,96737,100,100075,100,96665,100,100115,200,96523,100
2019-06-28 09:52:40.000000000,98902,389,98533,389,99039,100,98477,100,99504,300,98462,100,99765,100,98381,100,99917,100,98053,100,99990,300,97123,100,100035,200,96782,100,100049,100,96737,100,100075,100,96665,100,100115,200,96523,100
2019-06-28 09:52:47.435776565,98767,100,98533,389,98902,389,98477,100,99039,100,98462,100,99504,300,98381,100,99765,100,98053,100,99917,100,97123,100,99990,300,96782,100,100035,200,96737,100,100049,100,96665,100,100075,100,96523,100
2019-06-28 09:52:50.000000000,98767,198,98533,198,98902,195,98477,195,99039,195,98462,195,99504,300,98381,100,99765,100,98053,100,99917,100,97123,100,99990,300,96782,100,100035,200,96737,100,100049,100,96665,100,100075,100,96523,100
2019-06-28 09:52:53.263932957,98767,98,98533,198,98902,195,98477,195,99039,195,98462,195,99504,300,98381,100,99765,100,98053,100,99917,100,97123,100,99990,300,96782,100,100035,200,96737,100,100049,100,96665,100,100075,100,96523,100
2019-06-28 09:53:00.000000000,98902,158,98533,158,99039,158,98477,158,99504,358,98462,158,99765,158,98381,158,99917,158,98053,158,99990,300,97123,100,100035,200,96782,100,100049,100,96737,100,100075,100,96665,100,100115,200,96523,100
2019-06-28 09:53:10.000000000,98902,244,98533,244,99039,244,98477,244,99504,300,98462,100,99765,100,98381,100,99917,100,98053,100,99990,300,97123,100,100035,200,96782,100,100049,100,96737,100,100075,100,96665,100,100115,200,96523,100
2019-06-28 09:53:20.000000000,98902,198,98533,198,99039,195,98477,195,99504,395,98462,195,99765,100,98381,100,99917,100,98053,100,99990,300,97123,100,100035,200,96782,100,100049,100,96737,100,100075,100,96665,100,100115,200,96523,100
2019-06-28 09:53:25.571606720,98902,198,98728,100,99039,195,98533,198,99504,395,98477,195,99765,100,98462,195,99917,100,98381,100,99990,300,98053,100,100035,200,97123,100,100049,100,96782,100,100075,100,96737,100,100115,200,96665,100
2019-06-28 09:53:30.000000000,98902,389,98728,389,99039,100,98533,100,99504,300,98477,100,99765,100,98462,100,99917,100,98381,100,99990,300,98053,100,100035,200,97123,100,100049,100,96782,100,100075,100,96737,100,100115,200,96665,100
2019-06-28 09:53:35.856548571,98902,289,98728,389,99039,100,98533,100,99504,300,98477,100,99765,100,98381,100,99917,100,98053,100,99990,300,97123,100,100035,200,96782,100,100049,100,96737,100,100075,100,96665,100,100115,200,96523,100
2019-06-28 09:53:40.000000000,99039,172,98728,172,99504,372,98533,172,99765,172,98477,172,99917,172,98381,172,99990,300,98053,100,100035,200,97123,100,100049,100,96782,100,100075,100,96737,100,100115,200,96665,100,100139,100,96523,100
2019-06-28 09:53:41.180526907,98793,100,98728,172,99039,172,98533,172,99504,372,98477,172,99765,172,98381,172,99917,172,98053,100,99990,300,97123,100,100035,200,96782,100,100049,100,96737,100,100075,100,96665,100,100115,200,96523,100
2019-06-28 09:53:50.000000000,98793,158,98728,158,99039,158,98533,158,99504,358,98477,158,99765,158,98381,158,99917,158,98053,158,99990,300,97123,100,100035,200,96782,100,100049,100,96737,100,100075,100,96665,100,100115,200,96523,100
2019-06-28 09:54:00.000000000,98793,389,98728,389,99039,100,98533,100,99504,300,98477,100,99765,100,98381,100,99917,100,98053,100,99990,300,97123,100,100035,200,96782,100,100049,100,96737,100,100075,100,96665,100,100115,200,96523,100
2019-06-28 09:54:00.531616679,98793,389,98728,389,99039,100,98533,100,99467,100,98477,100,99504,300,98381,100,99765,100,98053,100,99917,100,97123,100,99990,300,96782,100,100035,200,96665,100,100049,100,96523,100,100075,100,,
2019-06-28 09:54:04.121820412,98793,389,98767,100,99039,100,98728,389,99467,100,98533,100,99504,300,98477,100,99765,100,98381,100,99917,100,98053,100,99990,200,97123,100,100035,200,96782,100,100049,100,96665,100,100075,100,96523,100
2019-06-28 09:54:08.393304402,98793,289,98767,100,99039,100,98728,389,99467,100,98533,100,99504,300,98477,100,99765,100,98381,100,99917,100,98053,100,99990,200,97123,100,100035,200,96782,100,100049,100,96665,100,100075,100,96523,100
2019-06-28 09:54:10.000000000,99039,198,98767,198,99467,195,98728,195,99504,395,98533,195,99765,100,98477,100,99917,100,98381,100,99990,200,98053,100,100035,200,97123,100,100049,100,96782,100,100075,100,96665,100,100115,200,96523,100
2019-06-28 09:54:20.000000000,99039,158,98767,158,99467,158,98728,158,99504,358,98533,158,99765,158,98477,158,99917,158,98381,158,99990,200,98053,100,100035,200,97123,100,100049,100,96782,100,100075,100,96665,100,100115,200,96523,100
2019-06-28 09:54:20.663182027,99039,158,98767,158,99467,158,98728,158,99504,358,98533,158,99765,158,98477,158,99917,58,98381,158,99990,200,98053,100,100035,200,97123,100,100049,100,96782,100,100075,100,96665,100,100115,200,96523,100
2019-06-28 09:54:21.690573316,99039,158,98767,158,99467,158,98728,158,99504,358,98533,158,99547,100,98477,158,99765,158,98381,158,99917,58,98053,100,99990,200,97123,100,100035,200,96782,100,100049,100,96665,100,100075,100,96523,100
2019-06-28 09:54:22.016723865,99039,158,98767,158,99418,100,98728,158,99467,158,98533,158,99504,358,98477,158,99547,100,98381,158,99765,158,98053,100,99917,58,97123,100,99990,200,96782,100,100035,200,96665,100,100049,100,96523,100
2019-06-28 09:54:23.937458687,99039,158,98767,158,99318,100,98728,158,99418,100,98533,158,99467,158,98477,158,99504,358,98381,158,99547,100,98053,100,99765,158,97123,100,99917,58,96782,100,99990,200,96665,100,100035,200,96523,100
2019-06-28 09:54:28.596855726,99039,58,98767,158,99318,100,98728,158,99418,100,98533,158,99467,158,98477,158,99504,358,98381,158,99547,100,98053,100,99765,158,97123,100,99917,58,96782,100,99990,200,96665,100,100035,200,96523,100
2019-06-28 09:54:30.000000000,99318,198,98767,198,99418,195,98728,195,99467,195,98533,195,99504,300,98477,100,99547,100,98381,100,99765,100,98053,100,99990,200,97123,100,100035,200,96782,100,100049,100,96665,100,100075,100,96523,100
2019-06-28 09:54:40.000000000,99318,389,98767,389,99418,100,98728,100,99467,100,98533,100,99504,300,98477,100,99547,100,98381,100,99765,100,98053,100,99990,200,97123,100,100035,200,96782,100,100049,100,96665,100,100075,100,96523,100
2019-06-28 09:54:44.092773895,99318,389,99260,100,99418,100,98767,389,99467,100,98728,100,99504,300,98533,100,99547,100,98477,100,99765,100,98381,100,99990,200,98053,100,100035,200,97123,100,100049,100,96782,100,100075,100,96665,100
2019-06-28 09:54:50.000000000,99318,389,99260,389,99418,100,98767,100,99467,100,98728,100,99504,300,98533,100,99547,100,98477,100,99765,100,98381,100,99990,200,98053,100,100035,200,97123,100,100049,100,96782,100,100075,100,96665,100
2019-06-28 09:55:00.000000000,99318,172,99260,172,99418,172,98767,172,99467,172,98728,172,99504,372,98533,172,99547,100,98477,100,99765,100,98381,100,99990,200,98053,100,100035,200,97123,100,100049,100,96782,100,100075,100,96665,100
2019-06-28 09:55:03.742006635,99318,172,99260,172,99418,172,98793,100,99467,172,98767,172,99504,372,98728,172,99547,100,98533,172,99765,100,98477,100,99990,200,98381,100,100035,100,98053,100,100049,100,97123,100,100075,100,96782,100
2019-06-28 09:55:04.387908518,99318,72,99260,172,99418,172,98793,100,99467,172,98767,172,99504,372,98728,172,99547,100,98533,172,99765,100,98477,100,99990,200,98381,100,100035,100,98053,100,100049,100,97123,100,100075,100,96782,100
2019-06-28 09:55:05.845718950,99418,172,99318,28,99467,172,99260,172,99504,372,98793,100,99547,100,98767,172,99765,100,98728,172,99990,200,98533,172,100035,100,98477,100,100049,100,98381,100,100075,100,98053,100,100115,200,97123,100
2019-06-28 09:55:07.140250571,99418,172,99318,28,99467,172,99260,172,99504,372,99218,100,99547,100,98793,100,99765,100,98767,172,99990,200,98728,172,100035,100,98533,172,100049,100,98477,100,100075,100,98381,100,100115,200,98053,100
2019-06-28 09:55:10.000000000,99418,389,99318,317,99467,100,99260,100,99504,300,99218,100,99547,100,98793,100,99765,100,98767,100,99990,200,98728,100,100035,100,98533,100,100049,100,98477,100,100075,100,98381,100,100115,200,98053,100
2019-06-28 09:55:14.309997826,99418,389,99318,317,99467,100,99260,100,99504,300,99218,100,99547,100,98793,100,99576,100,98767,100,99765,100,98728,100,99990,200,98533,100,100035,100,98477,100,100049,100,98381,100,100075,100,98053,100
2019-06-28 09:55:20.000000000,99418,244,99318,172,99467,244,99260,244,99504,300,99218,100,99547,100,98793,100,99576,100,98767,100,99765,100,98728,100,99990,200,98533,100,100035,100,98477,100,100049,100,98381,100,100075,100,98053,100
2019-06-28 09:55:30.000000000,99418,198,99318,126,99467,195,99260,195,99504,395,99218,195,99547,100,98793,100,99576,100,98767,100,99765,100,98728,100,99990,200,98533,100,100035,100,98477,100,100049,100,98381,100,100075,100,98053,100
2019-06-28 09:55:40.000000000,99418,198,99318,126,99467,195,99260,195,99504,395,99218,195,99547,100,98793,100,99576,100,98767,100,99765,100,98728,100,99990,200,98533,100,100035,100,98477,100,100049,100,98381,100,100075,100,98053,100
2019-06-28 09:55:50.000000000,99418,198,99318,126,99467,195,99260,195,99504,395,99218,195,99547,100,98793,100,99576,100,98767,100,99765,100,98728,100,99990,200,98533,100,100035,100,98477,100,100049,100,98381,100,100075,100,98053,100
2019-06-28 09:56:00.000000000,99418,172,99318,100,99467,172,99260,172,99504,372,99218,172,99547,172,98793,172,99576,100,98767,100,99765,100,98728,100,99990,200,98533,100,100035,100,98477,100,100049,100,98381,100,100075,100,98053,100
2019-06-28 09:56:10.000000000,99418,172,99318,100,99467,172,99260,172,99504,372,99218,172,99547,172,98793,172,99576,100,98767,100,99765,100,98728,100,99990,200,98533,100,100035,100,98477,100,100049,100,98381,100,100075,100,98053,100
2019-06-28 09:56:11.421487340,99418,172,99318,200,99467,172,99260,172,99504,372,99218,172,99547,172,98793,172,99576,100,98767,100,99765,100,98728,100,99990,200,98533,100,100035,100,98477,100,100049,100,98381,100,100075,100,98053,100
2019-06-28 09:56:20.000000000,99418,389,99318,417,99467,100,99260,100,99504,300,99218,100,99547,100,98793,100,99576,100,98767,100,99765,100,98728,100,99990,200,98533,100,100035,100,98477,100,100049,100,98381,100,100075,100,98053,100
2019-06-28 09:56:22.738803324,99418,289,99318,417,99467,100,99260,100,99504,300,99218,100,99547,100,98793,100,99576,100,98767,100,99765,100,98728,100,99990,200,98533,100,100035,100,98477,100,100049,100,98381,100,100075,100,98053,100
2019-06-28 09:56:30.000000000,99467,389,99318,417,99504,300,99260,100,99547,100,99218,100,99576,100,98793,100,99765,100,98767,100,99990,200,98728,100,100035,100,98533,100,100049,100,98477,100,100075,100,98381,100,100115,200,98053,100
2019-06-28 09:56:31.820854653,99467,289,99318,417,99504,300,99260,100,99547,100,99218,100,99576,100,98793,100,99765,100,98767,100,99990,200,98728,100,100035,100,98533,100,100049,100,98477,100,100075,100,98381,100,100115,200,98053,100
2019-06-28 09:56:40.000000000,99504,358,99318,186,99547,158,99260,158,99576,158,99218,158,99765,158,98793,158,99990,258,98767,158,100035,100,98728,100,100049,100,98533,100,100075,100,98477,100,100115,200,98381,100,100139,100,98053,100
2019-06-28 09:56:50.000000000,99504,444,99318,272,99547,244,99260,244,99576,100,99218,100,99765,100,98793,100,99990,200,98767,100,100035,100,98728,100,100049,100,98533,100,100075,100,98477,100,100115,200,98381,100,100139,100,98053,100
2019-06-28 09:56:54.208460671,99504,344,99318,272,99547,244,99260,244,99576,100,99218,100,99765,100,98793,100,99990,200,98767,100,100035,100,98728,100,100049,100,98533,100,100075,100,98477,100,100115,200,98381,100,100139,100,98053,100
2019-06-28 09:57:00.000000000,99504,272,99318,200,99547,172,99260,172,99576,172,99218,172,99765,172,98793,172,99990,200,98767,100,100035,100,98728,100,100049,100,98533,100,100075,100,98477,100,100115,200,98381,100,100139,100,98053,100
2019-06-28 09:57:10.000000000,99504,344,99318,272,99547,244,99260,244,99576,100,99218,100,99765,100,98793,100,99990,200,98767,100,100035,100,98728,100,100049,100,98533,100,100075,100,98477,100,100115,200,98381,100,100139,100,98053,100
2019-06-28 09:57:10.232338349,99504,344,99318,272,99547,244,99260,244,99576,100,99218,100,99765,100,98793,100,99990,200,98767,100,100035,100,98728,100,100049,100,98533,100,100075,100,98477,100,100115,200,98381,100,100139,100,98053,100
2019-06-28 09:57:20.000000000,99504,344,99318,272,99547,244,99260,244,99576,100,99218,100,99765,100,98793,100,99990,200,98767,100,100035,100,98728,100,100049,100,98533,100,100075,100,98477,100,100115,200,98381,100,100139,100,98053,100
2019-06-28 09:57:30.000000000,99504,258,99318,186,99547,158,99260,158,99576,158,99218,158,99765,158,98793,158,99990,258,98767,158,100035,100,98728,100,100049,100,98533,100,100075,100,98477,100,100115,200,98381,100,100139,100,98053,100
2019-06-28 09:57:40.000000000,99504,258,99318,186,99547,158,99260,158,99576,158,99218,158,99765,158,98793,158,99990,258,98767,158,100035,100,98728,100,100049,100,98533,100,100075,100,98477,100,100115,200,98381,100,100139,100,98053,100
2019-06-28 09:57:50.000000000,99504,489,99318,417,99547,100,99260,100,99576,100,99218,100,99765,100,98793,100,99990,200,98767,100,100035,100,98728,100,100049,100,98533,100,100075,100,98477,100,100115,200,98381,100,100139,100,98053,100
2019-06-28 09:58:00.000000000,99504,272,99318,200,99547,172,99260,172,99576,172,99218,172,99765,172,98793,172,99990,200,98767,100,100035,100,98728,100,100049,100,98533,100,100075,100,98477,100,100115,200,98381,100,100139,100,98053,100
2019-06-28 09:58:10.000000000,99504,489,99318,417,99547,100,99260,100,99576,100,99218,100,99765,100,98793,100,99990,200,98767,100,100035,100,98728,100,100049,100,98533,100,100075,100,98477,100,100115,200,98381,100,100139,100,98053,100
2019-06-28 09:58:20.000000000,99504,258,99318,186,99547,158,99260,158,99576,158,99218,158,99765,158,98793,158,99990,258,98767,158,100035,100,98728,100,100049,100,98533,100,100075,100,98477,100,100115,200,98381,100,100139,100,98053,100
2019-06-28 09:58:30.000000000,99504,258,99318,186,99547,158,99260,158,99576,158,99218,158,99765,158,98793,158,99990,258,98767,158,100035,100,98728,100,100049,100,98533,100,100075,100,98477,100,100115,200,98381,100,100139,100,98053,100
2019-06-28 09:58:40.000000000,99504,298,99318,226,99547,195,99260,195,99576,195,99218,195,99765,100,98793,100,99990,200,98767,100,100035,100,98728,100,100049,100,98533,100,100075,100,98477,100,100115,200,98381,100,100139,100,98053,100
2019-06-28 09:58:50.000000000,99504,489,99318,417,99547,100,99260,100,99576,100,99218,100,99765,100,98793,100,99990,200,98767,100,100035,100,98728,100,100049,100,98533,100,100075,100,98477,100,100115,200,98381,100,100139,100,98053,100
2019-06-28 09:59:00.000000000,99504,344,99318,272,99547,244,99260,244,99576,100,99218,100,99765,100,98793,100,99990,200,98767,100,100035,100,98728,100,100049,100,98533,100,100075,100,98477,100,100115,200,98381,100,100139,100,98053,100
2019-06-28 09:59:10.000000000,99504,272,99318,200,99547,172,99260,172,99576,172,99218,172,99765,172,98793,172,99990,200,98767,100,100035,100,98728,100,100049,100,98533,100,100075,100,98477,100,100115,200,98381,100,100139,100,98053,100
2019-06-28 09:59:12.338276125,99504,172,99318,200,99547,172,99260,172,99576,72,99218,172,99765,172,98793,172,99990,200,98767,100,100035,100,98728,100,100049,100,98533,100,100075,100,98477,100,100115,200,98381,100,100139,100,98053,100
2019-06-28 09:59:13.036912362,99504,172,99318,200,99547,172,99260,172,99576,72,99218,172,99765,172,98793,172,99990,200,98767,100,100035,100,98728,100,100049,100,98533,100,100075,100,98477,100,100115,200,98053,100,100139,100,96782,100
2019-06-28 09:59:20.000000000,99504,389,99318,417,99547,100,99260,100,99765,100,99218,100,99990,200,98793,100,100035,100,98767,100,100049,100,98728,100,100075,100,98533,100,100115,200,98477,100,100139,100,98053,100,100173,100,96782,100
2019-06-28 09:59:30.000000000,99504,172,99318,200,99547,172,99260,172,99765,172,99218,172,99990,272,98793,172,100035,100,98767,100,100049,100,98728,100,100075,100,98533,100,100115,200,98477,100,100139,100,98053,100,100173,100,96782,100
2019-06-28 09:59:32.123445011,99504,172,99318,200,99547,172,99260,172,99765,172,99218,172,99990,272,98793,172,100035,100,98767,100,100049,100,98728,100,100075,100,98533,100,100115,200,98477,100,100139,100,98053,100,100173,100,96782,100
2019-06-28 09:59:34.488811602,99504,172,99318,200,99547,172,99260,172,99765,172,99218,172,99990,272,98793,172,100035,100,98767,100,100049,100,98728,100,100075,100,98533,100,100115,200,98477,100,100139,100,98053,100,100173,100,96782,100
2019-06-28 09:59:37.866093663,99504,72,99318,200,99547,172,99260,172,99765,172,99218,172,99990,272,98793,172,100035,100,98767,100,100049,100,98728,100,100075,100,98533,100,100115,200,98477,100,100139,100,98053,100,100173,100,96782,100
2019-06-28 09:59:40.000000000,99547,198,99318,226,99765,195,99260,195,99990,295,99218,195,100035,100,98793,100,100049,100,98767,100,100075,100,98728,100,100115,200,98533,100,100139,100,98477,100,100173,100,98053,100,100175,100,96782,100
2019-06-28 09:59:50.000000000,99547,389,99318,417,99765,100,99260,100,99990,200,99218,100,100035,100,98793,100,100049,100,98767,100,100075,100,98728,100,100115,200,98533,100,100139,100,98477,100,100173,100,98053,100,100175,100,96782,100
2019-06-28 10:00:00.000000000,99547,158,99318,186,99765,158,99260,158,99990,258,99218,158,100035,158,98793,158,100049,158,98767,158,100075,100,98728,100,100115,200,98533,100,100139,100,98477,100,100173,100,98053,100,100175,100,96782,100
2019-06-28 10:00:08.282800576,99547,58,99318,186,99765,158,99260,158,99990,258,99218,158,100035,158,98793,158,100049,58,98767,158,100075,100,98728,100,100115,200,98533,100,100139,100,98477,100,100173,100,98053,100,100175,100,96782,100
2019-06-28 10:00:10.000000000,99765,172,99318,200,99990,272,99260,172,100035,172,99218,172,100075,172,98793,172,100115,200,98767,100,100139,100,98728,100,100173,100,98533,100,100175,100,98477,100,100254,100,98053,100,100264,100,96782,100
2019-06-28 10:00:20.000000000,99765,244,99318,272,99990,344,99260,244,100035,100,99218,100,100075,100,98793,100,100115,200,98767,100,100139,100,98728,100,100173,100,98533,100,100175,100,98477,100,100254,100,98053,100,100264,100,96782,100
2019-06-28 10:00:22.075233862,99765,144,99318,272,99990,344,99260,244,100035,100,99218,100,100075,100,98793,100,100115,200,98767,100,100139,100,98728,100,100173,100,98533,100,100175,100,98477,100,100254,100,96782,100,100264,100,96523,100
2019-06-28 10:00:30.000000000,99990,344,99318,272,100035,244,99260,244,100075,100,99218,100,100115,200,98793,100,100139,100,98767,100,100173,100,98728,100,100175,100,98533,100,100254,100,98477,100,100264,100,96782,100,100310,100,96523,100
2019-06-28 10:00:40.000000000,99990,272,99318,200,100035,172,99260,172,100075,172,99218,172,100115,272,98793,172,100139,100,98767,100,100173,100,98728,100,100175,100,98533,100,100254,100,98477,100,100264,100,96782,100,100310,100,96523,100
2019-06-28 10:00:50.000000000,99990,344,99318,272,100035,244,99260,244,100075,100,99218,100,100115,200,98793,100,100139,100,98767,100,100173,100,98728,100,100175,100,98533,100,100254,100,98477,100,100264,100,96782,100,100310,100,96523,100
2019-06-28 10:01:00.000000000,99990,298,99318,226,100035,195,99260,195,100075,195,99218,195,100115,200,98793,100,100139,100,98767,100,100173,100,98728,100,100175,100,98533,100,100254,100,98477,100,100264,100,96782,100,100310,100,96523,100
2019-06-28 10:01:10.000000000,99990,272,99318,200,100035,172,99260,172,100075,172,99218,172,100115,272,98793,172,100139,100,98767,100,100173,100,98728,100,100175,100,98533,100,100254,100,98477,100,100264,100,96782,100,100310,100,96523,100
2019-06-28 10:01:12.788927397,99457,100,99318,200,99990,272,99260,172,100035,172,99218,172,100075,172,98793,172,100115,272,98767,100,100139,100,98728,100,100173,100,98533,100,100175,100,98477,100,100254,100,96782,100,100264,100,96523,100
2019-06-28 10:01:20.000000000,99457,198,99318,226,99990,295,99260,195,100035,195,99218,195,100075,100,98793,100,100115,200,98767,100,100139,100,98728,100,100173,100,98533,100,100175,100,98477,100,100254,100,96782,100,100264,100,96523,100
2019-06-28 10:01:26.919430000,99366,100,99318,226,99457,198,99260,195,99990,295,99218,195,100035,195,98793,100,100075,100,98767,100,100115,200,98728,100,100139,100,98533,100,100173,100,98477,100,100175,100,96782,100,100254,100,96523,100
2019-06-28 10:01:30.000000000,99366,198,99318,226,99457,195,99260,195,99990,295,99218,195,100035,100,98793,100,100075,100,98767,100,100115,200,98728,100,100139,100,98533,100,100173,100,98477,100,100175,100,96782,100,100254,100,96523,100
2019-06-28 10:01:40.000000000,99366,158,99318,186,99457,158,99260,158,99990,258,99218,158,100035,158,98793,158,100075,158,98767,158,100115,200,98728,100,100139,100,98533,100,100173,100,98477,100,100175,100,96782,100,100254,100,96523,100
2019-06-28 10:01:45.342705015,99366,158,99318,186,99457,158,99260,158,99583,100,99218,158,99990,258,98793,158,100035,158,98767,158,100075,158,98728,100,100115,200,98533,100,100139,100,98477,100,100173,100,96782,100,100175,100,96523,100
2019-06-28 10:01:46.249616195,99321,100,99318,186,99366,158,99260,158,99457,158,99218,158,99583,100,98793,158,99990,258,98767,158,100035,158,98728,100,100075,158,98533,100,100115,200,98477,100,100139,100,96782,100,100173,100,96523,100
2019-06-28 10:01:50.000000000,99321,198,99318,226,99366,195,99260,195,99457,195,99218,195,99583,100,98793,100,99990,200,98767,100,100035,100,98728,100,100075,100,98533,100,100115,200,98477,100,100139,100,96782,100,100173,100,96523,100
2019-06-28 10:01:56.995578302,99321,198,99318,226,99329,100,99260,195,99366,195,99218,195,99457,195,98793,100,99583,100,98767,100,99990,200,98728,100,100035,100,98533,100,100075,100,98477,100,100115,200,96782,100,100139,100,96523,100
2019-06-28 10:02:00.000000000,99321,158,99318,186,99329,158,99260,158,99366,158,99218,158,99457,158,98793,158,99583,158,98767,158,99990,200,98728,100,100035,100,98533,100,100075,100,98477,100,100115,200,96782,100,100139,100,96523,100
2019-06-28 10:02:08.114865841,99321,58,99318,186,99329,158,99260,158,99366,158,99218,158,99457,158,98793,158,99583,158,98767,158,99990,200,98728,100,100035,100,98533,100,100075,100,98477,100,100115,200,96782,100,100139,100,96523,100
2019-06-28 10:02:10.000000000,99329,198,99318,226,99366,195,99260,195,99457,195,99218,195,99583,100,98793,100,99990,200,98767,100,100035,100,98728,100,100075,100,98533,100,100115,200,98477,100,100139,100,96782,100,100173,100,96523,100
2019-06-28 10:02:18.081177569,99329,198,99321,100,99366,195,99318,226,99457,195,99260,195,99583,100,99218,195,99990,200,98793,100,100035,100,98728,100,100075,100,98533,100,100115,200,98477,100,100139,100,96782,100,100173,100,96523,100
2019-06-28 10:02:20.000000000,99329,198,99321,198,99366,195,99318,223,99457,195,99260,195,99583,100,99218,100,99990,200,98793,100,100035,100,98728,100,100075,100,98533,100,100115,200,98477,100,100139,100,96782,100,100173,100,96523,100
2019-06-28 10:02:30.000000000,99329,389,99321,389,99366,100,99318,128,99457,100,99260,100,99583,100,99218,100,99990,200,98793,100,100035,100,98728,100,100075,100,98533,100,100115,200,98477,100,100139,100,96782,100,100173,100,96523,100
2019-06-28 10:02:38.296057844,99329,389,99321,389,99366,100,99318,128,99457,100,99260,100,99583,100,99218,100,99780,100,98793,100,99990,200,98728,100,100035,100,98533,100,100075,100,98477,100,100115,200,96782,100,100139,100,96523,100
2019-06-28 10:02:40.000000000,99329,389,99321,389,99366,100,99318,128,99457,100,99260,100,99583,100,99218,100,99780,100,98793,100,99990,200,98728,100,100035,100,98533,100,100075,100,98477,100,100115,200,96782,100,100139,100,96523,100
2019-06-28 10:02:44.046948019,99329,389,99321,389,99366,100,99318,128,99457,100,99260,100,99583,100,99218,100,99764,100,98728,100,99780,100,98533,100,99990,200,98477,100,100035,100,96782,100,100075,100,96523,100,100115,200,,
2019-06-28 10:02:45.408217637,99329,289,99321,389,99366,100,99318,128,99457,100,99260,100,99583,100,99218,100,99764,100,98728,100,99780,100,98533,100,99990,200,98477,100,100035,100,96782,100,100075,100,,,100115,200,,
2019-06-28 10:02:50.000000000,99366,172,99321,172,99457,172,99318,200,99583,172,99260,172,99764,172,99218,172,99780,100,98728,100,99990,200,98533,100,100035,100,98477,100,100075,100,96782,100,100115,200,,,100139,100,,
2019-06-28 10:02:59.956029693,99366,172,99321,172,99457,172,99318,200,99583,172,99260,172,99764,172,99218,172,99780,100,98728,100,99950,100,98533,100,99990,200,98477,100,100035,100,96782,100,100075,100,,,100115,200,,
2019-06-28 10:03:00.000000000,99366,198,99321,198,99457,195,99318,223,99583,195,99260,195,99764,100,99218,100,99780,100,98728,100,99950,100,98533,100,99990,200,98477,100,100035,100,96782,100,100075,100,,,100115,200,,
2019-06-28 10:03:10.000000000,99366,172,99321,172,99457,172,99318,200,99583,172,99260,172,99764,172,99218,172,99780,100,98728,100,99950,100,98533,100,99990,200,98477,100,100035,100,96782,100,100075,100,,,100115,200,,
2019-06-28 10:03:16.055202822,99366,72,99321,172,99457,172,99318,200,99583,172,99260,172,99764,172,99218,172,99780,100,98728,100,99950,100,98533,100,99990,200,98477,100,100035,100,96782,100,100075,100,,,100115,100,,
2019-06-28 10:03:19.760375951,99366,72,99321,172,99457,172,99318,200,99583,172,99260,172,99764,172,99218,172,99780,100,98728,100,99896,100,98533,100,99950,100,98477,100,99990,200,96782,100,100035,100,,,100075,100,,
2019-06-28 10:03:20.000000000,99457,172,99321,172,99583,172,99318,200,99764,172,99260,172,99780,172,99218,172,99896,100,98728,100,99950,100,98533,100,99990,200,98477,100,100035,100,96782,100,100075,100,,,100115,100,,
2019-06-28 10:03:30.000000000,99457,158,99321,158,99583,158,99318,186,99764,158,99260,158,99780,158,99218,158,99896,158,98728,158,99950,100,98533,100,99990,200,98477,100,100035,100,96782,100,100075,100,,,100115,100,,
2019-06-28 10:03:40.000000000,99457,244,99321,244,99583,244,99318,272,99764,100,99260,100,99780,100,99218,100,99896,100,98728,100,99950,100,98533,100,99990,200,98477,100,100035,100,96782,100,100075,100,,,100115,100,,
2019-06-28 10:03:48.055609235,99457,144,99321,244,99583,244,99318,272,99764,100,99260,100,99780,100,99218,100,99896,100,98728,100,99950,100,98533,100,99990,200,98477,100,100035,100,96782,100,100075,100,,,100139,100,,
2019-06-28 10:03:50.000000000,99583,198,99321,198,99764,195,99318,223,99780,195,99260,195,99896,100,99218,100,99950,100,98728,100,99990,200,98533,100,100035,100,98477,100,100075,100,96782,100,100139,100,,,100173,100,,
2019-06-28 10:03:51.366191568,99583,198,99472,100,99764,195,99321,198,99780,195,99318,223,99896,100,99260,195,99950,100,99218,100,99990,200,98728,100,100035,100,98533,100,100075,100,98477,100,100139,100,96782,100,100173,100,,
2019-06-28 10:04:00.000000000,99583,158,99472,158,99764,158,99321,158,99780,158,99318,186,99896,158,99260,158,99950,158,99218,158,99990,200,98728,100,100035,100,98533,100,100075,100,98477,100,100139,100,96782,100,100173,100,,
2019-06-28 10:04:10.000000000,99583,198,99472,198,99764,195,99321,195,99780,195,99318,223,99896,100,99260,100,99950,100,99218,100,99990,200,98728,100,100035,100,98533,100,100075,100,98477,100,100139,100,96782,100,100173,100,,
2019-06-28 10:04:15.354669809,99583,198,99472,198,99764,195,99366,100,99780,195,99321,195,99896,100,99318,223,99950,100,99260,100,99990,200,99218,100,100075,100,98728,100,100139,100,98533,100,100173,100,98477,100,100175,100,96782,100
2019-06-28 10:04:20.000000000,99583,244,99472,244,99764,244,99366,244,99780,100,99321,100,99896,100,99318,128,99950,100,99260,100,99990,200,99218,100,100075,100,98728,100,100139,100,98533,100,100173,100,98477,100,100175,100,96782,100
2019-06-28 10:04:27.329499820,99583,244,99472,144,99764,244,99366,244,99780,100,99321,100,99896,100,99318,128,99950,100,99260,100,99990,200,99218,100,100075,100,98728,100,100139,100,98533,100,100173,100,98477,100,100175,100,96782,100
2019-06-28 10:04:30.000000000,99583,158,99366,158,99764,158,99321,158,99780,158,99318,186,99896,158,99260,158,99950,158,99218,158,99990,200,98728,100,100075,100,98533,100,100139,100,98477,100,100173,100,96782,100,100175,100,,
2019-06-28 10:04:40.000000000,99583,172,99366,172,99764,172,99321,172,99780,172,99318,200,99896,172,99260,172,99950,100,99218,100,99990,200,98728,100,100075,100,98533,100,100139,100,98477,100,100173,100,96782,100,100175,100,,
2019-06-28 10:04:46.415240527,99456,100,99366,172,99583,172,99321,172,99764,172,99318,200,99780,172,99260,172,99896,172,99218,100,99950,100,98728,100,99990,200,98533,100,100075,100,98477,100,100139,100,96782,100,100173,100,,
2019-06-28 10:04:50.000000000,99456,198,99366,198,99583,195,99321,195,99764,195,99318,223,99780,100,99260,100,99896,100,99218,100,99950,100,98728,100,99990,200,98533,100,100075,100,98477,100,100139,100,96782,100,100173,100,,
2019-06-28 10:04:57.781575265,99456,98,99366,198,99583,195,99321,195,99764,195,99318,223,99780,100,99260,100,99950,100,99218,100,99990,200,98728,100,100075,100,98533,100,100139,100,98477,100,100173,100,96782,100,100175,100,,
2019-06-28 10:05:00.000000000,99583,158,99366,158,99764,158,99321,158,99780,158,99318,186,99950,158,99260,158,99990,258,99218,158,100075,100,98728,100,100139,100,98533,100,100173,100,98477,100,100175,100,96782,100,100254,100,,
2019-06-28 10:05:06.162284789,99583,158,99366,158,99764,158,99321,158,99780,158,99318,186,99950,158,99260,158,99990,258,99218,158,100075,100,98728,100,100126,100,98533,100,100139,100,98477,100,100173,100,96782,100,100175,100,,
2019-06-28 10:05:10.000000000,99583,389,99366,389,99764,100,99321,100,99780,100,99318,128,99950,100,99260,100,99990,200,99218,100,100075,100,98728,100,100126,100,98533,100,100139,100,98477,100,100173,100,96782,100,100175,100,,
2019-06-28 10:05:11.912364767,99583,389,99473,100,99764,100,99366,389,99780,100,99321,100,99950,100,99318,128,99990,200,99260,100,100075,100,99218,100,100126,100,98728,100,100139,100,98533,100,100173,100,98477,100,100175,100,96782,100
2019-06-28 10:05:20.000000000,99583,389,99473,389,99764,100,99366,100,99780,100,99321,100,99950,100,99318,128,99990,200,99260,100,100075,100,99218,100,100126,100,98728,100,100139,100,98533,100,100173,100,98477,100,100175,100,96782,100
2019-06-28 10:05:22.012808001,99583,289,99473,389,99764,100,99366,100,99780,100,99321,100,99950,100,99318,128,99990,200,99260,100,100075,100,99218,100,100126,100,98728,100,100139,100,98533,100,100173,100,98477,100,100175,100,,
2019-06-28 10:05:30.000000000,99764,158,99473,158,99780,158,99366,158,99950,158,99321,158,99990,258,99318,186,100075,158,99260,158,100126,100,99218,100,100139,100,98728,100,100173,100,98533,100,100175,100,98477,100,100254,100,,
2019-06-28 10:05:40.000000000,99764,158,99473,158,99780,158,99366,158,99950,158,99321,158,99990,258,99318,186,100075,158,99260,158,100126,100,99218,100,100139,100,98728,100,100173,100,98533,100,100175,100,98477,100,100254,100,,
2019-06-28 10:05:46.248865656,99764,158,99473,158,99780,158,99366,158,99950,158,99321,158,99990,258,99318,186,100075,158,99260,158,100126,100,99218,100,100139,100,98728,100,100173,100,98533,100,100175,100,98477,100,100254,100,,
2019-06-28 10:05:47.353856310,99764,158,99474,100,99780,158,99473,158,99950,158,99366,158,99990,258,99321,158,100075,158,99318,186,100126,100,99260,158,100139,100,99218,100,100173,100,98728,100,100175,100,98533,100,100254,100,98477,100
2019-06-28 10:05:50.000000000,99764,158,99474,158,99780,158,99473,158,99950,158,99366,158,99990,258,99321,158,100075,158,99318,186,100126,100,99260,100,100139,100,99218,100,100173,100,98728,100,100175,100,98533,100,100254,100,98477,100
2019-06-28 10:05:51.971397498,99764,158,99474,158,99780,158,99473,158,99950,158,99366,158,99990,258,99321,158,100075,158,99318,186,100126,100,99260,100,100139,100,99218,100,100173,100,98728,100,100175,100,98533,100,100254,100,98477,100
2019-06-28 10:05:58.367093024,99764,158,99474,258,99780,158,99473,158,99950,158,99366,158,99990,158,99321,158,100075,158,99318,186,100126,100,99260,100,100139,100,99218,100,100173,100,98728,100,100175,100,98533,100,100254,100,98477,100
2019-06-28 10:06:00.000000000,99764,389,99474,489,99780,100,99473,100,99950,100,99366,100,99990,100,99321,100,100075,100,99318,128,100126,100,99260,100,100139,100,99218,100,100173,100,98728,100,100175,100,98533,100,100254,100,98477,100
2019-06-28 10:06:04.510002377,99764,289,99474,489,99780,100,99473,100,99950,100,99366,100,99990,100,99321,100,100075,100,99318,128,100126,100,99260,100,100139,100,99218,100,100173,100,98728,100,100175,100,98533,100,100254,100,98477,100
2019-06-28 10:06:10.000000000,99780,172,99474,272,99950,172,99473,172,99990,172,99366,172,100075,172,99321,172,100126,100,99318,128,100139,100,99260,100,100173,100,99218,100,100175,100,98728,100,100254,100,98533,100,100298,100,98477,100
2019-06-28 10:06:10.028110179,99780,72,99474,272,99950,72,99473,172,99990,172,99366,172,100075,172,99321,172,100126,100,99318,128,100139,100,99260,100,100173,100,99218,100,100175,100,98728,100,100254,100,98533,100,100298,100,98477,100
2019-06-28 10:06:20.000000000,99990,158,99474,258,100075,158,99473,158,100126,158,99366,158,100139,158,99321,158,100173,158,99318,186,100175,100,99260,100,100254,100,99218,100,100298,100,98728,100,100302,100,98533,100,100310,100,98477,100
2019-06-28 10:06:30.000000000,99990,172,99474,272,100075,172,99473,172,100126,172,99366,172,100139,172,99321,172,100173,100,99318,128,100175,100,99260,100,100254,100,99218,100,100298,100,98728,100,100302,100,98533,100,100310,100,98477,100
2019-06-28 10:06:40.000000000,99990,172,99474,272,100075,172,99473,172,100126,172,99366,172,100139,172,99321,172,100173,100,99318,128,100175,100,99260,100,100254,100,99218,100,100298,100,98728,100,100302,100,98533,100,100310,100,98477,100
2019-06-28 10:06:41.171338919,99990,172,99474,272,100075,172,99473,172,100126,172,99366,172,100139,172,99321,172,100173,100,99318,128,100175,100,99260,100,100254,100,99218,100,100293,100,98728,100,100298,100,98533,100,100302,100,98477,100
2019-06-28 10:06:46.872037277,99990,172,99474,272,100075,172,99473,172,100126,172,99366,172,100139,172,99321,172,100173,100,99318,128,100175,100,99260,100,100254,100,99218,100,100293,100,98728,100,100298,100,98533,100,100302,100,98477,100
2019-06-28 10:06:50.000000000,99990,389,99474,489,100075,100,99473,100,100126,100,99366,100,100139,100,99321,100,100173,100,99318,128,100175,100,99260,100,100254,100,99218,100,100293,100,98728,100,100298,100,98533,100,100302,100,98477,100
2019-06-28 10:07:00.000000000,99990,172,99474,272,100075,172,99473,172,100126,172,99366,172,100139,172,99321,172,100173,100,99318,128,100175,100,99260,100,100254,100,99218,100,100293,100,98728,100,100298,100,98533,100,100302,100,98477,100
2019-06-28 10:07:10.000000000,99990,389,99474,489,100075,100,99473,100,100126,100,99366,100,100139,100,99321,100,100173,100,99318,128,100175,100,99260,100,100254,100,99218,100,100293,100,98728,100,100298,100,98533,100,100302,100,98477,100
2019-06-28 10:07:12.569018873,99990,289,99764,100,100075,100,99474,489,100126,100,99473,100,100139,100,99366,100,100173,100,99321,100,100175,100,99318,128,100254,100,99260,100,100293,100,99218,100,100298,100,98728,100,100302,100,98533,100
2019-06-28 10:07:15.428153978,99990,189,99764,100,100075,100,99474,489,100126,100,99473,100,100139,100,99366,100,100173,100,99321,100,100175,100,99318,128,100254,100,99260,100,100293,100,99218,100,100298,100,98728,100,100302,100,98533,100
2019-06-28 10:07:20.000000000,100075,198,99764,198,100126,195,99474,295,100139,195,99473,195,100173,100,99366,100,100175,100,99321,100,100254,100,99318,128,100293,100,99260,100,100298,100,99218,100,100302,100,98728,100,100310,100,98533,100
2019-06-28 10:07:23.023740291,100075,198,99780,100,100126,195,99764,98,100139,195,99474,295,100173,100,99473,195,100175,100,99366,100,100254,100,99321,100,100293,100,99318,128,100298,100,99260,100,100302,100,99218,100,100310,100,98728,100
2019-06-28 10:07:30.000000000,100075,244,99780,244,100126,244,99474,344,100139,100,99473,100,100173,100,99366,100,100175,100,99321,100,100254,100,99318,128,100293,100,99260,100,100298,100,99218,100,100302,100,98728,100,100310,100,98533,100
2019-06-28 10:07:40.000000000,100075,172,99780,172,100126,172,99474,272,100139,172,99473,172,100173,172,99366,172,100175,100,99321,100,100254,100,99318,128,100293,100,99260,100,100298,100,99218,100,100302,100,98728,100,100310,100,98533,100
2019-06-28 10:07:42.121901704,100075,172,99887,100,100126,172,99780,172,100139,172,99474,272,100173,172,99473,172,100175,100,99366,172,100254,100,99321,100,100293,100,99318,128,100298,100,99260,100,100302,100,99218,100,100310,100,98728,100
2019-06-28 10:07:50.000000000,100075,244,99887,244,100126,244,99780,244,100139,100,99474,200,100173,100,99473,100,100175,100,99366,100,100254,100,99321,100,100293,100,99318,128,100298,100,99260,100,100302,100,99218,100,100310,100,98728,100
2019-06-28 10:07:52.244538304,100075,244,99887,244,100126,244,99780,244,100139,100,99474,200,100155,100,99473,100,100173,100,99366,100,100175,100,99321,100,100254,100,99318,128,100293,100,99260,100,100298,100,99218,100,100302,100,98728,100
2019-06-28 10:07:56.595218314,100075,144,99887,244,100126,244,99780,244,100139,100,99474,200,100155,100,99473,100,100173,100,99366,100,100175,100,99321,100,100254,100,99318,128,100293,100,99260,100,100298,100,99218,100,100302,100,98728,100
2019-06-28 10:08:00.000000000,100126,158,99887,158,100139,158,99780,158,100155,158,99474,258,100173,158,99473,158,100175,158,99366,158,100254,100,99321,100,100293,100,99318,128,100298,100,99260,100,100302,100,99218,100,100310,100,98728,100
2019-06-28 10:08:10.000000000,100126,389,99887,389,100139,100,99780,100,100155,100,99474,200,100173,100,99473,100,100175,100,99366,100,100254,100,99321,100,100293,100,99318,128,100298,100,99260,100,100302,100,99218,100,100310,100,98728,100
2019-06-28 10:08:17.876749783,100126,389,99887,289,100139,100,99780,100,100155,100,99474,200,100173,100,99473,100,100175,100,99366,100,100254,100,99321,100,100293,100,99318,128,100298,100,99260,100,100302,100,99218,100,100310,100,98728,100
2019-06-28 10:08:20.000000000,100126,172,99780,172,100139,172,99474,272,100155,172,99473,172,100173,172,99366,172,100175,100,99321,100,100254,100,99318,128,100293,100,99260,100,100298,100,99218,100,100302,100,98728,100,100310,100,98477,100
2019-06-28 10:08:30.000000000,100126,172,99780,172,100139,172,99474,272,100155,172,99473,172,100173,172,99366,172,100175,100,99321,100,100254,100,99318,128,100293,100,99260,100,100298,100,99218,100,100302,100,98728,100,100310,100,98477,100
2019-06-28 10:08:36.129806077,100126,172,99780,72,100139,172,99474,272,100155,172,99473,172,100173,172,99366,172,100175,100,99321,100,100254,100,99318,128,100293,100,99260,100,100298,100,99218,100,100302,100,98728,100,100310,100,98477,100
2019-06-28 10:08:40.000000000,100126,244,99474,344,100139,244,99473,244,100155,100,99366,100,100173,100,99321,100,100175,100,99318,128,100254,100,99260,100,100293,100,99218,100,100298,100,98728,100,100302,100,98477,100,100310,100,,
2019-06-28 10:08:41.631558952,99590,100,99474,344,100126,244,99473,244,100139,244,99366,100,100155,100,99321,100,100173,100,99318,128,100175,100,99260,100,100254,100,99218,100,100293,100,98728,100,100298,100,98477,100,100310,100,,
