,ask_price_1,ask_size_1,bid_price_1,bid_size_1,ask_price_2,ask_size_2,bid_price_2,bid_size_2,ask_price_3,ask_size_3,bid_price_3,bid_size_3,ask_price_4,ask_size_4,bid_price_4,bid_size_4,ask_price_5,ask_size_5,bid_price_5,bid_size_5,ask_price_6,ask_size_6,bid_price_6,bid_size_6,ask_price_7,ask_size_7,bid_price_7,bid_size_7,ask_price_8,ask_size_8,bid_price_8,bid_size_8,ask_price_9,ask_size_9,bid_price_9,bid_size_9,ask_price_10,ask_size_10,bid_price_10,bid_size_10
2019-06-28 09:30:00.000000001,100165,100,99860,100,,,,,,,,,,,,,,,,,,,,,,,,,,,,,,,,,,,,
2019-06-28 09:30:00.000000004,100165,100,99942,100,,,99860,100,,,,,,,,,,,,,,,,,,,,,,,,,,,,,,,,
2019-06-28 09:30:00.000000005,100063,100,99942,100,100165,100,99860,100,,,,,,,,,,,,,,,,,,,,,,,,,,,,,,,,
2019-06-28 09:30:00.000000006,99979,100,99942,100,100063,100,99860,100,100165,100,,,,,,,,,,,,,,,,,,,,,,,,,,,,,,
2019-06-28 09:30:00.000000007,100063,100,99942,100,100165,100,99860,100,,,,,,,,,,,,,,,,,,,,,,,,,,,,,,,,
2019-06-28 09:30:00.000000011,100063,100,99942,100,100070,100,99860,100,100165,100,,,,,,,,,,,,,,,,,,,,,,,,,,,,,,
2019-06-28 09:30:00.000000012,100063,100,99942,100,100070,100,99860,100,100149,100,,,100165,100,,,,,,,,,,,,,,,,,,,,,,,,,,
2019-06-28 09:30:00.000000013,100005,100,99942,100,100063,100,99860,100,100070,100,,,100149,100,,,100165,100,,,,,,,,,,,,,,,,,,,,,,
2019-06-28 09:30:00.000000015,100005,100,99942,100,100008,100,99860,100,100063,100,,,100070,100,,,100149,100,,,100165,100,,,,,,,,,,,,,,,,,,
2019-06-28 09:30:00.000000016,100005,100,99942,100,100008,100,99860,100,100063,100,99783,100,100070,100,,,100149,100,,,100165,100,,,,,,,,,,,,,,,,,,
2019-06-28 09:30:00.000000017,100005,100,99942,100,100008,100,99860,100,100011,100,99783,100,100063,100,,,100070,100,,,100149,100,,,100165,100,,,,,,,,,,,,,,
2019-06-28 09:30:00.000000018,100008,100,99942,100,100011,100,99860,100,100063,100,99783,100,100070,100,,,100149,100,,,100165,100,,,,,,,,,,,,,,,,,,
2019-06-28 09:30:00.000000019,100008,100,99942,100,100011,100,99860,100,100054,100,99783,100,100063,100,,,100070,100,,,100149,100,,,100165,100,,,,,,,,,,,,,,
2019-06-28 09:30:00.000000021,100008,100,99942,100,100011,100,99884,100,100054,100,99860,100,100063,100,99783,100,100070,100,,,100149,100,,,100165,100,,,,,,,,,,,,,,
2019-06-28 09:30:00.000000024,100005,100,99942,100,100008,100,99884,100,100011,100,99860,100,100040,100,99783,100,100054,100,,,100063,100,,,100070,100,,,100149,100,,,100165,100,,,,,,
2019-06-28 09:30:00.000000027,100005,100,99884,100,100008,100,99860,100,100011,100,99783,100,100040,100,,,100054,100,,,100063,100,,,100070,100,,,100149,100,,,100165,100,,,,,,
2019-06-28 09:30:00.000000028,100005,100,99884,100,100008,100,99860,100,100011,100,99783,100,100040,100,,,100054,100,,,100062,100,,,100063,100,,,100070,100,,,100149,100,,,100165,100,,
2019-06-28 09:30:00.000000030,100008,100,99884,100,100011,100,99860,100,100040,100,99783,100,100054,100,,,100062,100,,,100063,100,,,100070,100,,,100085,100,,,100149,100,,,100165,100,,
2019-06-28 09:30:00.000000032,100008,100,99899,100,100011,100,99884,100,100040,100,99860,100,100054,100,99783,100,100062,100,,,100063,100,,,100070,100,,,100085,100,,,100149,100,,,100165,100,,
2019-06-28 09:30:00.000000034,100008,100,99939,100,100011,100,99899,100,100040,100,99884,100,100054,100,99860,100,100062,100,99783,100,100063,100,,,100070,100,,,100085,100,,,100149,100,,,100165,100,,
2019-06-28 09:30:00.000000036,100008,100,99942,100,100011,100,99939,100,100040,100,99899,100,100054,100,99884,100,100062,100,99860,100,100063,100,99783,100,100070,100,,,100085,100,,,100149,100,,,100165,100,,
2019-06-28 09:30:00.000000037,100008,100,99942,100,100011,100,99939,100,100040,100,99899,100,100054,100,99884,100,100062,100,99860,100,100063,100,99783,100,100070,200,,,100085,100,,,100149,100,,,100165,100,,
2019-06-28 09:30:00.000000039,99994,100,99981,100,100008,100,99942,100,100011,100,99939,100,100040,100,99899,100,100054,100,99884,100,100062,100,99860,100,100063,100,99783,100,100070,200,,,100085,100,,,100149,100,,
2019-06-28 09:30:00.000000041,99994,100,99981,100,100004,100,99942,100,100008,100,99939,100,100011,100,99899,100,100040,100,99884,100,100054,100,99860,100,100062,100,99783,100,100063,100,,,100070,200,,,100085,100,,
2019-06-28 09:30:00.000000042,99994,100,99981,100,100004,200,99942,100,100008,100,99939,100,100011,100,99899,100,100040,100,99884,100,100054,100,99860,100,100062,100,99783,100,100063,100,,,100070,200,,,100085,100,,
2019-06-28 09:30:00.000000043,99994,100,99981,100,100004,200,99943,100,100008,100,99942,200,100011,100,99939,100,100040,100,99938,100,100054,100,99899,100,100062,100,99884,100,100063,100,99860,100,100070,200,99808,100,100085,100,99783,100
2019-06-28 09:30:00.000000045,99994,100,99981,100,100004,200,99943,100,100005,200,99942,200,100008,100,99939,100,100011,100,99938,100,100040,100,99899,100,100054,100,99884,100,100062,100,99860,100,100063,100,99808,100,100070,200,99783,100
2019-06-28 09:30:00.000000047,99994,100,99981,100,100004,200,99943,100,100005,200,99942,200,100008,100,99939,100,100011,100,99938,100,100032,100,99899,100,100040,100,99884,100,100054,100,99860,100,100062,100,99808,100,100063,100,99783,100
2019-06-28 09:30:00.000000048,99994,100,99981,100,100004,200,99943,100,100005,200,99942,200,100008,100,99939,100,100011,100,99938,100,100021,100,99899,100,100032,100,99884,100,100040,100,99860,100,100054,100,99808,100,100062,100,99783,100
2019-06-28 09:30:00.000000050,99994,100,99990,100,100004,200,99981,100,100005,200,99943,100,100008,100,99942,200,100011,100,99939,100,100021,100,99938,100,100032,100,99899,100,100040,100,99884,100,100054,100,99860,100,100062,100,99808,100
2019-06-28 09:30:00.000000052,99994,100,99990,100,100004,200,99981,100,100005,300,99943,100,100008,100,99942,200,100011,100,99939,100,100021,100,99938,100,100032,100,99899,100,100040,100,99884,100,100054,100,99860,100,100062,100,99808,100
2019-06-28 09:30:00.000000054,99994,100,99990,100,100004,200,99981,100,100005,300,99943,100,100008,100,99942,200,100011,100,99939,100,100021,100,99938,100,100032,100,99899,100,100040,100,99884,100,100054,100,99860,100,100062,100,99808,100
2019-06-28 09:30:00.000000056,99994,100,99990,100,100004,200,99981,100,100005,300,99943,100,100008,100,99942,200,100011,100,99939,100,100021,100,99938,100,100031,100,99899,100,100032,100,99884,100,100040,100,99860,100,100054,100,99808,100
2019-06-28 09:30:00.000000057,100004,200,99990,100,100005,300,99981,100,100008,100,99943,100,100011,100,99942,200,100014,100,99939,100,100021,100,99938,100,100031,100,99899,100,100032,100,99884,100,100040,100,99860,100,100054,100,99837,100
2019-06-28 09:30:00.000000058,100004,200,99990,100,100005,300,99981,100,100008,100,99961,100,100011,100,99943,100,100014,100,99942,200,100021,100,99939,100,100031,100,99938,100,100032,100,99899,100,100040,100,99884,100,100054,100,99860,100
2019-06-28 09:30:00.000000059,100004,200,99990,100,100005,300,99981,100,100008,100,99961,100,100011,100,99943,100,100014,100,99942,200,100021,100,99939,100,100031,100,99938,100,100032,100,99899,100,100040,100,99884,100,100054,100,99860,100
2019-06-28 09:30:00.000000063,100004,200,99990,100,100005,300,99981,100,100008,100,99961,100,100011,100,99943,100,100014,100,99942,200,100021,100,99939,100,100031,100,99938,100,100032,100,99899,100,100040,100,99884,100,100054,100,99860,100
2019-06-28 09:30:00.000000065,100004,200,99990,100,100005,300,99981,100,100008,100,99961,100,100011,100,99943,100,100014,100,99942,200,100021,100,99939,100,100031,100,99938,100,100032,100,99899,100,100040,100,99884,100,100054,100,99860,100
2019-06-28 09:30:00.000000066,100004,200,99981,100,100005,300,99961,100,100008,100,99943,100,100011,100,99942,200,100014,100,99939,100,100021,100,99938,100,100031,100,99899,100,100032,100,99884,100,100040,100,99860,100,100054,100,99837,100
2019-06-28 09:30:00.000000067,99999,100,99990,100,100004,200,99981,100,100005,300,99961,100,100008,100,99943,100,100011,100,99942,200,100014,100,99939,100,100021,100,99938,100,100031,100,99899,100,100032,100,99884,100,100040,100,99881,100
2019-06-28 09:30:00.000000068,99999,100,99990,100,100004,200,99981,100,100005,300,99961,100,100008,100,99943,100,100011,100,99942,200,100014,100,99939,100,100021,100,99938,100,100031,100,99899,100,100032,100,99884,100,100040,100,99881,100
2019-06-28 09:30:00.000000071,99999,100,99990,100,100004,200,99981,100,100005,300,99961,100,100008,100,99943,100,100011,100,99942,200,100014,100,99939,100,100021,100,99938,100,100031,100,99899,100,100032,100,99884,100,100035,100,99881,100
2019-06-28 09:30:00.000000075,99999,100,99990,100,100004,200,99981,100,100005,300,99961,100,100008,100,99943,100,100011,100,99942,200,100014,100,99939,100,100021,100,99938,100,100031,100,99904,100,100032,100,99899,100,100035,100,99884,100
2019-06-28 09:30:00.000000077,99999,100,99981,100,100004,200,99961,100,100005,300,99943,100,100008,100,99942,200,100011,100,99939,100,100014,100,99938,100,100021,100,99904,100,100031,100,99899,100,100032,100,99884,100,100035,100,99881,100
2019-06-28 09:30:00.000000078,99999,100,99990,100,100004,200,99981,100,100005,300,99961,100,100008,100,99943,100,100011,100,99942,200,100014,100,99939,100,100021,100,99938,100,100031,100,99904,100,100032,100,99899,100,100035,100,99884,100
2019-06-28 09:30:00.000000080,99999,100,99990,100,100004,200,99981,100,100005,300,99961,100,100008,100,99943,100,100011,100,99942,200,100014,100,99939,100,100021,100,99938,100,100031,100,99906,100,100032,100,99904,100,100035,100,99899,100
2019-06-28 09:30:00.000000084,99999,100,99990,100,100004,200,99981,100,100005,300,99961,100,100008,100,99943,100,100011,100,99942,200,100014,100,99939,100,100021,100,99938,100,100031,100,99906,100,100032,100,99904,100,100035,100,99899,100
2019-06-28 09:30:00.000000090,99999,100,99990,100,100004,200,99981,100,100005,300,99970,100,100008,100,99961,100,100011,100,99943,100,100014,100,99942,200,100021,100,99939,100,100031,100,99938,100,100032,100,99906,100,100035,100,99904,100
2019-06-28 09:30:00.000000092,99999,100,99981,100,100004,200,99970,100,100005,300,99961,100,100008,100,99943,100,100011,100,99942,200,100014,100,99939,100,100021,100,99938,100,100031,100,99906,100,100032,100,99904,100,100035,100,99899,100
2019-06-28 09:30:00.000000095,99999,100,99981,100,100004,200,99970,100,100005,300,99961,100,100008,100,99946,100,100011,100,99943,100,100014,100,99942,200,100021,100,99939,100,100031,100,99938,100,100032,100,99906,100,100035,100,99904,100
2019-06-28 09:30:00.000000097,99999,100,99981,100,100004,200,99970,100,100005,300,99961,100,100008,100,99946,100,100011,100,99943,100,100014,100,99942,200,100021,100,99939,100,100031,100,99938,100,100032,100,99918,100,100035,100,99906,100
2019-06-28 09:30:00.000000098,99999,100,99981,100,100004,200,99970,100,100005,300,99961,100,100008,100,99946,100,100011,100,99943,100,100014,100,99942,200,100021,100,99939,100,100031,100,99938,100,100032,100,99918,100,100035,100,99906,100
2019-06-28 09:30:10.000000000,99999,270,99981,270,100004,365,99970,265,100005,465,99961,265,100008,100,99946,100,100011,100,99943,100,100014,100,99942,200,100021,100,99939,100,100031,100,99938,100,100032,100,99918,100,100035,100,99906,100
2019-06-28 09:30:20.000000000,99999,350,99981,350,100004,450,99970,350,100005,300,99961,100,100008,100,99946,100,100011,100,99943,100,100014,100,99942,200,100021,100,99939,100,100031,100,99938,100,100032,100,99918,100,100035,100,99906,100
2019-06-28 09:30:30.000000000,99999,225,99981,225,100004,325,99970,225,100005,425,99961,225,100008,225,99946,225,100011,100,99943,100,100014,100,99942,200,100021,100,99939,100,100031,100,99938,100,100032,100,99918,100,100035,100,99906,100
2019-06-28 09:30:40.000000000,99999,225,99981,225,100004,325,99970,225,100005,425,99961,225,100008,225,99946,225,100011,100,99943,100,100014,100,99942,200,100021,100,99939,100,100031,100,99938,100,100032,100,99918,100,100035,100,99906,100
2019-06-28 09:30:40.706449627,99999,225,99981,125,100004,325,99970,225,100005,425,99961,225,100008,225,99946,225,100014,100,99943,100,100021,100,99942,200,100031,100,99939,100,100032,100,99938,100,100035,100,99918,100,100040,100,99906,100
2019-06-28 09:30:50.000000000,99999,270,99970,270,100004,365,99961,265,100005,465,99946,265,100008,100,99943,100,100014,100,99942,200,100021,100,99939,100,100031,100,99938,100,100032,100,99918,100,100035,100,99906,100,100040,100,99904,100
2019-06-28 09:30:57.149501493,99999,270,99970,270,100004,365,99961,265,100005,465,99946,265,100008,100,99943,100,100014,100,99942,200,100021,100,99939,100,100031,100,99938,100,100032,100,99918,100,100035,100,99906,100,100040,100,99904,100
2019-06-28 09:30:59.637106990,99990,100,99970,270,99999,270,99961,265,100004,365,99946,265,100005,465,99943,100,100008,100,99942,200,100014,100,99939,100,100021,100,99938,100,100031,100,99918,100,100032,100,99906,100,100035,100,99904,100
2019-06-28 09:30:59.717576064,99990,100,99970,270,99999,270,99961,265,100004,365,99946,265,100005,465,99943,100,100008,100,99942,200,100014,100,99939,100,100021,100,99938,100,100031,100,99918,100,100032,100,99906,100,100035,100,99904,100
2019-06-28 09:31:00.000000000,99990,270,99970,270,99999,265,99961,265,100004,365,99946,265,100005,300,99943,100,100008,100,99942,200,100014,100,99939,100,100021,100,99938,100,100031,100,99918,100,100032,100,99906,100,100035,100,99904,100
2019-06-28 09:31:07.383659463,99990,270,99970,270,99999,165,99961,265,100004,365,99946,265,100005,300,99943,100,100008,100,99942,200,100014,100,99939,100,100021,100,99938,100,100031,100,99918,100,100032,100,99906,100,100035,100,99904,100
2019-06-28 09:31:09.324492996,99990,270,99970,170,99999,165,99961,165,100004,365,99946,265,100005,300,99943,100,100008,100,99942,200,100014,100,99939,100,100021,100,99938,100,100031,100,99918,100,100032,100,99906,100,100035,100,99904,100
2019-06-28 09:31:10.000000000,99990,270,99946,270,100004,365,99943,265,100005,465,99942,365,100008,100,99939,100,100014,100,99938,100,100021,100,99918,100,100031,100,99906,100,100032,100,99904,100,100035,100,99899,100,100040,100,99884,100
2019-06-28 09:31:16.584330129,99990,270,99946,270,100004,365,99943,265,100005,465,99942,365,100008,100,99939,100,100014,100,99938,100,100021,100,99918,100,100031,100,99906,100,100032,100,99904,100,100035,100,99899,100,100040,100,99884,100
2019-06-28 09:31:18.284801281,99981,100,99946,270,99990,270,99943,265,100004,365,99942,365,100005,465,99939,100,100008,100,99938,100,100014,100,99918,100,100021,100,99906,100,100031,100,99904,100,100032,100,99899,100,100035,100,99884,100
2019-06-28 09:31:20.000000000,99981,270,99946,270,99990,265,99943,265,100004,365,99942,365,100005,300,99939,100,100008,100,99938,100,100014,100,99918,100,100021,100,99906,100,100031,100,99904,100,100032,100,99899,100,100035,100,99884,100
2019-06-28 09:31:30.000000000,99981,200,99946,200,99990,200,99943,200,100004,300,99942,300,100005,400,99939,200,100008,200,99938,200,100014,100,99918,100,100021,100,99906,100,100031,100,99904,100,100032,100,99899,100,100035,100,99884,100
2019-06-28 09:31:40.000000000,99981,350,99946,350,99990,350,99943,350,100004,200,99942,200,100005,300,99939,100,100008,100,99938,100,100014,100,99918,100,100021,100,99906,100,100031,100,99904,100,100032,100,99899,100,100035,100,99884,100
2019-06-28 09:31:50.000000000,99981,350,99946,350,99990,350,99943,350,100004,200,99942,200,100005,300,99939,100,100008,100,99938,100,100014,100,99918,100,100021,100,99906,100,100031,100,99904,100,100032,100,99899,100,100035,100,99884,100
2019-06-28 09:31:53.022701256,99981,450,99946,350,99990,350,99943,350,100004,200,99942,200,100005,300,99939,100,100008,100,99938,100,100014,100,99918,100,100021,100,99906,100,100031,100,99904,100,100032,100,99899,100,100035,100,99884,100
2019-06-28 09:32:00.000000000,99981,300,99946,200,99990,200,99943,200,100004,300,99942,300,100005,400,99939,200,100008,200,99938,200,100014,100,99918,100,100021,100,99906,100,100031,100,99904,100,100032,100,99899,100,100035,100,99884,100
2019-06-28 09:32:10.000000000,99981,450,99946,350,99990,350,99943,350,100004,200,99942,200,100005,300,99939,100,100008,100,99938,100,100014,100,99918,100,100021,100,99906,100,100031,100,99904,100,100032,100,99899,100,100035,100,99884,100
2019-06-28 09:32:20.000000000,99981,370,99946,270,99990,265,99943,265,100004,365,99942,365,100005,300,99939,100,100008,100,99938,100,100014,100,99918,100,100021,100,99906,100,100031,100,99904,100,100032,100,99899,100,100035,100,99884,100
2019-06-28 09:32:30.000000000,99981,699,99946,599,99990,100,99943,100,100004,200,99942,200,100005,300,99939,100,100008,100,99938,100,100014,100,99918,100,100021,100,99906,100,100031,100,99904,100,100032,100,99899,100,100035,100,99884,100
2019-06-28 09:32:34.873360498,99981,699,99946,599,99990,100,99943,100,100004,200,99942,200,100005,300,99939,100,100008,100,99938,100,100014,100,99918,100,100021,100,99906,100,100031,100,99904,100,100032,100,99899,100,100035,100,99884,100
2019-06-28 09:32:40.000000000,99981,699,99946,599,99990,100,99943,100,100004,200,99942,200,100005,300,99939,100,100008,100,99938,100,100014,100,99918,100,100021,100,99906,100,100031,100,99904,100,100032,100,99899,100,100035,100,99884,100
2019-06-28 09:32:41.152034220,99981,699,99946,599,99990,100,99943,100,100004,200,99942,200,100005,300,99939,100,100008,100,99938,100,100014,100,99918,100,100021,100,99906,100,100031,100,99904,100,100032,100,99899,100,100035,100,99884,100
2019-06-28 09:32:46.682457720,99981,699,99946,599,99990,100,99943,100,100004,200,99942,200,100005,300,99939,100,100008,100,99938,100,100014,100,99918,100,100021,100,99906,100,100031,100,99904,100,100032,100,99899,100,100035,100,99884,100
2019-06-28 09:32:50.000000000,99981,370,99946,270,99990,265,99943,265,100004,365,99942,365,100005,300,99939,100,100008,100,99938,100,100014,100,99918,100,100021,100,99906,100,100031,100,99904,100,100032,100,99899,100,100035,100,99884,100
2019-06-28 09:33:00.000000000,99981,450,99946,350,99990,350,99943,350,100004,200,99942,200,100005,300,99939,100,100008,100,99938,100,100014,100,99918,100,100021,100,99906,100,100031,100,99904,100,100032,100,99899,100,100035,100,99884,100
2019-06-28 09:33:08.799473471,99981,450,99946,350,99990,350,99943,350,100004,200,99942,200,100005,300,99939,100,100008,100,99938,100,100014,100,99918,100,100021,100,99906,100,100031,100,99904,100,100032,100,99899,100,100035,100,99884,100
2019-06-28 09:33:10.000000000,99981,450,99946,350,99990,350,99943,350,100004,200,99942,200,100005,300,99939,100,100008,100,99938,100,100014,100,99918,100,100021,100,99906,100,100031,100,99904,100,100032,100,99899,100,100035,100,99884,100
2019-06-28 09:33:20.000000000,99981,450,99946,350,99990,350,99943,350,100004,200,99942,200,100005,300,99939,100,100008,100,99938,100,100014,100,99918,100,100021,100,99906,100,100031,100,99904,100,100032,100,99899,100,100035,100,99884,100
2019-06-28 09:33:20.513230429,99981,450,99946,350,99990,350,99943,350,100004,200,99942,200,100005,300,99939,100,100008,100,99938,100,100014,100,99918,100,100021,100,99906,100,100031,100,99904,100,100032,100,99899,100,100035,100,99884,100
2019-06-28 09:33:30.000000000,99981,325,99946,225,99990,225,99943,225,100004,325,99942,325,100005,425,99939,225,100008,100,99938,100,100014,100,99918,100,100021,100,99906,100,100031,100,99904,100,100032,100,99899,100,100035,100,99884,100
2019-06-28 09:33:33.479112535,99981,425,99946,225,99990,225,99943,225,100004,325,99942,325,100005,425,99939,225,100008,100,99938,100,100014,100,99918,100,100021,100,99906,100,100031,100,99904,100,100032,100,99899,100,100035,100,99884,100
2019-06-28 09:33:40.000000000,99981,425,99946,225,99990,225,99943,225,100004,325,99942,325,100005,425,99939,225,100008,100,99938,100,100014,100,99918,100,100021,100,99906,100,100031,100,99904,100,100032,100,99899,100,100035,100,99884,100
2019-06-28 09:33:50.000000000,99981,550,99946,350,99990,350,99943,350,100004,200,99942,200,100005,300,99939,100,100008,100,99938,100,100014,100,99918,100,100021,100,99906,100,100031,100,99904,100,100032,100,99899,100,100035,100,99884,100
2019-06-28 09:34:00.000000000,99981,425,99946,225,99990,225,99943,225,100004,325,99942,325,100005,425,99939,225,100008,100,99938,100,100014,100,99918,100,100021,100,99906,100,100031,100,99904,100,100032,100,99899,100,100035,100,99884,100
2019-06-28 09:34:10.000000000,99981,400,99946,200,99990,200,99943,200,100004,300,99942,300,100005,400,99939,200,100008,200,99938,200,100014,100,99918,100,100021,100,99906,100,100031,100,99904,100,100032,100,99899,100,100035,100,99884,100
2019-06-28 09:34:20.000000000,99981,470,99946,270,99990,265,99943,265,100004,365,99942,365,100005,300,99939,100,100008,100,99938,100,100014,100,99918,100,100021,100,99906,100,100031,100,99904,100,100032,100,99899,100,100035,100,99884,100
2019-06-28 09:34:30.000000000,99981,400,99946,200,99990,200,99943,200,100004,300,99942,300,100005,400,99939,200,100008,200,99938,200,100014,100,99918,100,100021,100,99906,100,100031,100,99904,100,100032,100,99899,100,100035,100,99884,100
2019-06-28 09:34:39.359136269,99981,500,99946,200,99990,200,99943,200,100004,300,99942,200,100005,400,99939,200,100008,200,99938,200,100014,100,99918,100,100021,100,99906,100,100031,100,99904,100,100032,100,99899,100,100035,100,99884,100
2019-06-28 09:34:40.000000000,99981,899,99946,599,99990,100,99943,100,100004,200,99942,100,100005,300,99939,100,100008,100,99938,100,100014,100,99918,100,100021,100,99906,100,100031,100,99904,100,100032,100,99899,100,100035,100,99884,100
2019-06-28 09:34:42.176761662,99981,899,99946,599,99990,100,99943,100,100004,100,99942,100,100005,300,99939,100,100008,100,99938,100,100014,100,99918,100,100021,100,99906,100,100031,100,99904,100,100032,100,99899,100,100035,100,99884,100
2019-06-28 09:34:50.000000000,99981,899,99946,599,99990,100,99943,100,100004,100,99942,100,100005,300,99939,100,100008,100,99938,100,100014,100,99918,100,100021,100,99906,100,100031,100,99904,100,100032,100,99899,100,100035,100,99884,100
2019-06-28 09:34:52.075736791,99981,899,99946,599,99990,100,99943,100,100004,100,99942,100,100005,300,99939,100,100008,100,99938,100,100014,100,99918,100,100021,100,99906,100,100031,100,99904,100,100032,100,99899,100,100035,100,99884,100
2019-06-28 09:35:00.000000000,99981,570,99946,270,99990,265,99943,265,100004,265,99942,265,100005,300,99939,100,100008,100,99938,100,100014,100,99918,100,100021,100,99906,100,100031,100,99904,100,100032,100,99899,100,100035,100,99884,100
2019-06-28 09:35:00.816836602,99981,670,99946,270,99990,265,99943,265,100004,265,99942,265,100005,300,99939,100,100008,100,99938,100,100014,100,99918,100,100021,100,99906,100,100031,100,99904,100,100032,100,99899,100,100035,100,99884,100
2019-06-28 09:35:10.000000000,99981,750,99946,350,99990,350,99943,350,100004,100,99942,100,100005,300,99939,100,100008,100,99938,100,100014,100,99918,100,100021,100,99906,100,100031,100,99904,100,100032,100,99899,100,100035,100,99884,100
2019-06-28 09:35:20.000000000,99981,625,99946,225,99990,225,99943,225,100004,225,99942,225,100005,425,99939,225,100008,100,99938,100,100014,100,99918,100,100021,100,99906,100,100031,100,99904,100,100032,100,99899,100,100035,100,99884,100
2019-06-28 09:35:26.287492301,99981,625,99946,225,99990,225,99943,225,100004,225,99942,225,100005,425,99939,225,100008,100,99938,100,100014,100,99918,100,100021,100,99906,100,100031,100,99904,100,100032,100,99899,100,100035,100,99884,100
2019-06-28 09:35:30.000000000,99981,750,99946,350,99990,350,99943,350,100004,100,99942,100,100005,300,99939,100,100008,100,99938,100,100014,100,99918,100,100021,100,99906,100,100031,100,99904,100,100032,100,99899,100,100035,100,99884,100
2019-06-28 09:35:40.000000000,99981,625,99946,225,99990,225,99943,225,100004,225,99942,225,100005,425,99939,225,100008,100,99938,100,100014,100,99918,100,100021,100,99906,100,100031,100,99904,100,100032,100,99899,100,100035,100,99884,100
2019-06-28 09:35:47.769877167,99981,625,99946,225,99990,225,99943,225,100004,225,99942,225,100005,425,99939,225,100008,100,99938,100,100014,100,99918,100,100021,100,99906,100,100031,100,99904,100,100032,100,99899,100,100035,100,99884,100
2019-06-28 09:35:50.000000000,99981,750,99946,350,99990,350,99943,350,100004,100,99942,100,100005,300,99939,100,100008,100,99938,100,100014,100,99918,100,100021,100,99906,100,100031,100,99904,100,100032,100,99899,100,100035,100,99884,100
2019-06-28 09:36:00.000000000,99981,625,99946,225,99990,225,99943,225,100004,225,99942,225,100005,425,99939,225,100008,100,99938,100,100014,100,99918,100,100021,100,99906,100,100031,100,99904,100,100032,100,99899,100,100035,100,99884,100
2019-06-28 09:36:03.710430820,99981,625,99946,225,99990,225,99943,225,100004,225,99942,225,100005,325,99939,225,100008,100,99938,100,100014,100,99918,100,100021,100,99906,100,100031,100,99904,100,100032,100,99899,100,100035,100,99884,100
2019-06-28 09:36:05.224484764,99981,625,99946,125,99990,225,99943,225,100004,225,99942,225,100005,325,99939,225,100008,100,99918,100,100014,100,99906,100,100021,100,99904,100,100031,100,99899,100,100032,100,99884,100,100035,100,99881,100
2019-06-28 09:36:10.000000000,99981,999,99943,599,99990,100,99942,100,100004,100,99939,100,100005,200,99918,100,100008,100,99906,100,100014,100,99904,100,100021,100,99899,100,100031,100,99884,100,100032,100,99881,100,100035,100,99837,100
2019-06-28 09:36:20.000000000,99981,625,99943,225,99990,225,99942,225,100004,225,99939,225,100005,325,99918,225,100008,100,99906,100,100014,100,99904,100,100021,100,99899,100,100031,100,99884,100,100032,100,99881,100,100035,100,99837,100
2019-06-28 09:36:25.653785841,99981,625,99943,225,99990,225,99942,225,100004,225,99939,225,100005,325,99918,225,100008,100,99906,100,100014,100,99904,100,100021,100,99899,100,100031,100,99884,100,100032,100,99881,100,100035,100,99837,100
2019-06-28 09:36:30.000000000,99981,750,99943,350,99990,350,99942,350,100004,100,99939,100,100005,200,99918,100,100008,100,99906,100,100014,100,99904,100,100021,100,99899,100,100031,100,99884,100,100032,100,99881,100,100035,100,99837,100
2019-06-28 09:36:40.000000000,99981,600,99943,200,99990,200,99942,200,100004,200,99939,200,100005,300,99918,200,100008,200,99906,200,100014,100,99904,100,100021,100,99899,100,100031,100,99884,100,100032,100,99881,100,100035,100,99837,100
2019-06-28 09:36:42.941366518,99981,600,99943,200,99990,200,99942,200,100004,200,99939,200,100005,300,99918,200,100008,200,99906,200,100014,100,99904,100,100021,100,99899,100,100031,100,99884,100,100032,100,99881,100,100035,100,99837,100
2019-06-28 09:36:47.706282662,99981,600,99943,200,99990,200,99942,200,100004,100,99939,200,100005,300,99918,200,100008,200,99906,200,100014,100,99904,100,100021,100,99899,100,100031,100,99884,100,100032,100,99881,100,100035,100,99837,100
2019-06-28 09:36:50.000000000,99981,600,99943,200,99990,200,99942,200,100005,300,99939,200,100008,200,99918,200,100014,200,99906,200,100021,100,99904,100,100031,100,99899,100,100032,100,99884,100,100035,100,99881,100,100037,100,99837,100
2019-06-28 09:37:00.000000000,99981,999,99943,599,99990,100,99942,100,100005,200,99939,100,100008,100,99918,100,100014,100,99906,100,100021,100,99904,100,100031,100,99899,100,100032,100,99884,100,100035,100,99881,100,100037,100,99837,100
2019-06-28 09:37:04.278064405,99981,899,99943,599,99990,100,99942,100,100005,200,99939,100,100008,100,99918,100,100014,100,99906,100,100021,100,99904,100,100031,100,99899,100,100032,100,99884,100,100035,100,99881,100,100037,100,99837,100
2019-06-28 09:37:10.000000000,99981,570,99943,270,99990,265,99942,265,100005,365,99939,265,100008,100,99918,100,100014,100,99906,100,100021,100,99904,100,100031,100,99899,100,100032,100,99884,100,100035,100,99881,100,100037,100,99837,100
2019-06-28 09:37:17.886653060,99981,570,99943,270,99990,265,99942,265,100005,365,99939,265,100008,100,99918,100,100014,100,99906,100,100021,100,99904,100,100032,100,99899,100,100035,100,99884,100,100037,100,99881,100,100040,100,99837,100
2019-06-28 09:37:18.056471071,99981,570,99947,100,99990,265,99943,270,100005,365,99942,265,100008,100,99939,265,100014,100,99918,100,100021,100,99906,100,100032,100,99904,100,100035,100,99899,100,100037,100,99884,100,100040,100,99881,100
2019-06-28 09:37:20.000000000,99981,525,99947,225,99990,225,99943,225,100005,325,99942,225,100008,225,99939,225,100014,100,99918,100,100021,100,99906,100,100032,100,99904,100,100035,100,99899,100,100037,100,99884,100,100040,100,99881,100
2019-06-28 09:37:30.000000000,99981,570,99947,270,99990,265,99943,265,100005,365,99942,265,100008,100,99939,100,100014,100,99918,100,100021,100,99906,100,100032,100,99904,100,100035,100,99899,100,100037,100,99884,100,100040,100,99881,100
2019-06-28 09:37:40.000000000,99981,899,99947,599,99990,100,99943,100,100005,200,99942,100,100008,100,99939,100,100014,100,99918,100,100021,100,99906,100,100032,100,99904,100,100035,100,99899,100,100037,100,99884,100,100040,100,99881,100
2019-06-28 09:37:42.308836384,99981,899,99947,599,99990,100,99943,100,100005,200,99942,100,100008,100,99939,100,100014,100,99918,100,100021,100,99906,100,100032,100,99904,100,100035,100,99899,100,100037,100,99884,100,100040,100,99881,100
2019-06-28 09:37:50.000000000,99981,500,99947,200,99990,200,99943,200,100005,300,99942,200,100008,200,99939,200,100014,200,99918,200,100021,100,99906,100,100032,100,99904,100,100035,100,99899,100,100037,100,99884,100,100040,100,99881,100
2019-06-28 09:38:00.000000000,99981,570,99947,270,99990,265,99943,265,100005,365,99942,265,100008,100,99939,100,100014,100,99918,100,100021,100,99906,100,100032,100,99904,100,100035,100,99899,100,100037,100,99884,100,100040,100,99881,100
2019-06-28 09:38:10.000000000,99981,500,99947,200,99990,200,99943,200,100005,300,99942,200,100008,200,99939,200,100014,200,99918,200,100021,100,99906,100,100032,100,99904,100,100035,100,99899,100,100037,100,99884,100,100040,100,99881,100
2019-06-28 09:38:20.000000000,99981,525,99947,225,99990,225,99943,225,100005,325,99942,225,100008,225,99939,225,100014,100,99918,100,100021,100,99906,100,100032,100,99904,100,100035,100,99899,100,100037,100,99884,100,100040,100,99881,100
2019-06-28 09:38:28.317100364,99981,525,99947,225,99990,225,99943,225,99991,100,99942,225,100005,325,99939,225,100008,225,99918,100,100014,100,99906,100,100021,100,99904,100,100032,100,99899,100,100035,100,99884,100,100037,100,99881,100
2019-06-28 09:38:30.000000000,99981,500,99947,200,99990,200,99943,200,99991,200,99942,200,100005,300,99939,200,100008,200,99918,200,100014,100,99906,100,100021,100,99904,100,100032,100,99899,100,100035,100,99884,100,100037,100,99881,100
2019-06-28 09:38:40.000000000,99981,570,99947,270,99990,265,99943,265,99991,265,99942,265,100005,200,99939,100,100008,100,99918,100,100014,100,99906,100,100021,100,99904,100,100032,100,99899,100,100035,100,99884,100,100037,100,99881,100
2019-06-28 09:38:45.238094017,99981,570,99947,270,99990,265,99943,265,99991,265,99942,265,100005,200,99939,100,100008,100,99918,100,100014,100,99906,100,100021,100,99904,100,100032,100,99899,100,100035,100,99884,100,100037,100,99881,100
2019-06-28 09:38:50.000000000,99981,500,99947,200,99990,200,99943,200,99991,200,99942,200,100005,300,99939,200,100008,200,99918,200,100014,100,99906,100,100021,100,99904,100,100032,100,99899,100,100035,100,99884,100,100037,100,99881,100
2019-06-28 09:39:00.000000000,99981,500,99947,200,99990,200,99943,200,99991,200,99942,200,100005,300,99939,200,100008,200,99918,200,100014,100,99906,100,100021,100,99904,100,100032,100,99899,100,100035,100,99884,100,100037,100,99881,100
2019-06-28 09:39:10.000000000,99981,570,99947,270,99990,265,99943,265,99991,265,99942,265,100005,200,99939,100,100008,100,99918,100,100014,100,99906,100,100021,100,99904,100,100032,100,99899,100,100035,100,99884,100,100037,100,99881,100
2019-06-28 09:39:15.210564172,99981,570,99947,170,99990,265,99943,265,99991,265,99942,265,100005,200,99939,100,100008,100,99918,100,100014,100,99906,100,100021,100,99904,100,100035,100,99899,100,100037,100,99884,100,100040,100,99881,100
2019-06-28 09:39:15.439610978,99980,100,99947,170,99981,570,99943,265,99990,265,99942,265,99991,265,99939,100,100005,200,99918,100,100008,100,99906,100,100014,100,99904,100,100021,100,99899,100,100035,100,99884,100,100037,100,99881,100
2019-06-28 09:39:20.000000000,99980,599,99943,599,99981,400,99942,100,99990,100,99939,100,99991,100,99918,100,100005,200,99906,100,100008,100,99904,100,100014,100,99899,100,100021,100,99884,100,100035,100,99881,100,100037,100,99837,100
2019-06-28 09:39:30.000000000,99980,599,99943,599,99981,400,99942,100,99990,100,99939,100,99991,100,99918,100,100005,200,99906,100,100008,100,99904,100,100014,100,99899,100,100021,100,99884,100,100035,100,99881,100,100037,100,99837,100
2019-06-28 09:39:40.000000000,99980,225,99943,225,99981,525,99942,225,99990,225,99939,225,99991,225,99918,225,100005,200,99906,100,100008,100,99904,100,100014,100,99899,100,100021,100,99884,100,100035,100,99881,100,100037,100,99837,100
2019-06-28 09:39:42.961925821,99980,225,99943,225,99981,525,99942,225,99990,225,99939,225,99991,225,99918,225,100005,200,99906,100,100008,100,99904,100,100014,100,99899,100,100021,100,99884,100,100035,100,99881,100,100037,100,99837,100
2019-06-28 09:39:50.000000000,99980,350,99943,350,99981,650,99942,350,99990,100,99939,100,99991,100,99918,100,100005,200,99906,100,100008,100,99904,100,100014,100,99899,100,100021,100,99884,100,100035,100,99881,100,100037,100,99837,100
2019-06-28 09:39:58.171065508,99980,350,99943,250,99981,650,99942,350,99990,100,99939,100,99991,100,99918,100,100005,200,99906,100,100008,100,99904,100,100014,100,99899,100,100021,100,99884,100,100035,100,99881,100,100037,100,99837,100
2019-06-28 09:40:00.000000000,99980,599,99942,599,99981,400,99939,100,99990,100,99918,100,99991,100,99906,100,100005,200,99904,100,100008,100,99899,100,100014,100,99884,100,100021,100,99881,100,100035,100,99837,100,100037,100,99808,100
2019-06-28 09:40:10.000000000,99980,350,99942,350,99981,650,99939,350,99990,100,99918,100,99991,100,99906,100,100005,200,99904,100,100008,100,99899,100,100014,100,99884,100,100021,100,99881,100,100035,100,99837,100,100037,100,99808,100
2019-06-28 09:40:20.000000000,99980,350,99942,350,99981,650,99939,350,99990,100,99918,100,99991,100,99906,100,100005,200,99904,100,100008,100,99899,100,100014,100,99884,100,100021,100,99881,100,100035,100,99837,100,100037,100,99808,100
2019-06-28 09:40:30.000000000,99980,270,99942,270,99981,565,99939,265,99990,265,99918,265,99991,100,99906,100,100005,200,99904,100,100008,100,99899,100,100014,100,99884,100,100021,100,99881,100,100035,100,99837,100,100037,100,99808,100
2019-06-28 09:40:34.481850864,99980,270,99942,270,99981,565,99939,265,99990,265,99918,265,99991,100,99906,100,100005,200,99904,100,100008,100,99899,100,100014,100,99884,100,100021,100,99881,100,100035,100,99837,100,100037,100,99808,100
2019-06-28 09:40:40.000000000,99980,200,99942,200,99981,500,99939,200,99990,200,99918,200,99991,200,99906,200,100005,300,99904,200,100008,100,99899,100,100014,100,99884,100,100021,100,99881,100,100035,100,99837,100,100037,100,99808,100
2019-06-28 09:40:47.754143090,99947,100,99942,200,99980,200,99939,200,99981,500,99918,200,99990,200,99906,200,99991,200,99904,200,100005,300,99899,100,100008,100,99884,100,100014,100,99881,100,100021,100,99837,100,100035,100,99808,100
2019-06-28 09:40:50.000000000,99947,599,99942,599,99980,100,99939,100,99981,400,99918,100,99990,100,99906,100,99991,100,99904,100,100005,200,99899,100,100008,100,99884,100,100014,100,99881,100,100021,100,99837,100,100035,100,99808,100
2019-06-28 09:41:00.000000000,99947,270,99942,270,99980,265,99939,265,99981,565,99918,265,99990,100,99906,100,99991,100,99904,100,100005,200,99899,100,100008,100,99884,100,100014,100,99881,100,100021,100,99837,100,100035,100,99808,100
2019-06-28 09:41:01.899660210,99947,270,99942,170,99980,265,99939,265,99981,565,99918,265,99990,100,99906,100,99991,100,99904,100,100005,200,99899,100,100008,100,99884,100,100014,100,99881,100,100021,100,99837,100,100035,100,99808,100
2019-06-28 09:41:10.000000000,99947,270,99939,270,99980,265,99918,265,99981,565,99906,265,99990,100,99904,100,99991,100,99899,100,100005,200,99884,100,100008,100,99881,100,100014,100,99837,100,100021,100,99808,100,100035,100,99782,100
2019-06-28 09:41:14.172301011,99947,270,99939,170,99980,265,99918,265,99981,565,99906,265,99990,100,99904,100,99991,100,99899,100,100005,200,99884,100,100008,100,99881,100,100014,100,99837,100,100021,100,99808,100,100035,100,99782,100
2019-06-28 09:41:20.000000000,99947,200,99918,200,99980,200,99906,200,99981,500,99904,200,99990,200,99899,200,99991,200,99884,200,100005,200,99881,100,100008,100,99837,100,100014,100,99808,100,100021,100,99782,100,100035,100,99643,100
2019-06-28 09:41:30.000000000,99947,270,99918,270,99980,265,99906,265,99981,565,99904,265,99990,100,99899,100,99991,100,99884,100,100005,200,99881,100,100008,100,99837,100,100014,100,99808,100,100021,100,99782,100,100035,100,99643,100
2019-06-28 09:41:40.000000000,99947,599,99918,599,99980,100,99906,100,99981,400,99904,100,99990,100,99899,100,99991,100,99884,100,100005,200,99881,100,100008,100,99837,100,100014,100,99808,100,100021,100,99782,100,100035,100,99643,100
2019-06-28 09:41:50.000000000,99947,350,99918,350,99980,350,99906,350,99981,400,99904,100,99990,100,99899,100,99991,100,99884,100,100005,200,99881,100,100008,100,99837,100,100014,100,99808,100,100021,100,99782,100,100035,100,99643,100
2019-06-28 09:41:54.375257303,99947,350,99918,350,99980,350,99906,350,99981,400,99904,100,99990,100,99899,100,99991,100,99884,100,100005,100,99881,100,100008,100,99837,100,100014,100,99808,100,100021,100,99782,100,100035,100,99643,100
2019-06-28 09:42:00.000000000,99947,350,99918,350,99980,350,99906,350,99981,400,99904,100,99990,100,99899,100,99991,100,99884,100,100005,100,99881,100,100008,100,99837,100,100014,100,99808,100,100021,100,99782,100,100035,100,99643,100
2019-06-28 09:42:07.156864636,99947,350,99918,350,99980,350,99906,350,99981,400,99904,100,99990,100,99899,100,99991,100,99884,100,100005,100,99881,100,100008,100,99837,100,100014,100,99808,100,100021,100,99782,100,100035,100,99643,100
2019-06-28 09:42:09.986050510,99947,350,99918,350,99980,350,99906,350,99981,400,99904,100,99990,100,99899,100,99991,100,99884,100,100005,100,99881,100,100008,100,99837,100,100014,100,99808,100,100021,100,99782,100,100035,100,99643,100
2019-06-28 09:42:10.000000000,99947,270,99918,270,99980,265,99906,265,99981,565,99904,265,99990,100,99899,100,99991,100,99884,100,100005,100,99881,100,100008,100,99837,100,100014,100,99808,100,100021,100,99782,100,100035,100,99643,100
2019-06-28 09:42:20.000000000,99947,350,99918,350,99980,350,99906,350,99981,400,99904,100,99990,100,99899,100,99991,100,99884,100,100005,100,99881,100,100008,100,99837,100,100014,100,99808,100,100021,100,99782,100,100035,100,99643,100
2019-06-28 09:42:30.000000000,99947,599,99918,599,99980,100,99906,100,99981,400,99904,100,99990,100,99899,100,99991,100,99884,100,100005,100,99881,100,100008,100,99837,100,100014,100,99808,100,100021,100,99782,100,100035,100,99643,100
2019-06-28 09:42:40.000000000,99947,200,99918,200,99980,200,99906,200,99981,500,99904,200,99990,200,99899,200,99991,200,99884,200,100005,100,99881,100,100008,100,99837,100,100014,100,99808,100,100021,100,99782,100,100035,100,99643,100
2019-06-28 09:42:50.000000000,99947,270,99918,270,99980,265,99906,265,99981,565,99904,265,99990,100,99899,100,99991,100,99884,100,100005,100,99881,100,100008,100,99837,100,100014,100,99808,100,100021,100,99782,100,100035,100,99643,100
2019-06-28 09:42:53.969752009,99947,270,99918,170,99980,265,99906,265,99981,565,99904,265,99990,100,99899,100,99991,100,99884,100,100005,100,99881,100,100008,100,99837,100,100014,100,99808,100,100021,100,99782,100,100035,100,99643,100
2019-06-28 09:42:55.529328191,99947,270,99918,70,99980,265,99906,265,99981,565,99904,265,99990,100,99899,100,99991,100,99884,100,100005,100,99881,100,100008,100,99837,100,100014,100,99808,100,100035,100,99782,100,100037,100,99643,100
2019-06-28 09:43:00.000000000,99947,200,99906,200,99980,200,99904,200,99981,500,99899,200,99990,200,99884,200,99991,200,99881,200,100005,100,99837,100,100008,100,99808,100,100014,100,99782,100,100035,100,99643,100,100037,100,99608,200
2019-06-28 09:43:10.000000000,99947,225,99906,225,99980,225,99904,225,99981,525,99899,225,99990,225,99884,225,99991,100,99881,100,100005,100,99837,100,100008,100,99808,100,100014,100,99782,100,100035,100,99643,100,100037,100,99608,200
2019-06-28 09:43:17.562842051,99947,225,99906,125,99980,225,99904,225,99981,525,99899,225,99990,225,99884,225,100005,100,99881,100,100008,100,99837,100,100014,100,99808,100,100035,100,99782,100,100037,100,99643,100,100063,100,99608,200
2019-06-28 09:43:20.000000000,99947,225,99904,225,99980,225,99899,225,99981,525,99884,225,99990,225,99881,225,100005,100,99837,100,100008,100,99808,100,100014,100,99782,100,100035,100,99643,100,100037,100,99608,200,100063,100,99596,100
2019-06-28 09:43:21.366596020,99947,225,99904,225,99980,225,99899,225,99981,525,99884,225,99990,225,99881,225,100005,100,99837,100,100008,100,99808,100,100014,100,99782,100,100035,100,99780,100,100037,100,99643,100,100063,100,99608,200
2019-06-28 09:43:30.000000000,99947,270,99904,270,99980,265,99899,265,99981,565,99884,265,99990,100,99881,100,100005,100,99837,100,100008,100,99808,100,100014,100,99782,100,100035,100,99780,100,100037,100,99643,100,100063,100,99608,200
2019-06-28 09:43:31.647511381,99947,270,99904,170,99980,265,99899,265,99981,565,99884,265,99990,100,99881,100,100005,100,99837,100,100008,100,99808,100,100014,100,99782,100,100035,100,99780,100,100037,100,99643,100,100063,100,99608,200
2019-06-28 09:43:40.000000000,99947,200,99899,200,99980,200,99884,200,99981,500,99881,200,99990,200,99837,200,100005,200,99808,200,100008,100,99782,100,100014,100,99780,100,100035,100,99643,100,100037,100,99608,200,100063,100,99596,100
2019-06-28 09:43:50.000000000,99947,350,99899,350,99980,350,99884,350,99981,400,99881,100,99990,100,99837,100,100005,100,99808,100,100008,100,99782,100,100014,100,99780,100,100035,100,99643,100,100037,100,99608,200,100063,100,99596,100
2019-06-28 09:43:59.758915653,99947,350,99899,350,99958,100,99884,350,99980,350,99881,100,99981,400,99837,100,99990,100,99808,100,100005,100,99782,100,100008,100,99780,100,100014,100,99643,100,100035,100,99608,200,100037,100,99596,100
2019-06-28 09:44:00.000000000,99947,270,99899,270,99958,265,99884,265,99980,265,99881,265,99981,400,99837,100,99990,100,99808,100,100005,100,99782,100,100008,100,99780,100,100014,100,99643,100,100035,100,99608,200,100037,100,99596,100
2019-06-28 09:44:10.000000000,99947,599,99899,599,99958,100,99884,100,99980,100,99881,100,99981,400,99837,100,99990,100,99808,100,100005,100,99782,100,100008,100,99780,100,100014,100,99643,100,100035,100,99608,200,100037,100,99596,100
2019-06-28 09:44:20.000000000,99947,350,99899,350,99958,350,99884,350,99980,100,99881,100,99981,400,99837,100,99990,100,99808,100,100005,100,99782,100,100008,100,99780,100,100014,100,99643,100,100035,100,99608,200,100037,100,99596,100
2019-06-28 09:44:24.547587216,99947,350,99899,250,99958,350,99884,350,99980,100,99881,100,99981,400,99837,100,99990,100,99808,100,100005,100,99780,100,100008,100,99643,100,100014,100,99608,200,100035,100,99596,100,100037,100,99578,100
2019-06-28 09:44:30.000000000,99947,200,99884,200,99958,200,99881,200,99980,200,99837,200,99981,500,99808,200,99990,200,99780,200,100005,100,99643,100,100008,100,99608,200,100014,100,99596,100,100035,100,99578,100,100037,100,99485,100
2019-06-28 09:44:40.000000000,99947,599,99884,599,99958,100,99881,100,99980,100,99837,100,99981,400,99808,100,99990,100,99780,100,100005,100,99643,100,100008,100,99608,200,100014,100,99596,100,100035,100,99578,100,100037,100,99485,100
2019-06-28 09:44:50.000000000,99947,350,99884,350,99958,350,99881,350,99980,100,99837,100,99981,400,99808,100,99990,100,99780,100,100005,100,99643,100,100008,100,99608,200,100014,100,99596,100,100035,100,99578,100,100037,100,99485,100
2019-06-28 09:44:53.225991497,99947,350,99884,350,99958,350,99881,350,99980,100,99837,100,99981,400,99808,100,99990,100,99780,100,100005,100,99643,100,100008,100,99608,200,100014,100,99596,100,100035,100,99578,100,100037,100,99485,100
2019-06-28 09:45:00.000000000,99947,350,99884,350,99958,350,99881,350,99980,100,99837,100,99981,400,99808,100,99990,100,99780,100,100005,100,99643,100,100008,100,99608,200,100014,100,99596,100,100035,100,99578,100,100037,100,99485,100
2019-06-28 09:45:10.000000000,99947,270,99884,270,99958,265,99881,265,99980,265,99837,265,99981,400,99808,100,99990,100,99780,100,100005,100,99643,100,100008,100,99608,200,100014,100,99596,100,100035,100,99578,100,100037,100,99485,100
2019-06-28 09:45:13.785025684,99904,100,99884,270,99947,170,99881,265,99958,265,99837,265,99980,265,99808,100,99981,400,99780,100,99990,100,99643,100,100005,100,99608,200,100008,100,99596,100,100014,100,99578,100,100035,100,99485,100
2019-06-28 09:45:20.000000000,99904,200,99884,200,99958,200,99881,200,99980,200,99837,200,99981,500,99808,200,99990,200,99780,200,100005,100,99643,100,100008,100,99608,200,100014,100,99596,100,100035,100,99578,100,100037,100,99485,100
2019-06-28 09:45:22.010438191,99904,200,99884,200,99958,200,99881,200,99980,200,99837,200,99981,400,99808,200,99990,200,99780,200,100005,100,99643,100,100008,100,99608,200,100014,100,99596,100,100035,100,99578,100,100037,100,99485,100
2019-06-28 09:45:22.425057399,99904,200,99884,200,99958,200,99881,200,99980,200,99837,200,99981,400,99808,200,99990,200,99780,200,100008,100,99643,100,100014,100,99608,200,100035,100,99596,100,100037,100,99578,100,100063,100,99485,100
2019-06-28 09:45:30.000000000,99904,270,99884,270,99958,265,99881,265,99980,265,99837,265,99981,300,99808,100,99990,100,99780,100,100008,100,99643,100,100014,100,99608,200,100035,100,99596,100,100037,100,99578,100,100063,100,99485,100
2019-06-28 09:45:36.775465837,99904,270,99884,270,99958,265,99881,265,99980,265,99837,265,99981,300,99808,100,99990,100,99780,100,100008,100,99643,100,100014,100,99608,100,100035,100,99596,100,100037,100,99578,100,100063,100,99485,100
2019-06-28 09:45:40.000000000,99904,270,99884,270,99958,265,99881,265,99980,265,99837,265,99981,300,99808,100,99990,100,99780,100,100008,100,99643,100,100014,100,99608,100,100035,100,99596,100,100037,100,99578,100,100063,100,99485,100
2019-06-28 09:45:50.000000000,99904,200,99884,200,99958,200,99881,200,99980,200,99837,200,99981,400,99808,200,99990,200,99780,200,100008,100,99643,100,100014,100,99608,100,100035,100,99596,100,100037,100,99578,100,100063,100,99485,100
2019-06-28 09:46:00.000000000,99904,225,99884,225,99958,225,99881,225,99980,225,99837,225,99981,425,99808,225,99990,100,99780,100,100008,100,99643,100,100014,100,99608,100,100035,100,99596,100,100037,100,99578,100,100063,100,99485,100
2019-06-28 09:46:08.280470702,99904,225,99884,225,99958,225,99881,225,99980,225,99837,225,99981,425,99808,225,99990,100,99780,100,100008,100,99643,100,100014,100,99608,100,100035,100,99596,100,100037,100,99578,100,100067,100,99485,100
2019-06-28 09:46:10.000000000,99904,350,99884,350,99958,350,99881,350,99980,100,99837,100,99981,300,99808,100,99990,100,99780,100,100008,100,99643,100,100014,100,99608,100,100035,100,99596,100,100037,100,99578,100,100067,100,99485,100
2019-06-28 09:46:12.253215445,99904,350,99884,250,99958,350,99881,350,99980,100,99837,100,99981,300,99808,100,99990,100,99780,100,100008,100,99643,100,100014,100,99608,100,100035,100,99596,100,100037,100,99578,100,100067,100,99485,100
2019-06-28 09:46:20.000000000,99904,200,99881,200,99958,200,99837,200,99980,200,99808,200,99981,400,99780,200,99990,200,99643,200,100008,100,99608,100,100014,100,99596,100,100035,100,99578,100,100037,100,99485,100,100067,100,99472,100
2019-06-28 09:46:30.000000000,99904,599,99881,599,99958,100,99837,100,99980,100,99808,100,99981,300,99780,100,99990,100,99643,100,100008,100,99608,100,100014,100,99596,100,100035,100,99578,100,100037,100,99485,100,100067,100,99472,100
2019-06-28 09:46:40.000000000,99904,350,99881,350,99958,350,99837,350,99980,100,99808,100,99981,300,99780,100,99990,100,99643,100,100008,100,99608,100,100014,100,99596,100,100035,100,99578,100,100037,100,99485,100,100067,100,99472,100
2019-06-28 09:46:50.000000000,99904,270,99881,270,99958,265,99837,265,99980,265,99808,265,99981,300,99780,100,99990,100,99643,100,100008,100,99608,100,100014,100,99596,100,100035,100,99578,100,100037,100,99485,100,100067,100,99472,100
2019-06-28 09:47:00.000000000,99904,225,99881,225,99958,225,99837,225,99980,225,99808,225,99981,425,99780,225,99990,100,99643,100,100008,100,99608,100,100014,100,99596,100,100035,100,99578,100,100037,100,99485,100,100067,100,99472,100
2019-06-28 09:47:06.909266304,99904,225,99881,225,99958,225,99837,225,99980,225,99808,225,99981,425,99780,225,99990,100,99643,100,100008,100,99608,100,100014,100,99596,100,100035,100,99578,100,100037,100,99485,100,100067,100,99472,100
2019-06-28 09:47:10.000000000,99904,599,99881,599,99958,100,99837,100,99980,100,99808,100,99981,300,99780,100,99990,100,99643,100,100008,100,99608,100,100014,100,99596,100,100035,100,99578,100,100037,100,99485,100,100067,100,99472,100
2019-06-28 09:47:20.000000000,99904,350,99881,350,99958,350,99837,350,99980,100,99808,100,99981,300,99780,100,99990,100,99643,100,100008,100,99608,100,100014,100,99596,100,100035,100,99578,100,100037,100,99485,100,100067,100,99472,100
2019-06-28 09:47:30.000000000,99904,350,99881,350,99958,350,99837,350,99980,100,99808,100,99981,300,99780,100,99990,100,99643,100,100008,100,99608,100,100014,100,99596,100,100035,100,99578,100,100037,100,99485,100,100067,100,99472,100
2019-06-28 09:47:39.608140266,99904,350,99881,250,99958,350,99837,350,99980,100,99808,100,99981,300,99780,100,99990,100,99643,100,100008,100,99608,100,100014,100,99596,100,100035,100,99578,100,100037,100,99485,100,100067,100,99472,100
2019-06-28 09:47:40.000000000,99904,350,99837,350,99958,350,99808,350,99980,100,99780,100,99981,300,99643,100,99990,100,99608,100,100008,100,99596,100,100014,100,99578,100,100035,100,99485,100,100037,100,99472,100,100067,100,99388,100
2019-06-28 09:47:43.189562130,99904,350,99837,250,99958,350,99808,350,99980,100,99780,100,99981,300,99643,100,99990,100,99608,100,100008,100,99596,100,100035,100,99578,100,100037,100,99485,100,100067,100,99472,100,100070,100,99388,100
2019-06-28 09:47:43.798374914,99904,350,99837,150,99958,350,99808,350,99980,100,99780,100,99981,300,99643,100,99990,100,99608,100,100008,100,99596,100,100035,100,99578,100,100037,100,99485,100,100067,100,99472,100,100070,100,99387,100
2019-06-28 09:47:50.000000000,99904,599,99808,599,99958,100,99780,100,99980,100,99643,100,99981,300,99608,100,99990,100,99596,100,100008,100,99578,100,100035,100,99485,100,100037,100,99472,100,100067,100,99387,100,100070,100,99339,100
2019-06-28 09:47:59.855382258,99837,100,99808,599,99904,599,99780,100,99958,100,99643,100,99980,100,99608,100,99981,300,99596,100,99990,100,99578,100,100008,100,99485,100,100035,100,99472,100,100037,100,99387,100,100067,100,99339,100
2019-06-28 09:48:00.000000000,99837,225,99808,225,99904,225,99780,225,99958,225,99643,225,99980,225,99608,225,99981,300,99596,100,99990,100,99578,100,100008,100,99485,100,100035,100,99472,100,100037,100,99387,100,100067,100,99339,100
2019-06-28 09:48:10.000000000,99837,225,99808,225,99904,225,99780,225,99958,225,99643,225,99980,225,99608,225,99981,300,99596,100,99990,100,99578,100,100008,100,99485,100,100035,100,99472,100,100037,100,99387,100,100067,100,99339,100
2019-06-28 09:48:16.207895521,99837,225,99808,125,99904,225,99780,225,99958,225,99643,225,99980,225,99608,225,99981,300,99596,100,99990,100,99578,100,100008,100,99485,100,100035,100,99472,100,100037,100,99387,100,100067,100,99339,100
2019-06-28 09:48:20.000000000,99837,200,99780,200,99904,200,99643,200,99958,200,99608,200,99980,200,99596,200,99981,400,99578,200,99990,100,99485,100,100008,100,99472,100,100035,100,99387,100,100037,100,99339,100,100067,100,99301,100
2019-06-28 09:48:30.000000000,99837,270,99780,270,99904,265,99643,265,99958,265,99608,265,99980,100,99596,100,99981,300,99578,100,99990,100,99485,100,100008,100,99472,100,100035,100,99387,100,100037,100,99339,100,100067,100,99301,100
2019-06-28 09:48:31.913957193,99836,100,99780,270,99837,270,99643,265,99904,265,99608,265,99958,265,99596,100,99980,100,99578,100,99981,300,99485,100,99990,100,99472,100,100008,100,99387,100,100035,100,99339,100,100037,100,99301,100
2019-06-28 09:48:40.000000000,99836,225,99780,225,99837,225,99643,225,99904,225,99608,225,99958,225,99596,225,99980,100,99578,100,99981,300,99485,100,99990,100,99472,100,100008,100,99387,100,100035,100,99339,100,100037,100,99301,100
2019-06-28 09:48:50.000000000,99836,270,99780,270,99837,265,99643,265,99904,265,99608,265,99958,100,99596,100,99980,100,99578,100,99981,300,99485,100,99990,100,99472,100,100008,100,99387,100,100035,100,99339,100,100037,100,99301,100
2019-06-28 09:48:52.692896982,99836,270,99780,270,99837,265,99643,265,99904,265,99608,265,99958,100,99596,100,99980,100,99578,100,99981,300,99485,100,99990,100,99472,100,100008,100,99387,100,100035,100,99339,100,100037,100,99301,100
2019-06-28 09:49:00.000000000,99836,200,99780,200,99837,200,99643,200,99904,200,99608,200,99958,200,99596,200,99980,200,99578,200,99981,300,99485,100,99990,100,99472,100,100008,100,99387,100,100035,100,99339,100,100037,100,99301,100
2019-06-28 09:49:04.540085564,99836,200,99780,200,99837,200,99643,200,99904,200,99608,200,99958,200,99596,200,99980,200,99578,200,99981,300,99472,100,99990,100,99387,100,100008,100,99339,100,100035,100,99301,100,100037,100,99248,100
2019-06-28 09:49:10.000000000,99836,270,99780,270,99837,265,99643,265,99904,265,99608,265,99958,100,99596,100,99980,100,99578,100,99981,300,99472,100,99990,100,99387,100,100008,100,99339,100,100035,100,99301,100,100037,100,99248,100
2019-06-28 09:49:14.937123534,99836,270,99780,170,99837,265,99643,265,99904,265,99608,265,99958,100,99596,100,99980,100,99578,100,99981,300,99472,100,99990,100,99387,100,100008,100,99301,100,100035,100,99248,100,100037,100,99206,100
2019-06-28 09:49:20.000000000,99836,200,99643,200,99837,200,99608,200,99904,200,99596,200,99958,200,99578,200,99980,200,99472,200,99981,300,99387,100,99990,100,99301,100,100008,100,99248,100,100035,100,99206,100,100037,100,99102,100
2019-06-28 09:49:30.000000000,99836,350,99643,350,99837,350,99608,350,99904,100,99596,100,99958,100,99578,100,99980,100,99472,100,99981,300,99387,100,99990,100,99301,100,100008,100,99248,100,100035,100,99206,100,100037,100,99102,100
2019-06-28 09:49:39.410474124,99808,100,99643,350,99836,350,99608,350,99837,350,99596,100,99904,100,99578,100,99958,100,99472,100,99980,100,99387,100,99981,300,99301,100,99990,100,99248,100,100008,100,99206,100,100035,100,99102,100
2019-06-28 09:49:40.000000000,99808,350,99643,350,99836,350,99608,350,99837,100,99596,100,99904,100,99578,100,99958,100,99472,100,99980,100,99387,100,99981,300,99301,100,99990,100,99248,100,100008,100,99206,100,100035,100,99102,100
2019-06-28 09:49:50.000000000,99808,225,99643,225,99836,225,99608,225,99837,225,99596,225,99904,225,99578,225,99958,100,99472,100,99980,100,99387,100,99981,300,99301,100,99990,100,99248,100,100008,100,99206,100,100035,100,99102,100
2019-06-28 09:50:00.000000000,99808,200,99643,200,99836,200,99608,200,99837,200,99596,200,99904,200,99578,200,99958,200,99472,200,99980,100,99387,100,99981,300,99301,100,99990,100,99248,100,100008,100,99206,100,100035,100,99102,100
2019-06-28 09:50:10.000000000,99808,599,99643,599,99836,100,99608,100,99837,100,99596,100,99904,100,99578,100,99958,100,99472,100,99980,100,99387,100,99981,300,99301,100,99990,100,99248,100,100008,100,99206,100,100035,100,99102,100
2019-06-28 09:50:17.028449116,99808,599,99643,599,99836,100,99608,100,99837,100,99596,100,99904,100,99578,100,99958,100,99472,100,99980,100,99387,100,99981,300,99301,100,99990,100,99248,100,100008,100,99206,100,100035,100,99102,100
2019-06-28 09:50:20.000000000,99808,225,99643,225,99836,225,99608,225,99837,225,99596,225,99904,225,99578,225,99958,100,99472,100,99980,100,99387,100,99981,300,99301,100,99990,100,99248,100,100008,100,99206,100,100035,100,99102,100
2019-06-28 09:50:30.000000000,99808,599,99643,599,99836,100,99608,100,99837,100,99596,100,99904,100,99578,100,99958,100,99472,100,99980,100,99387,100,99981,300,99301,100,99990,100,99248,100,100008,100,99206,100,100035,100,99102,100
2019-06-28 09:50:39.927374630,99808,599,99643,599,99836,100,99608,100,99837,100,99596,100,99904,100,99578,100,99958,100,99472,100,99980,100,99387,100,99981,300,99301,100,99990,100,99248,100,100008,100,99206,100,100035,100,99102,100
2019-06-28 09:50:40.000000000,99808,225,99643,225,99836,225,99608,225,99837,225,99596,225,99904,225,99578,225,99958,100,99472,100,99980,100,99387,100,99981,300,99301,100,99990,100,99248,100,100008,100,99206,100,100035,100,99102,100
2019-06-28 09:50:50.000000000,99808,270,99643,270,99836,265,99608,265,99837,265,99596,265,99904,100,99578,100,99958,100,99472,100,99980,100,99387,100,99981,300,99301,100,99990,100,99248,100,100008,100,99206,100,100035,100,99102,100
2019-06-28 09:50:56.484264809,99808,270,99643,170,99836,265,99608,265,99837,265,99596,265,99904,100,99578,100,99958,100,99472,100,99980,100,99387,100,99981,300,99301,100,99990,100,99248,100,100008,100,99206,100,100035,100,99102,100
2019-06-28 09:51:00.000000000,99808,350,99608,350,99836,350,99596,350,99837,100,99578,100,99904,100,99472,100,99958,100,99387,100,99980,100,99301,100,99981,300,99248,100,99990,100,99206,100,100008,100,99102,100,100035,100,99071,100
2019-06-28 09:51:05.145336097,99808,350,99608,350,99836,350,99596,350,99837,100,99578,100,99904,100,99472,100,99958,100,99387,100,99980,100,99301,100,99981,300,99248,100,99990,100,99206,100,100008,100,99102,100,100035,100,99071,100
2019-06-28 09:51:10.000000000,99808,200,99608,200,99836,200,99596,200,99837,200,99578,200,99904,200,99472,200,99958,200,99387,200,99980,100,99301,100,99981,300,99248,100,99990,100,99206,100,100008,100,99102,100,100035,100,99071,100
2019-06-28 09:51:15.978721078,99808,200,99608,200,99836,200,99596,200,99837,200,99578,200,99904,200,99472,200,99958,200,99387,200,99980,100,99331,100,99981,300,99301,100,99990,100,99248,100,100008,100,99206,100,100035,100,99102,100
2019-06-28 09:51:20.000000000,99808,350,99608,350,99836,350,99596,350,99837,100,99578,100,99904,100,99472,100,99958,100,99387,100,99980,100,99331,100,99981,300,99301,100,99990,100,99248,100,100008,100,99206,100,100035,100,99102,100
2019-06-28 09:51:29.243348131,99808,350,99608,350,99836,350,99596,350,99837,100,99578,100,99904,100,99472,100,99958,100,99387,100,99980,100,99331,100,99981,300,99301,100,99990,100,99248,100,100008,100,99206,100,100035,100,99102,100
2019-06-28 09:51:29.611772971,99808,350,99608,350,99836,350,99596,350,99837,100,99578,100,99904,100,99472,100,99958,100,99387,100,99980,100,99331,100,99981,300,99301,100,99990,100,99248,100,100008,100,99206,100,100035,100,99102,100
2019-06-28 09:51:30.000000000,99808,225,99608,225,99836,225,99596,225,99837,225,99578,225,99904,225,99472,225,99958,100,99387,100,99980,100,99331,100,99981,300,99301,100,99990,100,99248,100,100008,100,99206,100,100035,100,99102,100
2019-06-28 09:51:30.822450697,99808,225,99608,225,99836,225,99596,225,99837,225,99578,225,99904,125,99472,225,99958,100,99387,100,99980,100,99331,100,99981,300,99301,100,99990,100,99248,100,100008,100,99206,100,100035,100,99102,100
2019-06-28 09:51:32.913258412,99808,225,99608,125,99836,225,99596,225,99837,225,99578,225,99904,125,99472,225,99958,100,99387,100,99980,100,99331,100,99981,300,99301,100,99990,100,99248,100,100008,100,99206,100,100035,100,99102,100
2019-06-28 09:51:39.117001963,99808,225,99608,125,99836,225,99596,225,99837,225,99578,225,99904,125,99472,225,99958,100,99387,100,99980,100,99331,100,99981,300,99301,100,99990,100,99248,100,100008,100,99206,100,100035,100,99107,100
2019-06-28 09:51:40.000000000,99808,599,99596,599,99836,100,99578,100,99837,100,99472,100,99958,100,99387,100,99980,100,99331,100,99981,300,99301,100,99990,100,99248,100,100008,100,99206,100,100035,100,99107,100,100037,100,99102,100
2019-06-28 09:51:50.000000000,99808,599,99596,599,99836,100,99578,100,99837,100,99472,100,99958,100,99387,100,99980,100,99331,100,99981,300,99301,100,99990,100,99248,100,100008,100,99206,100,100035,100,99107,100,100037,100,99102,100
2019-06-28 09:52:00.000000000,99808,350,99596,350,99836,350,99578,350,99837,100,99472,100,99958,100,99387,100,99980,100,99331,100,99981,300,99301,100,99990,100,99248,100,100008,100,99206,100,100035,100,99107,100,100037,100,99102,100
2019-06-28 09:52:10.000000000,99808,350,99596,350,99836,350,99578,350,99837,100,99472,100,99958,100,99387,100,99980,100,99331,100,99981,300,99301,100,99990,100,99248,100,100008,100,99206,100,100035,100,99107,100,100037,100,99102,100
2019-06-28 09:52:15.708349975,99808,350,99596,350,99836,350,99578,350,99837,100,99472,100,99958,100,99387,100,99980,100,99331,100,99981,300,99248,100,99990,100,99206,100,100008,100,99107,100,100035,100,99102,100,100037,100,99071,100
2019-06-28 09:52:20.000000000,99808,350,99596,350,99836,350,99578,350,99837,100,99472,100,99958,100,99387,100,99980,100,99331,100,99981,300,99248,100,99990,100,99206,100,100008,100,99107,100,100035,100,99102,100,100037,100,99071,100
2019-06-28 09:52:30.000000000,99808,599,99596,599,99836,100,99578,100,99837,100,99472,100,99958,100,99387,100,99980,100,99331,100,99981,300,99248,100,99990,100,99206,100,100008,100,99107,100,100035,100,99102,100,100037,100,99071,100
2019-06-28 09:52:40.000000000,99808,599,99596,599,99836,100,99578,100,99837,100,99472,100,99958,100,99387,100,99980,100,99331,100,99981,300,99248,100,99990,100,99206,100,100008,100,99107,100,100035,100,99102,100,100037,100,99071,100
2019-06-28 09:52:41.900067542,99808,599,99596,599,99836,100,99472,100,99837,100,99387,100,99958,100,99331,100,99980,100,99248,100,99981,300,99206,100,99990,100,99107,100,100008,100,99102,100,100035,100,99071,100,100037,100,99017,100
2019-06-28 09:52:50.000000000,99808,200,99596,200,99836,200,99472,200,99837,200,99387,200,99958,200,99331,200,99980,200,99248,200,99981,300,99206,100,99990,100,99107,100,100008,100,99102,100,100035,100,99071,100,100037,100,99017,100
2019-06-28 09:52:59.186299574,99808,200,99596,200,99836,200,99472,200,99837,200,99387,200,99958,200,99331,200,99980,200,99248,200,99981,300,99206,100,99990,100,99110,100,100008,100,99107,100,100035,100,99102,100,100037,100,99071,100
2019-06-28 09:53:00.000000000,99808,599,99596,599,99836,100,99472,100,99837,100,99387,100,99958,100,99331,100,99980,100,99248,100,99981,300,99206,100,99990,100,99110,100,100008,100,99107,100,100035,100,99102,100,100037,100,99071,100
2019-06-28 09:53:10.000000000,99808,599,99596,599,99836,100,99472,100,99837,100,99387,100,99958,100,99331,100,99980,100,99248,100,99981,300,99206,100,99990,100,99110,100,100008,100,99107,100,100035,100,99102,100,100037,100,99071,100
2019-06-28 09:53:20.000000000,99808,270,99596,270,99836,265,99472,265,99837,265,99387,265,99958,100,99331,100,99980,100,99248,100,99981,300,99206,100,99990,100,99110,100,100008,100,99107,100,100035,100,99102,100,100037,100,99071,100
2019-06-28 09:53:30.000000000,99808,599,99596,599,99836,100,99472,100,99837,100,99387,100,99958,100,99331,100,99980,100,99248,100,99981,300,99206,100,99990,100,99110,100,100008,100,99107,100,100035,100,99102,100,100037,100,99071,100
2019-06-28 09:53:38.944072033,99643,100,99596,599,99808,599,99472,100,99836,100,99387,100,99837,100,99331,100,99958,100,99248,100,99980,100,99206,100,99981,200,99110,100,99990,100,99107,100,100008,100,99102,100,100035,100,99071,100
2019-06-28 09:53:40.000000000,99643,225,99596,225,99808,225,99472,225,99836,225,99387,225,99837,225,99331,225,99958,100,99248,100,99980,100,99206,100,99981,200,99110,100,99990,100,99107,100,100008,100,99102,100,100035,100,99071,100
2019-06-28 09:53:41.178360172,99643,225,99596,225,99808,225,99472,225,99836,225,99387,225,99837,225,99331,225,99958,100,99248,100,99980,100,99206,100,99981,200,99179,100,99990,100,99110,100,100008,100,99107,100,100035,100,99102,100
2019-06-28 09:53:50.000000000,99643,200,99596,200,99808,200,99472,200,99836,200,99387,200,99837,200,99331,200,99958,200,99248,200,99980,100,99206,100,99981,200,99179,100,99990,100,99110,100,100008,100,99107,100,100035,100,99102,100
2019-06-28 09:54:00.000000000,99643,200,99596,200,99808,200,99472,200,99836,200,99387,200,99837,200,99331,200,99958,200,99248,200,99980,100,99206,100,99981,200,99179,100,99990,100,99110,100,100008,100,99107,100,100035,100,99102,100
2019-06-28 09:54:10.000000000,99643,350,99596,350,99808,350,99472,350,99836,100,99387,100,99837,100,99331,100,99958,100,99248,100,99980,100,99206,100,99981,200,99179,100,99990,100,99110,100,100008,100,99107,100,100035,100,99102,100
2019-06-28 09:54:17.347200167,99643,350,99596,250,99808,350,99472,350,99836,100,99387,100,99837,100,99331,100,99958,100,99248,100,99980,100,99206,100,99981,200,99179,100,99990,100,99110,100,100008,100,99107,100,100035,100,99102,100
2019-06-28 09:54:20.000000000,99643,599,99472,599,99808,100,99387,100,99836,100,99331,100,99837,100,99248,100,99958,100,99206,100,99980,100,99179,100,99981,200,99110,100,99990,100,99107,100,100008,100,99102,100,100035,100,99071,100
2019-06-28 09:54:30.000000000,99643,200,99472,200,99808,200,99387,200,99836,200,99331,200,99837,200,99248,200,99958,200,99206,200,99980,100,99179,100,99981,200,99110,100,99990,100,99107,100,100008,100,99102,100,100035,100,99071,100
2019-06-28 09:54:36.158011603,99643,200,99472,100,99808,200,99387,200,99836,200,99331,200,99837,200,99248,200,99958,200,99206,200,99980,100,99179,100,99981,200,99110,100,99990,100,99107,100,100008,100,99102,100,100035,100,99071,100
2019-06-28 09:54:36.367302500,99596,100,99472,100,99643,200,99387,200,99808,100,99331,200,99836,200,99248,200,99837,200,99206,200,99958,200,99179,100,99980,100,99110,100,99981,200,99107,100,99990,100,99102,100,100008,100,99071,100
2019-06-28 09:54:39.123073693,99596,100,99472,100,99643,200,99387,200,99808,100,99331,200,99836,200,99278,100,99837,200,99248,200,99958,200,99206,200,99980,100,99179,100,99981,200,99110,100,99990,100,99107,100,100008,100,99102,100
2019-06-28 09:54:40.000000000,99596,225,99387,225,99643,225,99331,225,99836,225,99278,225,99837,225,99248,225,99958,100,99206,100,99980,100,99179,100,99981,200,99110,100,99990,100,99107,100,100008,100,99102,100,100035,100,99071,100
2019-06-28 09:54:50.000000000,99596,200,99387,200,99643,200,99331,200,99836,200,99278,200,99837,200,99248,200,99958,200,99206,200,99980,100,99179,100,99981,200,99110,100,99990,100,99107,100,100008,100,99102,100,100035,100,99071,100
2019-06-28 09:55:00.000000000,99596,350,99387,350,99643,350,99331,350,99836,100,99278,100,99837,100,99248,100,99958,100,99206,100,99980,100,99179,100,99981,200,99110,100,99990,100,99107,100,100008,100,99102,100,100035,100,99071,100
2019-06-28 09:55:10.000000000,99596,599,99387,599,99643,100,99331,100,99836,100,99278,100,99837,100,99248,100,99958,100,99206,100,99980,100,99179,100,99981,200,99110,100,99990,100,99107,100,100008,100,99102,100,100035,100,99071,100
2019-06-28 09:55:20.000000000,99596,270,99387,270,99643,265,99331,265,99836,265,99278,265,99837,100,99248,100,99958,100,99206,100,99980,100,99179,100,99981,200,99110,100,99990,100,99107,100,100008,100,99102,100,100035,100,99071,100
2019-06-28 09:55:30.000000000,99596,270,99387,270,99643,265,99331,265,99836,265,99278,265,99837,100,99248,100,99958,100,99206,100,99980,100,99179,100,99981,200,99110,100,99990,100,99107,100,100008,100,99102,100,100035,100,99071,100
2019-06-28 09:55:31.130738663,99596,270,99387,270,99643,265,99331,265,99710,100,99278,265,99836,265,99248,100,99837,100,99206,100,99958,100,99110,100,99980,100,99107,100,99981,200,99102,100,99990,100,99071,100,100008,100,99017,100
2019-06-28 09:55:40.000000000,99596,599,99387,599,99643,100,99331,100,99710,100,99278,100,99836,100,99248,100,99837,100,99206,100,99958,100,99110,100,99980,100,99107,100,99981,200,99102,100,99990,100,99071,100,100008,100,99017,100
2019-06-28 09:55:50.000000000,99596,225,99387,225,99643,225,99331,225,99710,225,99278,225,99836,225,99248,225,99837,100,99206,100,99958,100,99110,100,99980,100,99107,100,99981,200,99102,100,99990,100,99071,100,100008,100,99017,100
2019-06-28 09:56:00.000000000,99596,350,99387,350,99643,350,99331,350,99710,100,99278,100,99836,100,99248,100,99837,100,99206,100,99958,100,99110,100,99980,100,99107,100,99981,200,99102,100,99990,100,99071,100,100008,100,99017,100
2019-06-28 09:56:10.000000000,99596,200,99387,200,99643,200,99331,200,99710,200,99278,200,99836,200,99248,200,99837,200,99206,200,99958,100,99110,100,99980,100,99107,100,99981,200,99102,100,99990,100,99071,100,100008,100,99017,100
2019-06-28 09:56:11.907724684,99596,200,99387,200,99643,200,99331,200,99710,200,99315,100,99836,200,99278,200,99837,200,99248,200,99958,100,99206,200,99980,100,99110,100,99981,200,99107,100,99990,100,99102,100,100008,100,99071,100
2019-06-28 09:56:18.812280358,99596,200,99387,100,99643,200,99331,200,99710,200,99315,100,99836,200,99278,200,99837,200,99248,200,99958,100,99206,200,99980,100,99110,100,99981,200,99107,100,99990,100,99102,100,100008,100,99071,100
2019-06-28 09:56:20.000000000,99596,350,99331,350,99643,350,99315,350,99710,100,99278,100,99836,100,99248,100,99837,100,99206,100,99958,100,99110,100,99980,100,99107,100,99981,200,99102,100,99990,100,99071,100,100008,100,99017,100
2019-06-28 09:56:26.085141380,99596,350,99473,100,99643,250,99331,350,99710,100,99315,350,99836,100,99278,100,99837,100,99248,100,99958,100,99206,100,99980,100,99110,100,99981,200,99107,100,99990,100,99102,100,100008,100,99071,100
2019-06-28 09:56:30.000000000,99596,599,99473,599,99710,100,99331,100,99836,100,99315,100,99837,100,99278,100,99958,100,99248,100,99980,100,99206,100,99981,200,99110,100,99990,100,99107,100,100008,100,99102,100,100035,100,99071,100
2019-06-28 09:56:40.000000000,99596,599,99473,599,99710,100,99331,100,99836,100,99315,100,99837,100,99278,100,99958,100,99248,100,99980,100,99206,100,99981,200,99110,100,99990,100,99107,100,100008,100,99102,100,100035,100,99071,100
2019-06-28 09:56:50.000000000,99596,225,99473,225,99710,225,99331,225,99836,225,99315,225,99837,225,99278,225,99958,100,99248,100,99980,100,99206,100,99981,200,99110,100,99990,100,99107,100,100008,100,99102,100,100035,100,99071,100
2019-06-28 09:57:00.000000000,99596,200,99473,200,99710,200,99331,200,99836,200,99315,200,99837,200,99278,200,99958,200,99248,200,99980,100,99206,100,99981,200,99110,100,99990,100,99107,100,100008,100,99102,100,100035,100,99071,100
2019-06-28 09:57:07.882027663,99596,200,99526,100,99710,200,99473,200,99836,200,99331,200,99837,200,99315,200,99958,100,99278,200,99980,100,99248,200,99981,200,99206,100,99990,100,99110,100,100008,100,99107,100,100035,100,99102,100
2019-06-28 09:57:09.530485381,99596,200,99473,200,99710,200,99331,200,99812,100,99315,200,99836,200,99278,200,99837,200,99248,200,99958,100,99206,100,99980,100,99110,100,99981,200,99107,100,99990,100,99102,100,100008,100,99071,100
2019-06-28 09:57:10.000000000,99596,225,99473,225,99710,225,99331,225,99812,225,99315,225,99836,225,99278,225,99837,100,99248,100,99980,100,99206,100,99981,200,99110,100,99990,100,99107,100,100008,100,99102,100,100035,100,99071,100
2019-06-28 09:57:11.778176958,99596,225,99587,100,99710,225,99473,225,99812,225,99331,225,99836,225,99315,225,99837,100,99278,225,99980,100,99248,100,99981,200,99206,100,99990,100,99110,100,100008,100,99107,100,100037,100,99102,100
2019-06-28 09:57:20.000000000,99596,599,99587,599,99710,100,99473,100,99812,100,99331,100,99836,100,99315,100,99837,100,99278,100,99980,100,99248,100,99981,200,99206,100,99990,100,99110,100,100008,100,99107,100,100037,100,99102,100
2019-06-28 09:57:30.000000000,99596,225,99587,225,99710,225,99473,225,99812,225,99331,225,99836,225,99315,225,99837,100,99278,100,99980,100,99248,100,99981,200,99206,100,99990,100,99110,100,100008,100,99107,100,100037,100,99102,100
2019-06-28 09:57:32.776355441,99596,225,99587,225,99710,225,99504,100,99812,225,99473,225,99836,225,99331,225,99837,100,99315,225,99980,100,99278,100,99981,200,99248,100,99990,100,99206,100,100008,100,99110,100,100037,100,99107,100
2019-06-28 09:57:40.000000000,99596,350,99587,350,99710,350,99504,350,99812,100,99473,100,99836,100,99331,100,99837,100,99315,100,99980,100,99278,100,99981,200,99248,100,99990,100,99206,100,100008,100,99110,100,100037,100,99107,100
2019-06-28 09:57:40.163644109,99596,350,99587,250,99710,350,99504,350,99812,100,99473,100,99836,100,99331,100,99837,100,99315,100,99980,100,99278,100,99981,200,99248,100,99990,100,99206,100,100008,100,99110,100,100037,100,99107,100
2019-06-28 09:57:48.162802744,99596,250,99587,250,99710,350,99504,350,99812,100,99473,100,99836,100,99331,100,99837,100,99315,100,99980,100,99278,100,99981,200,99248,100,99990,100,99206,100,100008,100,99110,100,100037,100,99107,100
2019-06-28 09:57:50.000000000,99710,599,99504,599,99812,100,99473,100,99836,100,99331,100,99837,100,99315,100,99980,100,99278,100,99981,200,99248,100,99990,100,99206,100,100008,100,99110,100,100037,100,99107,100,100067,100,99102,100
2019-06-28 09:58:00.000000000,99710,200,99504,200,99812,200,99473,200,99836,200,99331,200,99837,200,99315,200,99980,200,99278,200,99981,200,99248,100,99990,100,99206,100,100008,100,99110,100,100037,100,99107,100,100067,100,99102,100
2019-06-28 09:58:10.000000000,99710,225,99504,225,99812,225,99473,225,99836,225,99331,225,99837,225,99315,225,99980,100,99278,100,99981,200,99248,100,99990,100,99206,100,100008,100,99110,100,100037,100,99107,100,100067,100,99102,100
2019-06-28 09:58:19.108056182,99710,225,99504,225,99812,225,99473,225,99836,225,99331,225,99837,225,99315,225,99980,100,99278,100,99981,200,99248,100,99990,100,99206,100,100008,100,99110,100,100037,100,99107,100,100067,100,99102,100
2019-06-28 09:58:20.000000000,99710,350,99504,350,99812,350,99473,350,99836,100,99331,100,99837,100,99315,100,99980,100,99278,100,99981,200,99248,100,99990,100,99206,100,100008,100,99110,100,100037,100,99107,100,100067,100,99102,100
2019-06-28 09:58:21.470703729,99710,350,99504,250,99812,350,99473,350,99836,100,99331,100,99837,100,99315,100,99980,100,99278,100,99981,200,99248,100,99990,100,99206,100,100008,100,99110,100,100037,100,99107,100,100126,100,99102,100
2019-06-28 09:58:22.581837202,99710,350,99504,250,99812,350,99473,350,99836,100,99331,100,99837,100,99315,100,99980,100,99278,100,99981,200,99248,100,99990,100,99206,100,100008,100,99110,100,100037,100,99107,100,100126,100,99102,100
2019-06-28 09:58:30.000000000,99710,599,99473,599,99812,100,99331,100,99836,100,99315,100,99837,100,99278,100,99980,100,99248,100,99981,200,99206,100,99990,100,99110,100,100008,100,99107,100,100037,100,99102,100,100126,100,99071,100
2019-06-28 09:58:34.532730859,99710,599,99473,599,99812,100,99331,100,99836,100,99315,100,99837,100,99278,100,99980,100,99248,100,99981,200,99206,100,99990,100,99110,100,100008,100,99107,100,100037,100,99102,100,100126,100,99071,100
2019-06-28 09:58:40.000000000,99710,200,99473,200,99812,200,99331,200,99836,200,99315,200,99837,200,99278,200,99980,200,99248,200,99981,200,99206,100,99990,100,99110,100,100008,100,99107,100,100037,100,99102,100,100126,100,99071,100
2019-06-28 09:58:45.261398450,99710,200,99473,100,99812,200,99331,200,99836,200,99315,200,99837,200,99278,200,99980,200,99248,200,99981,200,99206,100,99990,100,99110,100,100008,100,99107,100,100037,100,99102,100,100126,100,99071,100
2019-06-28 09:58:50.000000000,99710,225,99331,225,99812,225,99315,225,99836,225,99278,225,99837,225,99248,225,99980,100,99206,100,99981,200,99110,100,99990,100,99107,100,100008,100,99102,100,100037,100,99071,100,100126,100,99017,100
2019-06-28 09:59:00.000000000,99710,200,99331,200,99812,200,99315,200,99836,200,99278,200,99837,200,99248,200,99980,200,99206,200,99981,200,99110,100,99990,100,99107,100,100008,100,99102,100,100037,100,99071,100,100126,100,99017,100
2019-06-28 09:59:10.000000000,99710,350,99331,350,99812,350,99315,350,99836,100,99278,100,99837,100,99248,100,99980,100,99206,100,99981,200,99110,100,99990,100,99107,100,100008,100,99102,100,100037,100,99071,100,100126,100,99017,100
2019-06-28 09:59:10.426709624,99710,350,99331,250,99812,350,99315,350,99836,100,99278,100,99837,100,99248,100,99980,100,99206,100,99981,200,99110,100,99990,100,99107,100,100008,100,99102,100,100037,100,99071,100,100126,100,99017,100
2019-06-28 09:59:20.000000000,99710,270,99315,270,99812,265,99278,265,99836,265,99248,265,99837,100,99206,100,99980,100,99110,100,99981,200,99107,100,99990,100,99102,100,100008,100,99071,100,100037,100,99017,100,100126,100,98939,100
2019-06-28 09:59:25.479170058,99710,270,99315,170,99812,265,99278,265,99836,265,99248,265,99837,100,99206,100,99980,100,99110,100,99981,200,99107,100,99990,100,99102,100,100008,100,99071,100,100037,100,99017,100,100126,100,98939,100
2019-06-28 09:59:30.000000000,99710,599,99278,599,99812,100,99248,100,99836,100,99206,100,99837,100,99110,100,99980,100,99107,100,99981,200,99102,100,99990,100,99071,100,100008,100,99017,100,100037,100,98939,100,100126,100,98930,100
2019-06-28 09:59:40.000000000,99710,270,99278,270,99812,265,99248,265,99836,265,99206,265,99837,100,99110,100,99980,100,99107,100,99981,200,99102,100,99990,100,99071,100,100008,100,99017,100,100037,100,98939,100,100126,100,98930,100
2019-06-28 09:59:50.000000000,99710,225,99278,225,99812,225,99248,225,99836,225,99206,225,99837,225,99110,225,99980,100,99107,100,99981,200,99102,100,99990,100,99071,100,100008,100,99017,100,100037,100,98939,100,100126,100,98930,100
2019-06-28 10:00:00.000000000,99710,270,99278,270,99812,265,99248,265,99836,265,99206,265,99837,100,99110,100,99980,100,99107,100,99981,200,99102,100,99990,100,99071,100,100008,100,99017,100,100037,100,98939,100,100126,100,98930,100
2019-06-28 10:00:10.000000000,99710,270,99278,270,99812,265,99248,265,99836,265,99206,265,99837,100,99110,100,99980,100,99107,100,99981,200,99102,100,99990,100,99071,100,100008,100,99017,100,100037,100,98939,100,100126,100,98930,100
2019-06-28 10:00:20.000000000,99710,350,99278,350,99812,350,99248,350,99836,100,99206,100,99837,100,99110,100,99980,100,99107,100,99981,200,99102,100,99990,100,99071,100,100008,100,99017,100,100037,100,98939,100,100126,100,98930,100
2019-06-28 10:00:23.621627441,99710,350,99278,350,99812,350,99248,350,99836,100,99206,100,99837,100,99110,100,99980,100,99107,100,99981,200,99102,100,99990,100,99071,100,100008,100,99017,100,100037,100,98939,100,100126,100,98930,100
2019-06-28 10:00:30.000000000,99710,270,99278,270,99812,265,99248,265,99836,265,99206,265,99837,100,99110,100,99980,100,99107,100,99981,200,99102,100,99990,100,99071,100,100008,100,99017,100,100037,100,98939,100,100126,100,98930,100
2019-06-28 10:00:40.000000000,99710,200,99278,200,99812,200,99248,200,99836,200,99206,200,99837,200,99110,200,99980,200,99107,200,99981,200,99102,100,99990,100,99071,100,100008,100,99017,100,100037,100,98939,100,100126,100,98930,100
2019-06-28 10:00:45.087996845,99710,200,99278,100,99812,200,99248,200,99836,200,99206,200,99837,200,99110,200,99980,200,99107,200,99981,200,99102,100,99990,100,99071,100,100008,100,99017,100,100037,100,98939,100,100126,100,98930,100
2019-06-28 10:00:50.000000000,99710,225,99248,225,99812,225,99206,225,99836,225,99110,225,99837,225,99107,225,99980,100,99102,100,99981,200,99071,100,99990,100,99017,100,100008,100,98939,100,100037,100,98930,100,100126,100,98927,100
2019-06-28 10:01:00.000000000,99710,599,99248,599,99812,100,99206,100,99836,100,99110,100,99837,100,99107,100,99980,100,99102,100,99981,200,99071,100,99990,100,99017,100,100008,100,98939,100,100037,100,98930,100,100126,100,98927,100
2019-06-28 10:01:10.000000000,99710,200,99248,200,99812,200,99206,200,99836,200,99110,200,99837,200,99107,200,99980,200,99102,200,99981,200,99071,100,99990,100,99017,100,100008,100,98939,100,100037,100,98930,100,100126,100,98927,100
2019-06-28 10:01:19.892546854,99710,200,99359,100,99812,200,99248,200,99836,200,99206,200,99837,200,99110,200,99980,200,99107,200,99981,200,99102,200,99990,100,99071,100,100008,100,99017,100,100037,100,98939,100,100126,100,98927,100
2019-06-28 10:01:20.000000000,99710,200,99359,200,99812,200,99248,200,99836,200,99206,200,99837,200,99110,200,99980,200,99107,200,99981,200,99102,100,99990,100,99071,100,100008,100,99017,100,100037,100,98939,100,100126,100,98927,100
2019-06-28 10:01:30.000000000,99710,225,99359,225,99812,225,99248,225,99836,225,99206,225,99837,225,99110,225,99980,100,99107,100,99981,200,99102,100,99990,100,99071,100,100008,100,99017,100,100037,100,98939,100,100126,100,98927,100
2019-06-28 10:01:40.000000000,99710,200,99359,200,99812,200,99248,200,99836,200,99206,200,99837,200,99110,200,99980,200,99107,200,99981,200,99102,100,99990,100,99071,100,100008,100,99017,100,100037,100,98939,100,100126,100,98927,100
2019-06-28 10:01:50.000000000,99710,350,99359,350,99812,350,99248,350,99836,100,99206,100,99837,100,99110,100,99980,100,99107,100,99981,200,99102,100,99990,100,99071,100,100008,100,99017,100,100037,100,98939,100,100126,100,98927,100
2019-06-28 10:01:55.311517093,99710,350,99359,250,99812,350,99248,350,99836,100,99206,100,99837,100,99110,100,99980,100,99107,100,99981,200,99102,100,99990,100,99071,100,100008,100,99017,100,100037,100,98939,100,100126,100,98927,100
2019-06-28 10:02:00.000000000,99710,270,99248,270,99812,265,99206,265,99836,265,99110,265,99837,100,99107,100,99980,100,99102,100,99981,200,99071,100,99990,100,99017,100,100008,100,98939,100,100037,100,98927,100,100126,100,98701,100
2019-06-28 10:02:10.000000000,99710,200,99248,200,99812,200,99206,200,99836,200,99110,200,99837,200,99107,200,99980,200,99102,200,99981,200,99071,100,99990,100,99017,100,100008,100,98939,100,100037,100,98927,100,100126,100,98701,100
2019-06-28 10:02:15.569789262,99359,100,99248,200,99710,200,99206,200,99812,200,99110,200,99836,200,99107,200,99837,200,99102,200,99980,200,99071,100,99981,100,99017,100,99990,100,98939,100,100008,100,98927,100,100037,100,98701,100
2019-06-28 10:02:20.000000000,99359,200,99248,200,99710,200,99206,200,99812,200,99110,200,99836,200,99107,200,99837,200,99102,200,99980,100,99071,100,99981,100,99017,100,99990,100,98939,100,100008,100,98927,100,100037,100,98701,100
2019-06-28 10:02:28.458387861,99359,200,99248,100,99710,200,99206,100,99812,200,99110,200,99836,200,99107,200,99837,200,99102,200,99980,100,99071,100,99981,100,99017,100,99990,100,98939,100,100008,100,98927,100,100037,100,98701,100
2019-06-28 10:02:30.000000000,99359,599,99110,599,99710,100,99107,100,99812,100,99102,100,99836,100,99071,100,99837,100,99017,100,99980,100,98939,100,99981,100,98927,100,99990,100,98701,100,100008,100,98625,100,100037,100,98616,100
2019-06-28 10:02:34.507439610,99357,100,99110,599,99359,599,99107,100,99710,100,99102,100,99812,100,99071,100,99836,100,98939,100,99837,100,98927,100,99980,100,98701,100,99981,100,98625,100,99990,100,98616,100,100008,100,98596,100
2019-06-28 10:02:40.000000000,99357,270,99110,270,99359,265,99107,265,99710,265,99102,265,99812,100,99071,100,99836,100,98939,100,99837,100,98927,100,99980,100,98701,100,99981,100,98625,100,99990,100,98616,100,100008,100,98596,100
2019-06-28 10:02:50.000000000,99357,350,99110,350,99359,350,99107,350,99710,100,99102,100,99812,100,99071,100,99836,100,98939,100,99837,100,98927,100,99980,100,98701,100,99981,100,98625,100,99990,100,98616,100,100008,100,98596,100
2019-06-28 10:03:00.000000000,99357,599,99110,599,99359,100,99107,100,99710,100,99102,100,99812,100,99071,100,99836,100,98939,100,99837,100,98927,100,99980,100,98701,100,99981,100,98625,100,99990,100,98616,100,100008,100,98596,100
2019-06-28 10:03:10.000000000,99357,270,99110,270,99359,265,99107,265,99710,265,99102,265,99812,100,99071,100,99836,100,98939,100,99837,100,98927,100,99980,100,98701,100,99981,100,98625,100,99990,100,98616,100,100008,100,98596,100
2019-06-28 10:03:20.000000000,99357,350,99110,350,99359,350,99107,350,99710,100,99102,100,99812,100,99071,100,99836,100,98939,100,99837,100,98927,100,99980,100,98701,100,99981,100,98625,100,99990,100,98616,100,100008,100,98596,100
2019-06-28 10:03:23.997837039,99357,350,99110,350,99359,350,99107,350,99710,100,99102,100,99812,100,99071,100,99836,100,98927,100,99837,100,98701,100,99980,100,98625,100,99981,100,98616,100,99988,100,98596,100,99990,100,98522,100
2019-06-28 10:03:30.000000000,99357,599,99110,599,99359,100,99107,100,99710,100,99102,100,99812,100,99071,100,99836,100,98927,100,99837,100,98701,100,99980,100,98625,100,99981,100,98616,100,99988,100,98596,100,99990,100,98522,100
2019-06-28 10:03:40.000000000,99357,350,99110,350,99359,350,99107,350,99710,100,99102,100,99812,100,99071,100,99836,100,98927,100,99837,100,98701,100,99980,100,98625,100,99981,100,98616,100,99988,100,98596,100,99990,100,98522,100
2019-06-28 10:03:50.000000000,99357,599,99110,599,99359,100,99107,100,99710,100,99102,100,99812,100,99071,100,99836,100,98927,100,99837,100,98701,100,99980,100,98625,100,99981,100,98616,100,99988,100,98596,100,99990,100,98522,100
2019-06-28 10:03:53.335823927,99357,499,99110,599,99359,100,99107,100,99710,100,99102,100,99812,100,99071,100,99836,100,98927,100,99837,100,98701,100,99980,100,98625,100,99981,100,98616,100,99988,100,98596,100,99990,100,98522,100
2019-06-28 10:04:00.000000000,99359,225,99110,225,99710,225,99107,225,99812,225,99102,225,99836,225,99071,225,99837,100,98927,100,99980,100,98701,100,99981,100,98625,100,99988,100,98616,100,99990,100,98596,100,100008,100,98522,100
2019-06-28 10:04:00.960589710,99359,125,99110,225,99710,225,99107,225,99812,225,99102,225,99836,225,99071,225,99837,100,98927,100,99980,100,98701,100,99981,100,98625,100,99990,100,98616,100,100008,100,98596,100,100037,100,98522,100
2019-06-28 10:04:01.429374475,99359,125,99357,100,99710,225,99110,225,99812,225,99107,225,99836,225,99102,225,99837,100,99071,225,99980,100,98927,100,99981,100,98701,100,99990,100,98625,100,100008,100,98616,100,100037,100,98596,100
2019-06-28 10:04:10.000000000,99710,350,99357,350,99812,350,99110,350,99836,100,99107,100,99837,100,99102,100,99980,100,99071,100,99981,100,98927,100,99990,100,98701,100,100008,100,98625,100,100037,100,98616,100,100126,100,98596,100
2019-06-28 10:04:12.099936867,99710,250,99357,350,99812,350,99110,350,99836,100,99107,100,99837,100,99102,100,99980,100,99071,100,99981,100,98927,100,99990,100,98701,100,100008,100,98625,100,100037,100,98616,100,100126,100,98596,100
2019-06-28 10:04:20.000000000,99812,270,99357,270,99836,265,99110,265,99837,265,99107,265,99980,100,99102,100,99981,100,99071,100,99990,100,98927,100,100008,100,98701,100,100037,100,98625,100,100126,100,98616,100,,,98596,100
2019-06-28 10:04:30.000000000,99812,225,99357,225,99836,225,99110,225,99837,225,99107,225,99980,225,99102,225,99981,100,99071,100,99990,100,98927,100,100008,100,98701,100,100037,100,98625,100,100126,100,98616,100,,,98596,100
2019-06-28 10:04:30.822062713,99812,125,99357,225,99836,225,99110,225,99837,225,99107,225,99980,225,99102,225,99981,100,99071,100,99990,100,98927,100,100008,100,98701,100,100037,100,98625,100,100126,100,98616,100,,,98596,100
2019-06-28 10:04:40.000000000,99836,599,99357,599,99837,100,99110,100,99980,100,99107,100,99981,100,99102,100,99990,100,99071,100,100008,100,98927,100,100037,100,98701,100,100126,100,98625,100,,,98616,100,,,98596,100
2019-06-28 10:04:43.933332303,99836,599,99710,100,99837,100,99357,599,99980,100,99110,100,99981,100,99107,100,99990,100,99102,100,100008,100,99071,100,100037,100,98927,100,100126,100,98701,100,,,98625,100,,,98616,100
2019-06-28 10:04:45.236001637,99836,599,99710,100,99837,100,99357,599,99980,100,99110,100,99981,100,99107,100,99990,100,99102,100,100008,100,99071,100,100037,100,98927,100,100126,100,98625,100,100174,100,98616,100,,,98596,100
2019-06-28 10:04:49.163692326,99836,599,99710,100,99837,100,99357,599,99980,100,99110,100,99981,100,99107,100,100008,100,99102,100,100037,100,99071,100,100126,100,98927,100,100174,100,98625,100,,,98616,100,,,98596,100
2019-06-28 10:04:50.000000000,99836,599,99710,599,99837,100,99357,100,99980,100,99110,100,99981,100,99107,100,100008,100,99102,100,100037,100,99071,100,100126,100,98927,100,100174,100,98625,100,,,98616,100,,,98596,100
2019-06-28 10:05:00.000000000,99836,350,99710,350,99837,350,99357,350,99980,100,99110,100,99981,100,99107,100,100008,100,99102,100,100037,100,99071,100,100126,100,98927,100,100174,100,98625,100,,,98616,100,,,98596,100
2019-06-28 10:05:10.000000000,99836,270,99710,270,99837,265,99357,265,99980,265,99110,265,99981,100,99107,100,100008,100,99102,100,100037,100,99071,100,100126,100,98927,100,100174,100,98625,100,,,98616,100,,,98596,100
2019-06-28 10:05:18.164135660,99836,270,99710,370,99837,265,99357,265,99980,165,99110,265,99981,100,99107,100,100008,100,99102,100,100037,100,99071,100,100126,100,98927,100,100174,100,98625,100,,,98616,100,,,98596,100
2019-06-28 10:05:20.000000000,99836,599,99710,699,99837,100,99357,100,99981,100,99110,100,100008,100,99107,100,100037,100,99102,100,100126,100,99071,100,100174,100,98927,100,,,98625,100,,,98616,100,,,98596,100
2019-06-28 10:05:24.268086545,99836,499,99710,699,99837,100,99357,100,99981,100,99107,100,100008,100,99102,100,100037,100,99071,100,100126,100,98927,100,100174,100,98625,100,,,98616,100,,,98596,100,,,98522,100
2019-06-28 10:05:27.628274543,99836,499,99793,100,99837,100,99710,699,99981,100,99357,100,100008,100,99107,100,100037,100,99102,100,100126,100,99071,100,100174,100,98927,100,,,98625,100,,,98616,100,,,98596,100
2019-06-28 10:05:30.000000000,99837,225,99793,225,99981,225,99710,325,100008,225,99357,225,100037,225,99107,225,100126,100,99102,100,100174,100,99071,100,,,98927,100,,,98625,100,,,98616,100,,,98596,100
2019-06-28 10:05:40.000000000,99837,200,99793,200,99981,200,99710,300,100008,200,99357,200,100037,200,99107,200,100126,200,99102,200,100174,100,99071,100,,,98927,100,,,98625,100,,,98616,100,,,98596,100
2019-06-28 10:05:46.385605312,99835,100,99793,200,99837,200,99710,300,99981,200,99357,200,100008,200,99107,200,100037,200,99102,200,100126,200,99071,100,100174,100,98927,100,,,98625,100,,,98616,100,,,98596,100
2019-06-28 10:05:50.000000000,99835,270,99793,270,99837,265,99710,365,99981,265,99357,265,100008,100,99107,100,100037,100,99102,100,100126,100,99071,100,100174,100,98927,100,,,98625,100,,,98616,100,,,98596,100
2019-06-28 10:06:00.000000000,99835,350,99793,350,99837,350,99710,450,99981,100,99357,100,100008,100,99107,100,100037,100,99102,100,100126,100,99071,100,100174,100,98927,100,,,98625,100,,,98616,100,,,98596,100
2019-06-28 10:06:05.130444502,99835,350,99793,350,99837,350,99710,450,99846,100,99357,100,99981,100,99107,100,100008,100,99102,100,100037,100,99071,100,100126,100,98927,100,100174,100,98625,100,,,98616,100,,,98596,100
2019-06-28 10:06:10.000000000,99835,599,99793,599,99837,100,99710,200,99846,100,99357,100,99981,100,99107,100,100008,100,99102,100,100037,100,99071,100,100126,100,98927,100,100174,100,98625,100,,,98616,100,,,98596,100
2019-06-28 10:06:10.467669345,99835,599,99793,599,99837,100,99710,200,99846,100,99357,100,99981,100,99302,100,100008,100,99107,100,100037,100,99102,100,100126,100,99071,100,100174,100,98927,100,,,98625,100,,,98616,100
2019-06-28 10:06:18.848686558,99835,499,99793,499,99837,100,99710,200,99846,100,99357,100,99981,100,99302,100,100008,100,99107,100,100037,100,99102,100,100126,100,99071,100,100174,100,98927,100,,,98625,100,,,98616,100
2019-06-28 10:06:20.000000000,99837,350,99710,450,99846,350,99357,350,99981,100,99302,100,100008,100,99107,100,100037,100,99102,100,100126,100,99071,100,100174,100,98927,100,,,98625,100,,,98616,100,,,98596,100
2019-06-28 10:06:22.821278219,99837,350,99710,450,99846,350,99387,100,99981,100,99357,350,100008,100,99302,100,100037,100,99107,100,100126,100,99102,100,100174,100,99071,100,,,98927,100,,,98625,100,,,98616,100
2019-06-28 10:06:30.000000000,99837,200,99710,300,99846,200,99387,200,99981,200,99357,200,100008,200,99302,200,100037,200,99107,200,100126,100,99102,100,100174,100,99071,100,,,98927,100,,,98625,100,,,98616,100
2019-06-28 10:06:40.000000000,99837,200,99710,300,99846,200,99387,200,99981,200,99357,200,100008,200,99302,200,100037,200,99107,200,100126,100,99102,100,100174,100,99071,100,,,98927,100,,,98625,100,,,98616,100
2019-06-28 10:06:47.852511266,99837,200,99710,300,99846,200,99387,200,99981,200,99357,200,100008,200,99322,100,100037,200,99302,200,100126,100,99107,200,100174,100,99102,100,,,99071,100,,,98927,100,,,98625,100
2019-06-28 10:06:50.000000000,99837,350,99710,450,99846,350,99387,350,99981,100,99357,100,100008,100,99322,100,100037,100,99302,100,100126,100,99107,100,100174,100,99102,100,,,99071,100,,,98927,100,,,98625,100
2019-06-28 10:07:00.000000000,99837,200,99710,300,99846,200,99387,200,99981,200,99357,200,100008,200,99322,200,100037,200,99302,200,100126,100,99107,100,100174,100,99102,100,,,99071,100,,,98927,100,,,98625,100
2019-06-28 10:07:10.000000000,99837,200,99710,300,99846,200,99387,200,99981,200,99357,200,100008,200,99322,200,100037,200,99302,200,100126,100,99107,100,100174,100,99102,100,,,99071,100,,,98927,100,,,98625,100
2019-06-28 10:07:20.000000000,99837,599,99710,699,99846,100,99387,100,99981,100,99357,100,100008,100,99322,100,100037,100,99302,100,100126,100,99107,100,100174,100,99102,100,,,99071,100,,,98927,100,,,98625,100
2019-06-28 10:07:30.000000000,99837,350,99710,450,99846,350,99387,350,99981,100,99357,100,100008,100,99322,100,100037,100,99302,100,100126,100,99107,100,100174,100,99102,100,,,99071,100,,,98927,100,,,98625,100
2019-06-28 10:07:35.616601224,99837,350,99710,350,99846,350,99387,350,99981,100,99357,100,100008,100,99322,100,100037,100,99302,100,100126,100,99107,100,100174,100,99102,100,,,99071,100,,,98927,100,,,98625,100
2019-06-28 10:07:40.000000000,99837,350,99710,350,99846,350,99387,350,99981,100,99357,100,100008,100,99322,100,100037,100,99302,100,100126,100,99107,100,100174,100,99102,100,,,99071,100,,,98927,100,,,98625,100
2019-06-28 10:07:50.000000000,99837,225,99710,225,99846,225,99387,225,99981,225,99357,225,100008,225,99322,225,100037,100,99302,100,100126,100,99107,100,100174,100,99102,100,,,99071,100,,,98927,100,,,98625,100
2019-06-28 10:07:51.037086833,99837,225,99710,125,99846,225,99387,225,99981,225,99357,225,100008,225,99322,225,100037,100,99302,100,100126,100,99107,100,100174,100,99102,100,,,99071,100,,,98927,100,,,98625,100
2019-06-28 10:07:52.664568680,99837,225,99710,125,99846,225,99445,100,99981,225,99387,225,100008,225,99357,225,100037,100,99322,225,100126,100,99302,100,100174,100,99107,100,,,99102,100,,,99071,100,,,98927,100
2019-06-28 10:08:00.000000000,99837,599,99445,599,99846,100,99387,100,99981,100,99357,100,100008,100,99322,100,100037,100,99302,100,100126,100,99107,100,100174,100,99102,100,,,99071,100,,,98927,100,,,98625,100
2019-06-28 10:08:06.552704890,99837,599,99445,599,99846,100,99387,100,99981,100,99357,100,100008,100,99322,100,100037,100,99302,100,100126,100,99154,100,100174,100,99107,100,,,99102,100,,,99071,100,,,98927,100
2019-06-28 10:08:07.737749327,99837,599,99445,599,99846,100,99387,100,99981,100,99322,100,100008,100,99302,100,100037,100,99154,100,100126,100,99107,100,100174,100,99102,100,,,99071,100,,,98927,100,,,98625,100
2019-06-28 10:08:10.000000000,99837,225,99445,225,99846,225,99387,225,99981,225,99322,225,100008,225,99302,225,100037,100,99154,100,100126,100,99107,100,100174,100,99102,100,,,99071,100,,,98927,100,,,98625,100
2019-06-28 10:08:20.000000000,99837,225,99445,225,99846,225,99387,225,99981,225,99322,225,100008,225,99302,225,100037,100,99154,100,100126,100,99107,100,100174,100,99102,100,,,99071,100,,,98927,100,,,98625,100
2019-06-28 10:08:24.413750962,99710,100,99445,225,99837,225,99387,225,99846,225,99322,225,99981,225,99302,225,100008,225,99154,100,100037,100,99107,100,100126,100,99102,100,100174,100,99071,100,,,98927,100,,,98625,100
2019-06-28 10:08:27.492556615,99710,100,99445,225,99837,225,99387,225,99846,225,99322,225,99981,225,99302,225,100008,225,99154,100,100037,100,99107,100,100126,100,99102,100,100174,100,99071,100,,,98927,100,,,98625,100
2019-06-28 10:08:29.002809050,99710,100,99445,125,99837,225,99387,225,99846,225,99322,225,99981,225,99302,225,100008,225,99154,100,100037,100,99107,100,100126,100,99102,100,100174,100,99071,100,,,98927,100,,,98625,100
2019-06-28 10:08:30.000000000,99710,225,99387,225,99837,225,99322,225,99846,225,99302,225,99981,225,99154,225,100008,100,99107,100,100037,100,99102,100,100126,100,99071,100,100174,100,98927,100,,,98625,100,,,98616,100
2019-06-28 10:08:32.192748355,99710,225,99387,125,99837,225,99322,225,99846,225,99302,225,99981,225,99154,225,100008,100,99107,100,100037,100,99071,100,100126,100,98927,100,100174,100,98625,100,,,98616,100,,,98596,100
2019-06-28 10:08:32.200874303,99710,225,99387,125,99837,225,99322,225,99846,225,99302,125,99981,225,99154,225,100008,100,99107,100,100037,100,99071,100,100126,100,98927,100,100174,100,98834,100,,,98625,100,,,98616,100
2019-06-28 10:08:37.681174801,99445,100,99387,125,99710,225,99322,225,99837,225,99302,125,99846,225,99154,225,99981,225,99107,100,100008,100,99071,100,100037,100,98927,100,100126,100,98834,100,100174,100,98625,100,,,98616,100
2019-06-28 10:08:40.000000000,99445,225,99322,225,99710,225,99154,225,99837,225,99107,225,99846,225,99071,225,99981,100,98927,100,100008,100,98834,100,100037,100,98625,100,100126,100,98616,100,100174,100,98596,100,,,98522,100
2019-06-28 10:08:43.234807771,99360,100,99322,225,99445,225,99154,225,99710,225,99107,225,99837,225,99071,225,99846,225,98927,100,99981,100,98834,100,100008,100,98625,100,100037,100,98616,100,100126,100,98596,100,100174,100,98522,100
2019-06-28 10:08:46.161379820,99360,100,99322,225,99445,225,99195,100,99710,225,99154,225,99837,225,99107,225,99846,225,99071,225,99981,100,98927,100,100008,100,98834,100,100037,100,98625,100,100126,100,98616,100,100174,100,98596,100
2019-06-28 10:08:50.000000000,99360,599,99322,599,99445,100,99195,100,99710,100,99154,100,99837,100,99107,100,99846,100,99071,100,99981,100,98927,100,100008,100,98834,100,100037,100,98625,100,100126,100,98616,100,100174,100,98596,100
2019-06-28 10:09:00.000000000,99360,350,99322,350,99445,350,99195,350,99710,100,99154,100,99837,100,99107,100,99846,100,99071,100,99981,100,98927,100,100008,100,98834,100,100037,100,98625,100,100126,100,98616,100,100174,100,98596,100
2019-06-28 10:09:05.949528041,99360,350,99322,350,99445,350,99195,350,99546,100,99154,100,99710,100,99107,100,99837,100,99071,100,99846,100,98927,100,99981,100,98834,100,100008,100,98625,100,100126,100,98616,100,100174,100,98596,100
2019-06-28 10:09:10.000000000,99360,225,99322,225,99445,225,99195,225,99546,225,99154,225,99710,225,99107,225,99837,100,99071,100,99846,100,98927,100,99981,100,98834,100,100008,100,98625,100,100126,100,98616,100,100174,100,98596,100
2019-06-28 10:09:12.966288125,99360,225,99322,225,99445,225,99233,100,99546,225,99195,225,99710,225,99154,225,99837,100,99107,225,99846,100,99071,100,99981,100,98927,100,100008,100,98834,100,100126,100,98625,100,100174,100,98616,100
2019-06-28 10:09:16.452515084,99360,225,99322,225,99438,100,99233,100,99445,225,99195,225,99546,225,99154,225,99710,225,99107,225,99837,100,99071,100,99846,100,98927,100,99981,100,98834,100,100008,100,98625,100,100174,100,98616,100
2019-06-28 10:09:20.000000000,99360,270,99322,270,99438,265,99233,265,99445,265,99195,265,99546,100,99154,100,99710,100,99107,100,99837,100,99071,100,99846,100,98927,100,99981,100,98834,100,100008,100,98625,100,100174,100,98616,100
2019-06-28 10:09:26.355159073,99360,270,99322,170,99438,265,99233,265,99445,265,99195,265,99546,100,99154,100,99710,100,99107,100,99837,100,99071,100,99846,100,98927,100,99981,100,98834,100,100008,100,98625,100,100174,100,98616,100
2019-06-28 10:09:30.000000000,99360,270,99233,270,99438,265,99195,265,99445,265,99154,265,99546,100,99107,100,99710,100,99071,100,99837,100,98927,100,99846,100,98834,100,99981,100,98625,100,100008,100,98616,100,100174,100,98596,100
2019-06-28 10:09:34.102019296,99360,170,99233,270,99438,265,99195,265,99445,265,99154,265,99546,100,99107,100,99710,100,99071,100,99837,100,98927,100,99846,100,98834,100,99981,100,98625,100,100008,100,98616,100,100174,100,98596,100
