,ask_price_1,ask_size_1,bid_price_1,bid_size_1,ask_price_2,ask_size_2,bid_price_2,bid_size_2,ask_price_3,ask_size_3,bid_price_3,bid_size_3,ask_price_4,ask_size_4,bid_price_4,bid_size_4,ask_price_5,ask_size_5,bid_price_5,bid_size_5,ask_price_6,ask_size_6,bid_price_6,bid_size_6,ask_price_7,ask_size_7,bid_price_7,bid_size_7,ask_price_8,ask_size_8,bid_price_8,bid_size_8,ask_price_9,ask_size_9,bid_price_9,bid_size_9,ask_price_10,ask_size_10,bid_price_10,bid_size_10
2019-06-28 09:30:00.000000000,,,99933,100,,,99887,100,,,,,,,,,,,,,,,,,,,,,,,,,,,,,,,,
2019-06-28 09:30:00.000000001,100072,100,99933,100,,,99887,100,,,,,,,,,,,,,,,,,,,,,,,,,,,,,,,,
2019-06-28 09:30:00.000000003,100068,100,99933,100,100072,100,99887,100,,,,,,,,,,,,,,,,,,,,,,,,,,,,,,,,
2019-06-28 09:30:00.000000005,100068,100,100040,100,100072,100,99933,100,,,99887,100,,,,,,,,,,,,,,,,,,,,,,,,,,,,
2019-06-28 09:30:00.000000012,100068,100,100040,100,100072,100,99933,100,100163,100,99887,100,,,,,,,,,,,,,,,,,,,,,,,,,,,,
2019-06-28 09:30:00.000000013,100068,100,99976,100,100072,100,99933,100,100163,100,99887,100,,,,,,,,,,,,,,,,,,,,,,,,,,,,
2019-06-28 09:30:00.000000014,100068,100,99976,100,100072,100,99964,100,100163,100,99933,100,,,99887,100,,,,,,,,,,,,,,,,,,,,,,,,
2019-06-28 09:30:00.000000020,100005,100,99976,100,100068,100,99964,100,100072,100,99933,100,100163,100,99887,100,,,,,,,,,,,,,,,,,,,,,,,,
2019-06-28 09:30:00.000000021,100005,100,99976,100,100068,100,99964,100,100072,100,99933,100,100163,100,99887,100,,,99814,100,,,,,,,,,,,,,,,,,,,,
2019-06-28 09:30:00.000000023,100005,100,99976,100,100068,100,99964,100,100072,100,99933,100,100116,100,99887,100,100163,100,99814,100,,,,,,,,,,,,,,,,,,,,
2019-06-28 09:30:00.000000024,100068,100,99976,100,100072,100,99964,100,100116,100,99933,100,100163,100,99887,100,,,99814,100,,,,,,,,,,,,,,,,,,,,
2019-06-28 09:30:00.000000028,100068,100,100005,100,100072,100,99976,100,100116,100,99964,100,100163,100,99946,100,,,99933,100,,,99887,100,,,99814,100,,,,,,,,,,,,
2019-06-28 09:30:00.000000029,100064,100,100005,200,100068,100,99976,100,100072,100,99964,100,100116,100,99946,100,100163,100,99933,100,,,99887,100,,,99814,100,,,,,,,,,,,,
2019-06-28 09:30:00.000000031,100036,100,100005,200,100064,100,99976,100,100068,100,99964,100,100072,100,99946,100,100116,100,99933,100,100163,100,99887,100,,,99814,100,,,,,,,,,,,,
2019-06-28 09:30:00.000000032,100036,100,100005,200,100040,100,99976,100,100064,100,99964,100,100068,100,99946,100,100072,100,99933,100,100116,100,99887,100,100163,100,99814,100,,,,,,,,,,,,
2019-06-28 09:30:00.000000033,100036,100,100011,100,100040,100,100005,200,100064,100,99976,100,100068,100,99964,100,100072,100,99946,100,100116,100,99933,100,100163,100,99887,100,,,99814,100,,,,,,,,
2019-06-28 09:30:00.000000035,100036,100,100011,100,100040,100,100005,200,100064,100,99981,100,100068,100,99976,100,100072,100,99964,100,100116,100,99946,100,100163,100,99933,100,,,99887,100,,,99814,100,,,,
2019-06-28 09:30:00.000000038,100036,100,100011,100,100040,100,100005,200,100064,100,99981,100,100068,100,99976,100,100072,100,99964,100,100116,100,99946,100,100163,100,99933,100,,,99895,100,,,99887,100,,,99814,100
2019-06-28 09:30:00.000000039,100013,100,100011,100,100036,100,100005,200,100040,100,99981,100,100064,100,99976,100,100068,100,99964,100,100072,100,99946,100,100116,100,99933,100,100163,100,99895,100,,,99887,100,,,99814,100
2019-06-28 09:30:00.000000043,100013,100,100011,100,100036,100,100005,200,100040,100,99981,100,100064,100,99976,100,100068,100,99964,100,100072,100,99946,100,100116,100,99933,100,100163,100,99895,100,,,99887,100,,,99872,100
2019-06-28 09:30:00.000000045,100013,100,100011,100,100036,100,100005,200,100040,200,99981,100,100064,100,99976,100,100068,100,99964,100,100072,100,99946,100,100116,100,99936,100,100163,100,99933,100,,,99895,100,,,99887,100
2019-06-28 09:30:00.000000046,100013,100,100011,100,100036,100,100005,200,100040,300,99981,100,100064,100,99976,100,100068,100,99964,100,100072,100,99946,100,100116,100,99936,100,100163,100,99933,100,,,99895,100,,,99887,100
2019-06-28 09:30:00.000000047,100036,100,100011,100,100040,300,100005,200,100064,100,99981,100,100068,100,99976,100,100072,100,99964,100,100116,100,99946,100,100163,100,99936,100,,,99933,200,,,99895,100,,,99887,100
2019-06-28 09:30:00.000000049,100019,100,100014,100,100036,100,100011,100,100040,300,100005,200,100064,100,99981,100,100068,100,99976,100,100072,100,99964,100,100116,100,99946,100,100163,100,99936,100,,,99933,200,,,99895,100
2019-06-28 09:30:00.000000050,100019,100,100014,100,100036,100,100011,100,100040,300,100005,200,100064,100,99981,100,100068,100,99976,100,100072,100,99964,100,100106,100,99946,100,100116,100,99936,100,100163,100,99933,200,,,99895,100
2019-06-28 09:30:00.000000051,100019,100,100014,100,100036,100,100011,100,100040,300,100005,200,100064,100,99981,100,100068,100,99976,100,100072,100,99964,100,100106,100,99946,100,100116,100,99936,100,100130,100,99933,200,100163,100,99895,100
2019-06-28 09:30:00.000000055,100019,100,100014,100,100036,100,100011,100,100040,300,100005,200,100064,100,99981,100,100068,100,99976,100,100072,100,99964,100,100106,100,99946,100,100116,100,99936,100,100130,100,99933,200,100156,100,99895,100
2019-06-28 09:30:00.000000056,100019,100,100014,100,100036,100,100011,100,100040,300,100005,200,100064,100,99981,100,100068,100,99976,100,100072,100,99964,100,100084,100,99946,100,100106,100,99936,100,100116,100,99933,200,100130,100,99895,100
2019-06-28 09:30:00.000000057,100019,100,100011,100,100036,100,100005,200,100040,300,99981,100,100064,100,99976,100,100068,100,99964,100,100072,100,99946,100,100084,100,99936,100,100106,100,99933,200,100116,100,99895,100,100130,100,99887,100
2019-06-28 09:30:00.000000058,100019,100,100011,100,100036,100,100005,200,100040,300,99981,100,100064,100,99976,100,100068,100,99964,100,100072,100,99946,100,100084,100,99936,100,100102,100,99933,200,100106,100,99895,100,100116,100,99887,100
2019-06-28 09:30:00.000000063,100019,100,100011,100,100036,100,100005,200,100040,300,99981,100,100064,100,99976,100,100068,100,99964,100,100072,100,99946,100,100084,100,99936,100,100102,100,99933,200,100106,100,99895,100,100116,100,99887,100
2019-06-28 09:30:00.000000065,100019,100,100011,100,100036,100,100005,200,100040,300,99981,100,100064,100,99976,100,100068,100,99964,100,100072,100,99946,100,100084,100,99936,100,100102,100,99933,200,100106,100,99895,100,100116,100,99887,100
2019-06-28 09:30:00.000000067,100019,100,100011,100,100036,100,100005,200,100040,300,99981,100,100064,100,99976,100,100068,100,99964,100,100072,100,99959,100,100084,100,99946,100,100098,100,99936,100,100102,100,99933,200,100106,100,99895,100
2019-06-28 09:30:00.000000068,100019,100,100005,100,100036,100,99981,100,100040,300,99976,100,100064,100,99964,100,100068,100,99959,100,100072,100,99946,100,100084,100,99936,100,100098,100,99933,200,100102,100,99895,100,100106,100,99887,100
2019-06-28 09:30:00.000000072,100036,100,100005,100,100040,300,99981,100,100064,100,99976,100,100068,100,99964,100,100072,100,99959,100,100084,100,99946,100,100098,100,99936,100,100102,100,99933,200,100106,100,99895,100,100116,100,99887,100
2019-06-28 09:30:00.000000076,100019,100,100005,100,100036,100,99981,100,100040,300,99976,100,100064,100,99964,100,100068,100,99959,100,100072,100,99946,100,100084,100,99936,100,100098,100,99933,200,100102,100,99895,100,100106,100,99887,100
2019-06-28 09:30:00.000000078,100036,100,100005,100,100040,300,99981,100,100064,100,99976,100,100068,100,99964,100,100072,100,99959,100,100084,100,99951,100,100098,100,99946,100,100102,100,99936,100,100106,100,99933,200,100116,100,99895,100
2019-06-28 09:30:00.000000079,100036,100,100005,100,100040,300,99981,100,100064,100,99976,100,100068,100,99964,100,100072,100,99959,100,100084,100,99951,100,100098,100,99946,100,100100,100,99936,100,100102,100,99933,200,100106,100,99895,100
2019-06-28 09:30:00.000000083,100019,100,100005,100,100036,100,99981,100,100040,300,99976,100,100064,100,99964,100,100068,100,99959,100,100072,100,99951,100,100084,100,99946,100,100098,100,99936,100,100100,100,99933,200,100102,100,99895,100
2019-06-28 09:30:00.000000084,100019,200,100005,100,100036,100,99984,100,100040,300,99981,100,100064,100,99976,100,100068,100,99964,100,100072,100,99959,100,100084,100,99951,100,100098,100,99946,100,100100,100,99936,100,100102,100,99933,200
2019-06-28 09:30:00.000000085,100019,200,100005,100,100036,100,99997,100,100040,300,99984,100,100064,100,99981,100,100068,100,99976,100,100072,100,99964,100,100084,100,99959,100,100098,100,99951,100,100100,100,99946,100,100102,100,99936,100
2019-06-28 09:30:00.000000086,100019,200,100005,100,100036,100,99997,100,100040,300,99985,100,100064,100,99984,100,100068,100,99981,100,100072,100,99976,100,100084,100,99964,100,100098,100,99959,100,100100,100,99951,100,100102,100,99946,100
2019-06-28 09:30:00.000000087,100019,200,100005,100,100036,100,99997,100,100040,300,99985,100,100064,100,99984,100,100068,100,99981,100,100072,100,99976,100,100084,100,99964,100,100098,100,99959,100,100100,100,99951,100,100102,100,99946,100
2019-06-28 09:30:00.000000088,100019,300,100005,100,100036,100,99997,100,100040,300,99985,100,100064,100,99984,100,100068,100,99981,100,100072,100,99976,100,100084,100,99964,100,100098,100,99959,100,100100,100,99951,100,100102,100,99946,100
2019-06-28 09:30:00.000000089,100019,300,100005,100,100036,100,99997,100,100040,300,99985,100,100064,100,99984,100,100068,100,99981,100,100072,100,99976,100,100084,100,99964,100,100098,100,99959,100,100100,100,99951,100,100102,100,99946,100
2019-06-28 09:30:00.000000090,100019,200,100005,100,100036,100,99997,100,100040,300,99985,100,100064,100,99984,100,100068,100,99981,100,100072,100,99976,100,100084,100,99964,100,100098,100,99959,100,100100,100,99951,100,100102,100,99946,100
2019-06-28 09:30:00.000000091,100019,200,99997,100,100036,100,99985,100,100040,300,99984,100,100064,100,99981,100,100068,100,99976,100,100072,100,99964,100,100084,100,99959,100,100098,100,99951,100,100100,100,99946,100,100102,100,99936,100
2019-06-28 09:30:00.000000093,100019,200,99997,100,100036,100,99985,100,100040,300,99984,100,100064,100,99981,100,100068,100,99976,100,100072,100,99964,100,100084,100,99959,100,100098,100,99951,100,100100,100,99946,100,100102,100,99936,100
2019-06-28 09:30:00.000000096,100019,200,99985,100,100036,100,99984,100,100040,300,99981,100,100064,100,99976,100,100068,100,99964,100,100072,100,99959,100,100084,100,99951,100,100098,100,99946,100,100100,100,99936,100,100102,100,99935,100
2019-06-28 09:30:00.000000098,100019,200,99985,100,100036,100,99984,100,100040,300,99981,100,100064,100,99976,100,100068,100,99964,100,100072,100,99959,100,100084,100,99951,100,100098,100,99946,100,100100,100,99936,100,100102,100,99935,100
2019-06-28 09:30:10.000000000,100019,330,99985,230,100036,226,99984,226,100040,426,99981,226,100064,100,99976,100,100068,100,99964,100,100072,100,99959,100,100084,100,99951,100,100098,100,99946,100,100100,100,99936,100,100102,100,99935,100
2019-06-28 09:30:15.729892500,100019,330,99985,230,100036,226,99984,226,100040,426,99981,226,100064,100,99976,100,100068,100,99964,100,100072,100,99951,100,100084,100,99946,100,100098,100,99936,100,100100,100,99935,100,100102,100,99933,200
2019-06-28 09:30:19.038476609,100019,330,99985,230,100036,226,99984,226,100040,426,99981,226,100064,100,99976,100,100068,100,99964,100,100072,100,99951,100,100084,100,99946,100,100098,100,99936,100,100100,100,99935,100,100102,100,99933,200
2019-06-28 09:30:20.000000000,100019,583,99985,483,100036,100,99984,100,100040,300,99981,100,100064,100,99976,100,100068,100,99964,100,100072,100,99951,100,100084,100,99946,100,100098,100,99936,100,100100,100,99935,100,100102,100,99933,200
2019-06-28 09:30:20.690679050,100019,583,99990,100,100036,100,99985,483,100040,300,99984,100,100064,100,99981,100,100068,100,99976,100,100072,100,99964,100,100084,100,99951,100,100098,100,99946,100,100100,100,99936,100,100102,100,99935,100
2019-06-28 09:30:30.000000000,100019,296,99990,196,100036,196,99985,196,100040,396,99984,196,100064,196,99981,196,100068,100,99976,100,100072,100,99964,100,100084,100,99951,100,100098,100,99946,100,100100,100,99936,100,100102,100,99935,100
2019-06-28 09:30:36.755076445,100019,196,99990,196,100036,196,99985,196,100040,396,99984,196,100064,196,99981,196,100068,100,99976,100,100072,100,99964,100,100084,100,99951,100,100098,100,99946,100,100100,100,99936,100,100102,100,99935,100
2019-06-28 09:30:40.000000000,100019,483,99990,483,100036,100,99985,100,100040,300,99984,100,100064,100,99981,100,100068,100,99976,100,100072,100,99964,100,100084,100,99951,100,100098,100,99946,100,100100,100,99936,100,100102,100,99935,100
2019-06-28 09:30:50.000000000,100019,177,99990,177,100036,177,99985,177,100040,377,99984,177,100064,177,99981,177,100068,177,99976,177,100072,100,99964,100,100084,100,99951,100,100098,100,99946,100,100100,100,99936,100,100102,100,99935,100
2019-06-28 09:30:58.325422734,100019,177,99990,177,100036,177,99985,177,100040,377,99984,177,100064,177,99981,177,100068,177,99976,177,100072,100,99964,100,100084,100,99951,100,100098,100,99946,100,100100,100,99936,100,100102,100,99935,100
2019-06-28 09:31:00.000000000,100019,196,99990,196,100036,196,99985,196,100040,396,99984,196,100064,196,99981,196,100068,100,99976,100,100072,100,99964,100,100084,100,99951,100,100098,100,99946,100,100100,100,99936,100,100102,100,99935,100
2019-06-28 09:31:10.000000000,100019,230,99990,230,100036,226,99985,226,100040,426,99984,226,100064,100,99981,100,100068,100,99976,100,100072,100,99964,100,100084,100,99951,100,100098,100,99946,100,100100,100,99936,100,100102,100,99935,100
2019-06-28 09:31:20.000000000,100019,196,99990,196,100036,196,99985,196,100040,396,99984,196,100064,196,99981,196,100068,100,99976,100,100072,100,99964,100,100084,100,99951,100,100098,100,99946,100,100100,100,99936,100,100102,100,99935,100
2019-06-28 09:31:30.000000000,100019,196,99990,196,100036,196,99985,196,100040,396,99984,196,100064,196,99981,196,100068,100,99976,100,100072,100,99964,100,100084,100,99951,100,100098,100,99946,100,100100,100,99936,100,100102,100,99935,100
2019-06-28 09:31:31.308856072,100019,196,99990,196,100036,196,99985,196,100040,396,99984,196,100064,196,99981,196,100068,100,99976,100,100084,100,99964,100,100098,100,99951,100,100100,100,99946,100,100102,100,99936,100,100106,100,99935,100
2019-06-28 09:31:40.000000000,100019,483,99990,483,100036,100,99985,100,100040,300,99984,100,100064,100,99981,100,100068,100,99976,100,100084,100,99964,100,100098,100,99951,100,100100,100,99946,100,100102,100,99936,100,100106,100,99935,100
2019-06-28 09:31:50.000000000,100019,483,99990,483,100036,100,99985,100,100040,300,99984,100,100064,100,99981,100,100068,100,99976,100,100084,100,99964,100,100098,100,99951,100,100100,100,99946,100,100102,100,99936,100,100106,100,99935,100
2019-06-28 09:32:00.000000000,100019,292,99990,292,100036,292,99985,292,100040,300,99984,100,100064,100,99981,100,100068,100,99976,100,100084,100,99964,100,100098,100,99951,100,100100,100,99946,100,100102,100,99936,100,100106,100,99935,100
2019-06-28 09:32:06.641883168,100019,292,99990,192,100036,292,99985,292,100040,300,99984,100,100064,100,99981,100,100068,100,99976,100,100084,100,99964,100,100098,100,99951,100,100102,100,99946,100,100106,100,99936,100,100110,100,99935,100
2019-06-28 09:32:10.000000000,100019,196,99985,196,100036,196,99984,196,100040,396,99981,196,100064,196,99976,196,100068,100,99964,100,100084,100,99951,100,100098,100,99946,100,100102,100,99936,100,100106,100,99935,100,100110,100,99933,200
2019-06-28 09:32:20.000000000,100019,292,99985,292,100036,292,99984,292,100040,300,99981,100,100064,100,99976,100,100068,100,99964,100,100084,100,99951,100,100098,100,99946,100,100102,100,99936,100,100106,100,99935,100,100110,100,99933,200
2019-06-28 09:32:30.000000000,100019,177,99985,177,100036,177,99984,177,100040,377,99981,177,100064,177,99976,177,100068,177,99964,177,100084,100,99951,100,100098,100,99946,100,100102,100,99936,100,100106,100,99935,100,100110,100,99933,200
2019-06-28 09:32:31.931996003,99997,100,99985,177,100019,77,99984,177,100036,177,99981,177,100040,377,99976,177,100064,177,99964,177,100068,177,99951,100,100084,100,99946,100,100098,100,99936,100,100102,100,99935,100,100106,100,99933,200
2019-06-28 09:32:40.000000000,99997,292,99985,292,100036,292,99984,292,100040,300,99981,100,100064,100,99976,100,100068,100,99964,100,100084,100,99951,100,100098,100,99946,100,100102,100,99936,100,100106,100,99935,100,100110,100,99933,200
2019-06-28 09:32:42.970900957,99997,292,99985,192,100036,292,99984,292,100040,300,99976,100,100064,100,99964,100,100068,100,99951,100,100084,100,99946,100,100098,100,99936,100,100102,100,99935,100,100106,100,99933,200,100110,100,99904,100
2019-06-28 09:32:50.000000000,99997,483,99984,483,100036,100,99976,100,100040,300,99964,100,100064,100,99951,100,100068,100,99946,100,100084,100,99936,100,100098,100,99935,100,100102,100,99933,200,100106,100,99904,100,100110,100,99895,100
2019-06-28 09:33:00.000000000,99997,177,99984,177,100036,177,99976,177,100040,377,99964,177,100064,177,99951,177,100068,177,99946,177,100084,100,99936,100,100098,100,99935,100,100102,100,99933,200,100106,100,99904,100,100110,100,99895,100
2019-06-28 09:33:03.162727241,99984,23,99976,177,99997,177,99964,177,100036,177,99951,177,100040,377,99946,177,100064,177,99936,100,100068,177,99935,100,100084,100,99933,200,100098,100,99904,100,100102,100,99895,100,100106,100,99890,100
2019-06-28 09:33:10.000000000,99984,119,99976,196,99997,196,99964,196,100036,196,99951,196,100040,396,99946,196,100064,100,99936,100,100068,100,99935,100,100084,100,99933,200,100098,100,99904,100,100102,100,99895,100,100106,100,99890,100
2019-06-28 09:33:18.421776398,99984,119,99976,196,99997,196,99964,196,100036,196,99951,196,100040,396,99946,196,100064,100,99936,100,100068,100,99935,100,100084,100,99933,200,100098,100,99904,100,100102,100,99895,100,100106,100,99890,100
2019-06-28 09:33:20.000000000,99984,406,99976,483,99997,100,99964,100,100036,100,99951,100,100040,300,99946,100,100064,100,99936,100,100068,100,99935,100,100084,100,99933,200,100098,100,99904,100,100102,100,99895,100,100106,100,99890,100
2019-06-28 09:33:30.000000000,99984,215,99976,292,99997,292,99964,292,100036,100,99951,100,100040,300,99946,100,100064,100,99936,100,100068,100,99935,100,100084,100,99933,200,100098,100,99904,100,100102,100,99895,100,100106,100,99890,100
2019-06-28 09:33:37.383205287,99984,215,99976,292,99985,100,99964,292,99997,292,99951,100,100036,100,99946,100,100040,300,99936,100,100064,100,99935,100,100068,100,99933,200,100084,100,99904,100,100098,100,99895,100,100102,100,99890,100
2019-06-28 09:33:40.000000000,99984,153,99976,230,99985,226,99964,226,99997,226,99951,226,100036,100,99946,100,100040,300,99936,100,100064,100,99935,100,100068,100,99933,200,100084,100,99904,100,100098,100,99895,100,100102,100,99890,100
2019-06-28 09:33:44.647856370,99984,153,99976,130,99985,226,99964,226,99997,226,99951,226,100036,100,99946,100,100040,300,99936,100,100064,100,99935,100,100068,100,99933,200,100084,100,99904,100,100098,100,99895,100,100102,100,99890,100
2019-06-28 09:33:49.899946697,99984,153,99976,130,99985,226,99964,226,99997,226,99951,226,100036,100,99946,100,100040,300,99936,100,100064,100,99935,100,100068,100,99933,200,100084,100,99904,100,100098,100,99895,100,100102,100,99890,100
2019-06-28 09:33:50.000000000,99984,100,99964,177,99985,177,99951,177,99997,177,99946,177,100036,177,99936,177,100040,377,99935,177,100064,100,99933,200,100068,100,99904,100,100084,100,99895,100,100098,100,99890,100,100102,100,99886,100
2019-06-28 09:33:53.001817178,99984,100,99964,77,99985,177,99951,177,99997,177,99946,177,100036,177,99936,177,100040,377,99935,177,100064,100,99933,200,100068,100,99904,100,100084,100,99895,100,100098,100,99890,100,100102,100,99886,100
2019-06-28 09:34:00.000000000,99984,100,99951,177,99985,177,99946,177,99997,177,99936,177,100036,177,99935,177,100040,377,99933,277,100064,100,99904,100,100068,100,99895,100,100084,100,99890,100,100098,100,99886,100,100102,100,99872,100
2019-06-28 09:34:03.823861790,99984,100,99951,177,99985,177,99946,177,99997,177,99936,177,100036,177,99935,177,100040,377,99933,277,100068,100,99904,100,100084,100,99895,100,100098,100,99890,100,100102,100,99886,100,100106,100,99872,100
2019-06-28 09:34:03.980508391,99984,100,99951,177,99985,177,99946,177,99997,177,99936,177,100036,177,99935,177,100040,377,99933,277,100068,100,99904,100,100084,100,99895,100,100098,100,99890,100,100102,100,99872,100,100106,100,99858,100
2019-06-28 09:34:07.465387436,99984,100,99951,177,99985,177,99946,177,99997,177,99936,177,100036,177,99935,177,100040,377,99933,277,100068,100,99904,100,100084,100,99895,100,100098,100,99890,100,100102,100,99872,100,100106,100,99858,100
2019-06-28 09:34:10.000000000,99984,406,99951,483,99985,100,99946,100,99997,100,99936,100,100036,100,99935,100,100040,300,99933,200,100068,100,99904,100,100084,100,99895,100,100098,100,99890,100,100102,100,99872,100,100106,100,99858,100
2019-06-28 09:34:13.039443524,99984,406,99951,483,99985,100,99946,100,99997,100,99936,100,100036,100,99935,100,100040,300,99933,200,100068,100,99904,100,100084,100,99895,100,100098,100,99890,100,100102,100,99872,100,100106,100,99858,100
2019-06-28 09:34:15.967266634,99984,406,99951,483,99985,100,99946,100,99997,100,99936,100,100036,100,99935,100,100040,300,99933,200,100068,100,99904,100,100084,100,99895,100,100098,100,99890,100,100102,100,99872,100,100106,100,99858,100
2019-06-28 09:34:20.000000000,99984,100,99951,177,99985,177,99946,177,99997,177,99936,177,100036,177,99935,177,100040,377,99933,277,100068,100,99904,100,100084,100,99895,100,100098,100,99890,100,100102,100,99872,100,100106,100,99858,100
2019-06-28 09:34:30.000000000,99984,119,99951,196,99985,196,99946,196,99997,196,99936,196,100036,196,99935,196,100040,300,99933,200,100068,100,99904,100,100084,100,99895,100,100098,100,99890,100,100102,100,99872,100,100106,100,99858,100
2019-06-28 09:34:38.686257132,99984,119,99977,100,99985,196,99951,196,99997,196,99946,196,100036,196,99936,196,100040,300,99935,196,100068,100,99933,200,100084,100,99904,100,100098,100,99895,100,100102,100,99890,100,100106,100,99872,100
2019-06-28 09:34:40.000000000,99984,100,99977,177,99985,177,99951,177,99997,177,99946,177,100036,177,99936,177,100040,377,99935,177,100068,100,99933,200,100084,100,99904,100,100098,100,99895,100,100102,100,99890,100,100106,100,99872,100
2019-06-28 09:34:50.000000000,99984,119,99977,196,99985,196,99951,196,99997,196,99946,196,100036,196,99936,196,100040,300,99935,100,100068,100,99933,200,100084,100,99904,100,100098,100,99895,100,100102,100,99890,100,100106,100,99872,100
2019-06-28 09:35:00.000000000,99984,100,99977,177,99985,177,99951,177,99997,177,99946,177,100036,177,99936,177,100040,377,99935,177,100068,100,99933,200,100084,100,99904,100,100098,100,99895,100,100102,100,99890,100,100106,100,99872,100
2019-06-28 09:35:10.000000000,99984,119,99977,196,99985,196,99951,196,99997,196,99946,196,100036,196,99936,196,100040,300,99935,100,100068,100,99933,200,100084,100,99904,100,100098,100,99895,100,100102,100,99890,100,100106,100,99872,100
2019-06-28 09:35:14.826330231,99984,119,99977,196,99985,196,99951,196,99997,196,99946,196,100036,196,99936,196,100040,300,99935,100,100068,100,99933,200,100084,100,99904,100,100098,100,99895,100,100102,100,99890,100,100106,100,99872,100
2019-06-28 09:35:20.000000000,99984,153,99977,230,99985,226,99951,226,99997,226,99946,226,100036,100,99936,100,100040,300,99935,100,100068,100,99933,200,100084,100,99904,100,100098,100,99895,100,100102,100,99890,100,100106,100,99872,100
2019-06-28 09:35:30.000000000,99984,406,99977,483,99985,100,99951,100,99997,100,99946,100,100036,100,99936,100,100040,300,99935,100,100068,100,99933,200,100084,100,99904,100,100098,100,99895,100,100102,100,99890,100,100106,100,99872,100
2019-06-28 09:35:35.374170958,99984,406,99977,483,99985,100,99951,100,99997,100,99946,100,100036,100,99936,100,100040,300,99935,100,100068,100,99933,200,100084,100,99904,100,100098,100,99895,100,100102,100,99890,100,100106,100,99872,100
2019-06-28 09:35:40.000000000,99984,406,99977,483,99985,100,99951,100,99997,100,99946,100,100036,100,99936,100,100040,300,99935,100,100068,100,99933,200,100084,100,99904,100,100098,100,99895,100,100102,100,99890,100,100106,100,99872,100
2019-06-28 09:35:44.949630232,99984,306,99977,483,99985,100,99951,100,99997,100,99946,100,100036,100,99935,100,100040,300,99933,200,100068,100,99904,100,100084,100,99895,100,100098,100,99890,100,100102,100,99872,100,100106,100,99858,100
2019-06-28 09:35:48.520335375,99984,206,99977,483,99985,100,99951,100,99997,100,99946,100,100036,100,99935,100,100040,300,99933,200,100068,100,99904,100,100084,100,99895,100,100098,100,99890,100,100102,100,99872,100,100106,100,99856,100
2019-06-28 09:35:50.000000000,99985,230,99977,230,99997,226,99951,226,100036,226,99946,226,100040,300,99935,100,100068,100,99933,200,100084,100,99904,100,100098,100,99895,100,100102,100,99890,100,100106,100,99872,100,100110,100,99856,100
2019-06-28 09:35:51.283452688,99985,230,99977,230,99997,226,99951,226,100036,226,99946,226,100040,300,99935,100,100068,100,99933,200,100084,100,99904,100,100098,100,99895,100,100102,100,99890,100,100106,100,99872,100,100110,100,99820,100
2019-06-28 09:36:00.000000000,99985,177,99977,177,99997,177,99951,177,100036,177,99946,177,100040,377,99935,177,100068,177,99933,277,100084,100,99904,100,100098,100,99895,100,100102,100,99890,100,100106,100,99872,100,100110,100,99820,100
2019-06-28 09:36:10.000000000,99985,483,99977,483,99997,100,99951,100,100036,100,99946,100,100040,300,99935,100,100068,100,99933,200,100084,100,99904,100,100098,100,99895,100,100102,100,99890,100,100106,100,99872,100,100110,100,99820,100
2019-06-28 09:36:20.000000000,99985,483,99977,483,99997,100,99951,100,100036,100,99946,100,100040,300,99935,100,100068,100,99933,200,100084,100,99904,100,100098,100,99895,100,100102,100,99890,100,100106,100,99872,100,100110,100,99820,100
2019-06-28 09:36:30.000000000,99985,483,99977,483,99997,100,99951,100,100036,100,99946,100,100040,300,99935,100,100068,100,99933,200,100084,100,99904,100,100098,100,99895,100,100102,100,99890,100,100106,100,99872,100,100110,100,99820,100
2019-06-28 09:36:38.462481192,99985,483,99977,483,99997,100,99951,100,100036,100,99946,100,100040,300,99935,100,100068,100,99933,200,100084,100,99904,100,100098,100,99895,100,100102,100,99890,100,100106,100,99872,100,100110,100,99820,100
2019-06-28 09:36:38.942174920,99985,483,99977,483,99997,100,99951,100,100036,100,99946,100,100040,300,99935,100,100068,100,99933,200,100084,100,99904,100,100098,100,99895,100,100102,100,99890,100,100106,100,99872,100,100110,100,99820,100
2019-06-28 09:36:39.853979300,99985,383,99977,483,99997,100,99951,100,100036,100,99946,100,100040,300,99935,100,100068,100,99933,200,100084,100,99904,100,100098,100,99895,100,100102,100,99890,100,100106,100,99872,100,100110,100,99820,100
2019-06-28 09:36:40.000000000,99997,177,99977,177,100036,177,99951,177,100040,377,99946,177,100068,177,99935,177,100084,177,99933,277,100098,100,99904,100,100102,100,99895,100,100106,100,99890,100,100110,100,99872,100,100116,100,99820,100
2019-06-28 09:36:50.000000000,99997,196,99977,196,100036,196,99951,196,100040,396,99946,196,100068,196,99935,196,100084,100,99933,200,100098,100,99904,100,100102,100,99895,100,100106,100,99890,100,100110,100,99872,100,100116,100,99820,100
2019-06-28 09:37:00.000000000,99997,196,99977,196,100036,196,99951,196,100040,396,99946,196,100068,196,99935,196,100084,100,99933,200,100098,100,99904,100,100102,100,99895,100,100106,100,99890,100,100110,100,99872,100,100116,100,99820,100
2019-06-28 09:37:10.000000000,99997,292,99977,292,100036,292,99951,292,100040,300,99946,100,100068,100,99935,100,100084,100,99933,200,100098,100,99904,100,100102,100,99895,100,100106,100,99890,100,100110,100,99872,100,100116,100,99820,100
2019-06-28 09:37:20.000000000,99997,292,99977,292,100036,292,99951,292,100040,300,99946,100,100068,100,99935,100,100084,100,99933,200,100098,100,99904,100,100102,100,99895,100,100106,100,99890,100,100110,100,99872,100,100116,100,99820,100
2019-06-28 09:37:30.000000000,99997,230,99977,230,100036,226,99951,226,100040,426,99946,226,100068,100,99935,100,100084,100,99933,200,100098,100,99904,100,100102,100,99895,100,100106,100,99890,100,100110,100,99872,100,100116,100,99820,100
2019-06-28 09:37:40.000000000,99997,483,99977,483,100036,100,99951,100,100040,300,99946,100,100068,100,99935,100,100084,100,99933,200,100098,100,99904,100,100102,100,99895,100,100106,100,99890,100,100110,100,99872,100,100116,100,99820,100
2019-06-28 09:37:50.000000000,99997,196,99977,196,100036,196,99951,196,100040,396,99946,196,100068,196,99935,196,100084,100,99933,200,100098,100,99904,100,100102,100,99895,100,100106,100,99890,100,100110,100,99872,100,100116,100,99820,100
2019-06-28 09:37:56.704448500,99997,196,99977,196,100036,196,99951,196,100040,396,99946,196,100068,196,99935,196,100084,100,99933,200,100098,100,99904,100,100102,100,99895,100,100106,100,99890,100,100110,100,99872,100,100116,100,99820,100
2019-06-28 09:38:00.000000000,99997,230,99977,230,100036,226,99951,226,100040,426,99946,226,100068,100,99935,100,100084,100,99933,200,100098,100,99904,100,100102,100,99895,100,100106,100,99890,100,100110,100,99872,100,100116,100,99820,100
2019-06-28 09:38:10.000000000,99997,230,99977,230,100036,226,99951,226,100040,426,99946,226,100068,100,99935,100,100084,100,99933,200,100098,100,99904,100,100102,100,99895,100,100106,100,99890,100,100110,100,99872,100,100116,100,99820,100
2019-06-28 09:38:11.224359782,99997,230,99984,100,100036,226,99977,130,100040,426,99951,226,100068,100,99946,226,100084,100,99935,100,100098,100,99933,200,100102,100,99904,100,100106,100,99895,100,100110,100,99890,100,100116,100,99872,100
2019-06-28 09:38:20.000000000,99997,177,99984,177,100036,177,99951,177,100040,377,99946,177,100068,177,99935,177,100084,177,99933,277,100098,100,99904,100,100102,100,99895,100,100106,100,99890,100,100110,100,99872,100,100116,100,99820,100
2019-06-28 09:38:30.000000000,99997,230,99984,230,100036,226,99951,226,100040,426,99946,226,100068,100,99935,100,100084,100,99933,200,100098,100,99904,100,100102,100,99895,100,100106,100,99890,100,100110,100,99872,100,100116,100,99820,100
2019-06-28 09:38:40.000000000,99997,230,99984,230,100036,226,99951,226,100040,426,99946,226,100068,100,99935,100,100084,100,99933,200,100098,100,99904,100,100102,100,99895,100,100106,100,99890,100,100110,100,99872,100,100116,100,99820,100
2019-06-28 09:38:50.000000000,99997,177,99984,177,100036,177,99951,177,100040,377,99946,177,100068,177,99935,177,100084,177,99933,277,100098,100,99904,100,100102,100,99895,100,100106,100,99890,100,100110,100,99872,100,100116,100,99820,100
2019-06-28 09:38:55.483351189,99997,177,99984,77,100036,177,99951,177,100040,377,99946,177,100068,177,99935,177,100084,177,99933,277,100098,100,99904,100,100102,100,99895,100,100106,100,99890,100,100110,100,99872,100,100116,100,99820,100
2019-06-28 09:39:00.000000000,99997,196,99951,196,100036,196,99946,196,100040,396,99935,196,100068,196,99933,296,100084,100,99904,100,100098,100,99895,100,100102,100,99890,100,100106,100,99872,100,100110,100,99820,100,100116,100,99785,100
2019-06-28 09:39:10.000000000,99997,483,99951,483,100036,100,99946,100,100040,300,99935,100,100068,100,99933,200,100084,100,99904,100,100098,100,99895,100,100102,100,99890,100,100106,100,99872,100,100110,100,99820,100,100116,100,99785,100
2019-06-28 09:39:20.000000000,99997,230,99951,230,100036,226,99946,226,100040,426,99935,226,100068,100,99933,200,100084,100,99904,100,100098,100,99895,100,100102,100,99890,100,100106,100,99872,100,100110,100,99820,100,100116,100,99785,100
2019-06-28 09:39:30.000000000,99997,230,99951,230,100036,226,99946,226,100040,426,99935,226,100068,100,99933,200,100084,100,99904,100,100098,100,99895,100,100102,100,99890,100,100106,100,99872,100,100110,100,99820,100,100116,100,99785,100
2019-06-28 09:39:40.000000000,99997,292,99951,292,100036,292,99946,292,100040,300,99935,100,100068,100,99933,200,100084,100,99904,100,100098,100,99895,100,100102,100,99890,100,100106,100,99872,100,100110,100,99820,100,100116,100,99785,100
2019-06-28 09:39:50.000000000,99997,196,99951,196,100036,196,99946,196,100040,396,99935,196,100068,196,99933,296,100084,100,99904,100,100098,100,99895,100,100102,100,99890,100,100106,100,99872,100,100110,100,99820,100,100116,100,99785,100
2019-06-28 09:39:56.584867978,99997,196,99951,196,100036,196,99946,196,100040,396,99935,196,100068,196,99933,296,100084,100,99904,100,100098,100,99895,100,100102,100,99890,100,100106,100,99872,100,100110,100,99820,100,100116,100,99785,100
2019-06-28 09:40:00.000000000,99997,177,99951,177,100036,177,99946,177,100040,377,99935,177,100068,177,99933,277,100084,177,99904,177,100098,100,99895,100,100102,100,99890,100,100106,100,99872,100,100110,100,99820,100,100116,100,99785,100
2019-06-28 09:40:04.889726556,99997,177,99951,177,100036,177,99946,177,100040,377,99935,177,100068,177,99933,277,100084,177,99904,177,100098,100,99895,100,100102,100,99890,100,100106,100,99872,100,100110,100,99820,100,100116,100,99785,100
2019-06-28 09:40:08.691917130,99997,77,99951,177,100036,177,99946,177,100040,377,99935,177,100068,177,99933,277,100084,177,99904,177,100098,100,99895,100,100102,100,99890,100,100106,100,99872,100,100110,100,99820,100,100116,100,99785,100
2019-06-28 09:40:09.713002475,99997,77,99951,177,100036,177,99946,177,100040,377,99935,177,100068,177,99933,277,100084,177,99904,177,100098,100,99895,100,100102,100,99890,100,100110,100,99872,100,100116,100,99820,100,100130,100,99785,100
2019-06-28 09:40:10.000000000,100036,196,99951,196,100040,396,99946,196,100068,196,99935,196,100084,196,99933,296,100098,100,99904,100,100102,100,99895,100,100110,100,99890,100,100116,100,99872,100,100130,100,99820,100,100136,100,99785,100
2019-06-28 09:40:10.328313038,100036,96,99951,196,100040,396,99946,96,100068,196,99935,196,100084,196,99933,296,100098,100,99904,100,100102,100,99895,100,100110,100,99890,100,100116,100,99872,100,100130,100,99820,100,100136,100,99785,100
2019-06-28 09:40:15.466333896,100036,96,99951,196,100040,396,99946,96,100068,196,99935,196,100084,196,99933,296,100098,100,99904,100,100102,100,99895,100,100110,100,99890,100,100116,100,99872,100,100130,100,99820,100,100136,100,99785,100
2019-06-28 09:40:20.000000000,100040,396,99951,196,100068,196,99935,196,100084,196,99933,296,100098,196,99904,196,100102,100,99895,100,100110,100,99890,100,100116,100,99872,100,100130,100,99820,100,100136,100,99785,100,100348,100,99759,100
2019-06-28 09:40:21.827346406,100040,296,99951,196,100068,196,99935,196,100084,196,99933,296,100098,196,99904,196,100102,100,99895,100,100110,100,99890,100,100116,100,99872,100,100130,100,99820,100,100136,100,99785,100,100348,100,99759,100
2019-06-28 09:40:30.000000000,100040,330,99951,230,100068,226,99935,226,100084,226,99933,326,100098,100,99904,100,100102,100,99895,100,100110,100,99890,100,100116,100,99872,100,100130,100,99820,100,100136,100,99785,100,100348,100,99759,100
2019-06-28 09:40:33.154259347,100040,230,99951,230,100068,226,99935,226,100084,226,99933,326,100098,100,99904,100,100102,100,99895,100,100110,100,99890,100,100116,100,99872,100,100130,100,99820,100,100136,100,99785,100,100348,100,99759,100
2019-06-28 09:40:33.872485250,100040,130,99951,230,100068,226,99935,226,100084,226,99933,326,100098,100,99904,100,100102,100,99895,100,100110,100,99890,100,100116,100,99872,100,100130,100,99820,100,100136,100,99785,100,100348,100,99759,100
2019-06-28 09:40:40.000000000,100068,196,99951,196,100084,196,99935,196,100098,196,99933,296,100102,196,99904,196,100110,100,99895,100,100116,100,99890,100,100130,100,99872,100,100136,100,99820,100,100348,100,99785,100,100484,100,99759,100
2019-06-28 09:40:47.835538494,100068,196,99951,196,100084,196,99935,196,100098,196,99933,296,100102,196,99904,196,100110,100,99895,100,100116,100,99890,100,100130,100,99872,100,100136,100,99820,100,100348,100,99785,100,100484,100,99759,100
2019-06-28 09:40:50.000000000,100068,292,99951,292,100084,292,99935,292,100098,100,99933,200,100102,100,99904,100,100110,100,99895,100,100116,100,99890,100,100130,100,99872,100,100136,100,99820,100,100348,100,99785,100,100484,100,99759,100
2019-06-28 09:41:00.000000000,100068,483,99951,483,100084,100,99935,100,100098,100,99933,200,100102,100,99904,100,100110,100,99895,100,100116,100,99890,100,100130,100,99872,100,100136,100,99820,100,100348,100,99785,100,100484,100,99759,100
2019-06-28 09:41:10.000000000,100068,177,99951,177,100084,177,99935,177,100098,177,99933,277,100102,177,99904,177,100110,177,99895,177,100116,100,99890,100,100130,100,99872,100,100136,100,99820,100,100348,100,99785,100,100484,100,99759,100
2019-06-28 09:41:16.226948029,100068,77,99951,177,100084,177,99935,177,100098,177,99933,277,100102,177,99904,177,100110,177,99895,177,100116,100,99890,100,100130,100,99872,100,100136,100,99820,100,100348,100,99785,100,100484,100,99759,100
2019-06-28 09:41:16.749277969,100068,77,100040,100,100084,177,99951,177,100098,177,99935,177,100102,177,99933,277,100110,177,99904,177,100116,100,99895,177,100130,100,99890,100,100136,100,99872,100,100348,100,99820,100,100484,100,99785,100
2019-06-28 09:41:20.000000000,100084,483,100040,483,100098,100,99951,100,100102,100,99935,100,100110,100,99933,200,100116,100,99904,100,100130,100,99895,100,100136,100,99890,100,100348,100,99872,100,100484,100,99820,100,100555,100,99785,100
2019-06-28 09:41:25.299101717,100084,483,100040,483,100098,100,99951,100,100102,100,99935,100,100110,100,99933,100,100116,100,99904,100,100130,100,99895,100,100136,100,99890,100,100348,100,99872,100,100484,100,99820,100,100555,100,99785,100
2019-06-28 09:41:30.000000000,100084,230,100040,230,100098,226,99951,226,100102,226,99935,226,100110,100,99933,100,100116,100,99904,100,100130,100,99895,100,100136,100,99890,100,100348,100,99872,100,100484,100,99820,100,100555,100,99785,100
2019-06-28 09:41:40.000000000,100084,196,100040,196,100098,196,99951,196,100102,196,99935,196,100110,196,99933,196,100116,100,99904,100,100130,100,99895,100,100136,100,99890,100,100348,100,99872,100,100484,100,99820,100,100555,100,99785,100
2019-06-28 09:41:50.000000000,100084,292,100040,292,100098,292,99951,292,100102,100,99935,100,100110,100,99933,100,100116,100,99904,100,100130,100,99895,100,100136,100,99890,100,100348,100,99872,100,100484,100,99820,100,100555,100,99785,100
2019-06-28 09:41:57.285410264,100084,292,100040,292,100098,292,99951,292,100102,100,99935,100,100110,100,99933,100,100116,100,99904,100,100130,100,99895,100,100136,100,99890,100,100348,100,99872,100,100484,100,99820,100,100555,100,99785,100
2019-06-28 09:41:59.579548130,100084,292,100040,392,100098,292,99951,292,100102,100,99935,100,100110,100,99933,100,100116,100,99904,100,100130,100,99895,100,100136,100,99890,100,100348,100,99872,100,100484,100,99820,100,100555,100,99785,100
2019-06-28 09:42:00.000000000,100084,230,100040,330,100098,226,99951,226,100102,226,99935,226,100110,100,99933,100,100116,100,99904,100,100130,100,99895,100,100136,100,99890,100,100348,100,99872,100,100484,100,99820,100,100555,100,99785,100
2019-06-28 09:42:05.443167795,100084,230,100040,430,100098,226,99951,226,100102,226,99935,226,100110,100,99933,100,100116,100,99904,100,100130,100,99895,100,100136,100,99890,100,100348,100,99872,100,100484,100,99820,100,100555,100,99785,100
2019-06-28 09:42:10.000000000,100084,483,100040,683,100098,100,99951,100,100102,100,99935,100,100110,100,99933,100,100116,100,99904,100,100130,100,99895,100,100136,100,99890,100,100348,100,99872,100,100484,100,99820,100,100555,100,99785,100
2019-06-28 09:42:20.000000000,100084,196,100040,396,100098,196,99951,196,100102,196,99935,196,100110,196,99933,196,100116,100,99904,100,100130,100,99895,100,100136,100,99890,100,100348,100,99872,100,100484,100,99820,100,100555,100,99785,100
2019-06-28 09:42:30.000000000,100084,177,100040,377,100098,177,99951,177,100102,177,99935,177,100110,177,99933,177,100116,177,99904,177,100130,100,99895,100,100136,100,99890,100,100348,100,99872,100,100484,100,99820,100,100555,100,99785,100
2019-06-28 09:42:40.000000000,100084,292,100040,492,100098,292,99951,292,100102,100,99935,100,100110,100,99933,100,100116,100,99904,100,100130,100,99895,100,100136,100,99890,100,100348,100,99872,100,100484,100,99820,100,100555,100,99785,100
2019-06-28 09:42:40.983507839,100084,192,100040,492,100098,292,99951,292,100102,100,99935,100,100110,100,99933,100,100116,100,99904,100,100130,100,99895,100,100136,100,99890,100,100348,100,99872,100,100484,100,99820,100,100555,100,99785,100
2019-06-28 09:42:49.847362194,100084,192,100040,492,100098,292,99951,292,100102,100,99935,100,100110,100,99933,100,100116,100,99904,100,100130,100,99895,100,100136,100,99890,100,100484,100,99872,100,100555,100,99820,100,100580,100,99785,100
2019-06-28 09:42:50.000000000,100098,177,100040,377,100102,177,99951,177,100110,177,99935,177,100116,177,99933,177,100130,177,99904,177,100136,100,99895,100,100484,100,99890,100,100555,100,99872,100,100580,100,99820,100,100820,100,99785,100
2019-06-28 09:43:00.000000000,100098,177,100040,377,100102,177,99951,177,100110,177,99935,177,100116,177,99933,177,100130,177,99904,177,100136,100,99895,100,100484,100,99890,100,100555,100,99872,100,100580,100,99820,100,100820,100,99785,100
2019-06-28 09:43:07.401000778,100098,177,100040,377,100102,177,99951,177,100110,177,99935,177,100116,177,99933,177,100130,177,99904,177,100136,100,99895,100,100484,100,99890,100,100555,100,99872,100,100580,100,99820,100,100820,100,99785,100
2019-06-28 09:43:08.021282099,100098,177,100040,377,100102,177,99951,177,100110,177,99935,177,100116,177,99933,177,100130,177,99904,177,100136,100,99895,100,100484,100,99890,100,100555,100,99872,100,100580,100,99820,100,100820,100,99785,100
2019-06-28 09:43:10.000000000,100098,196,100040,396,100102,196,99951,196,100110,196,99935,196,100116,196,99933,196,100130,100,99904,100,100136,100,99895,100,100484,100,99890,100,100555,100,99872,100,100580,100,99820,100,100820,100,99785,100
2019-06-28 09:43:12.468428864,100098,96,100040,396,100102,196,99951,196,100110,196,99935,196,100116,196,99933,196,100130,100,99904,100,100136,100,99895,100,100484,100,99890,100,100555,100,99872,100,100580,100,99820,100,100820,100,99785,100
2019-06-28 09:43:15.239716553,100098,96,100040,396,100102,196,99951,196,100110,196,99935,196,100116,196,99933,196,100136,100,99904,100,100484,100,99895,100,100555,100,99890,100,100580,100,99872,100,100820,100,99820,100,100853,100,99785,100
2019-06-28 09:43:20.000000000,100102,230,100040,430,100110,226,99951,226,100116,226,99935,226,100136,100,99933,100,100484,100,99904,100,100555,100,99895,100,100580,100,99890,100,100820,100,99872,100,100853,100,99820,100,100900,100,99785,100
2019-06-28 09:43:30.000000000,100102,483,100040,683,100110,100,99951,100,100116,100,99935,100,100136,100,99933,100,100484,100,99904,100,100555,100,99895,100,100580,100,99890,100,100820,100,99872,100,100853,100,99820,100,100900,100,99785,100
2019-06-28 09:43:40.000000000,100102,230,100040,430,100110,226,99951,226,100116,226,99935,226,100136,100,99933,100,100484,100,99904,100,100555,100,99895,100,100580,100,99890,100,100820,100,99872,100,100853,100,99820,100,100900,100,99785,100
2019-06-28 09:43:50.000000000,100102,196,100040,396,100110,196,99951,196,100116,196,99935,196,100136,196,99933,196,100484,100,99904,100,100555,100,99895,100,100580,100,99890,100,100820,100,99872,100,100853,100,99820,100,100900,100,99785,100
2019-06-28 09:44:00.000000000,100102,196,100040,396,100110,196,99951,196,100116,196,99935,196,100136,196,99933,196,100484,100,99904,100,100555,100,99895,100,100580,100,99890,100,100820,100,99872,100,100853,100,99820,100,100900,100,99785,100
2019-06-28 09:44:10.000000000,100102,177,100040,377,100110,177,99951,177,100116,177,99935,177,100136,177,99933,177,100484,177,99904,177,100555,100,99895,100,100580,100,99890,100,100820,100,99872,100,100853,100,99820,100,100900,100,99785,100
2019-06-28 09:44:20.000000000,100102,483,100040,683,100110,100,99951,100,100116,100,99935,100,100136,100,99933,100,100484,100,99904,100,100555,100,99895,100,100580,100,99890,100,100820,100,99872,100,100853,100,99820,100,100900,100,99785,100
2019-06-28 09:44:30.000000000,100102,292,100040,492,100110,292,99951,292,100116,100,99935,100,100136,100,99933,100,100484,100,99904,100,100555,100,99895,100,100580,100,99890,100,100820,100,99872,100,100853,100,99820,100,100900,100,99785,100
2019-06-28 09:44:40.000000000,100102,483,100040,683,100110,100,99951,100,100116,100,99935,100,100136,100,99933,100,100484,100,99904,100,100555,100,99895,100,100580,100,99890,100,100820,100,99872,100,100853,100,99820,100,100900,100,99785,100
2019-06-28 09:44:50.000000000,100102,483,100040,683,100110,100,99951,100,100116,100,99935,100,100136,100,99933,100,100484,100,99904,100,100555,100,99895,100,100580,100,99890,100,100820,100,99872,100,100853,100,99820,100,100900,100,99785,100
2019-06-28 09:44:51.121584032,100102,483,100040,683,100116,100,99951,100,100136,100,99935,100,100484,100,99933,100,100555,100,99904,100,100580,100,99895,100,100820,100,99890,100,100853,100,99872,100,100900,100,99820,100,100944,100,99785,100
2019-06-28 09:45:00.000000000,100102,196,100040,396,100116,196,99951,196,100136,196,99935,196,100484,196,99933,196,100555,100,99904,100,100580,100,99895,100,100820,100,99890,100,100853,100,99872,100,100900,100,99820,100,100944,100,99785,100
2019-06-28 09:45:06.870542414,100102,196,100040,396,100116,196,99951,196,100136,196,99935,196,100484,196,99933,196,100555,100,99904,100,100580,100,99895,100,100820,100,99890,100,100853,100,99872,100,100900,100,99820,100,100944,100,99785,100
2019-06-28 09:45:08.449518173,100102,196,100040,396,100116,196,99951,196,100136,196,99935,196,100484,196,99933,196,100555,100,99904,100,100580,100,99895,100,100820,100,99890,100,100900,100,99872,100,100944,100,99820,100,100976,100,99785,100
2019-06-28 09:45:10.000000000,100102,196,100040,396,100116,196,99951,196,100136,196,99935,196,100484,196,99933,196,100555,100,99904,100,100580,100,99895,100,100820,100,99890,100,100900,100,99872,100,100944,100,99820,100,100976,100,99785,100
2019-06-28 09:45:20.000000000,100102,196,100040,396,100116,196,99951,196,100136,196,99935,196,100484,196,99933,196,100555,100,99904,100,100580,100,99895,100,100820,100,99890,100,100900,100,99872,100,100944,100,99820,100,100976,100,99785,100
2019-06-28 09:45:30.000000000,100102,177,100040,377,100116,177,99951,177,100136,177,99935,177,100484,177,99933,177,100555,177,99904,177,100580,100,99895,100,100820,100,99890,100,100900,100,99872,100,100944,100,99820,100,100976,100,99785,100
2019-06-28 09:45:35.794097850,100102,177,100040,377,100116,177,99951,177,100136,177,99935,177,100484,177,99933,177,100555,177,99904,177,100580,100,99895,100,100820,100,99890,100,100900,100,99872,100,100944,100,99820,100,100976,100,99785,100
2019-06-28 09:45:40.000000000,100102,177,100040,377,100116,177,99951,177,100136,177,99935,177,100484,177,99933,177,100555,177,99904,177,100580,100,99895,100,100820,100,99890,100,100900,100,99872,100,100944,100,99820,100,100976,100,99785,100
2019-06-28 09:45:50.000000000,100102,483,100040,683,100116,100,99951,100,100136,100,99935,100,100484,100,99933,100,100555,100,99904,100,100580,100,99895,100,100820,100,99890,100,100900,100,99872,100,100944,100,99820,100,100976,100,99785,100
2019-06-28 09:46:00.000000000,100102,230,100040,430,100116,226,99951,226,100136,226,99935,226,100484,100,99933,100,100555,100,99904,100,100580,100,99895,100,100820,100,99890,100,100900,100,99872,100,100944,100,99820,100,100976,100,99785,100
2019-06-28 09:46:10.000000000,100102,292,100040,492,100116,292,99951,292,100136,100,99935,100,100484,100,99933,100,100555,100,99904,100,100580,100,99895,100,100820,100,99890,100,100900,100,99872,100,100944,100,99820,100,100976,100,99785,100
2019-06-28 09:46:16.368568134,100102,292,100068,100,100116,292,100040,492,100136,100,99951,292,100484,100,99935,100,100555,100,99933,100,100580,100,99904,100,100820,100,99895,100,100900,100,99890,100,100944,100,99872,100,100976,100,99820,100
2019-06-28 09:46:20.000000000,100102,196,100068,196,100116,196,100040,396,100136,196,99951,196,100484,196,99935,196,100555,100,99933,100,100580,100,99904,100,100820,100,99895,100,100900,100,99890,100,100944,100,99872,100,100976,100,99820,100
2019-06-28 09:46:30.000000000,100102,177,100068,177,100116,177,100040,377,100136,177,99951,177,100484,177,99935,177,100555,177,99933,177,100580,100,99904,100,100820,100,99895,100,100900,100,99890,100,100944,100,99872,100,100976,100,99820,100
2019-06-28 09:46:40.000000000,100102,196,100068,196,100116,196,100040,396,100136,196,99951,196,100484,196,99935,196,100555,100,99933,100,100580,100,99904,100,100820,100,99895,100,100900,100,99890,100,100944,100,99872,100,100976,100,99820,100
2019-06-28 09:46:48.955046753,100102,196,100068,296,100116,196,100040,396,100136,196,99951,196,100484,196,99935,196,100555,100,99933,100,100580,100,99904,100,100820,100,99895,100,100900,100,99890,100,100944,100,99872,100,100976,100,99820,100
2019-06-28 09:46:49.650889995,100102,196,100068,296,100116,196,100040,396,100136,196,99951,196,100484,196,99935,196,100555,100,99933,100,100580,100,99904,100,100820,100,99895,100,100900,100,99890,100,100944,100,99872,100,100976,100,99820,100
2019-06-28 09:46:50.000000000,100102,177,100068,277,100116,177,100040,377,100136,177,99951,177,100484,177,99935,177,100555,177,99933,177,100580,100,99904,100,100820,100,99895,100,100900,100,99890,100,100944,100,99872,100,100976,100,99820,100
2019-06-28 09:46:53.568027729,100102,77,100068,277,100116,177,100040,377,100136,177,99951,177,100484,177,99935,177,100555,177,99933,177,100580,100,99904,100,100820,100,99895,100,100900,100,99890,100,100944,100,99872,100,100976,100,99820,100
2019-06-28 09:47:00.000000000,100116,177,100068,277,100136,177,100040,377,100484,177,99951,177,100555,177,99935,177,100580,177,99933,177,100820,100,99904,100,100900,100,99895,100,100944,100,99890,100,100976,100,99872,100,101023,100,99820,100
2019-06-28 09:47:01.616399517,100116,177,100068,277,100136,177,100040,377,100484,177,99951,177,100555,177,99935,177,100580,177,99933,177,100820,100,99904,100,100900,100,99895,100,100944,100,99890,100,100976,100,99872,100,101023,100,99820,100
2019-06-28 09:47:10.000000000,100116,292,100068,392,100136,292,100040,492,100484,100,99951,100,100555,100,99935,100,100580,100,99933,100,100820,100,99904,100,100900,100,99895,100,100944,100,99890,100,100976,100,99872,100,101023,100,99820,100
2019-06-28 09:47:11.720328570,100116,192,100068,392,100136,292,100040,492,100484,100,99951,100,100555,100,99935,100,100580,100,99933,100,100820,100,99904,100,100900,100,99895,100,100944,100,99890,100,100976,100,99872,100,101023,100,99820,100
2019-06-28 09:47:20.000000000,100136,230,100068,330,100484,226,100040,426,100555,226,99951,226,100580,100,99935,100,100820,100,99933,100,100900,100,99904,100,100944,100,99895,100,100976,100,99890,100,101023,100,99872,100,101056,100,99820,100
2019-06-28 09:47:30.000000000,100136,196,100068,296,100484,196,100040,396,100555,196,99951,196,100580,196,99935,196,100820,100,99933,100,100900,100,99904,100,100944,100,99895,100,100976,100,99890,100,101023,100,99872,100,101056,100,99820,100
2019-06-28 09:47:40.000000000,100136,230,100068,330,100484,226,100040,426,100555,226,99951,226,100580,100,99935,100,100820,100,99933,100,100900,100,99904,100,100944,100,99895,100,100976,100,99890,100,101023,100,99872,100,101056,100,99820,100
2019-06-28 09:47:48.931727630,100136,230,100068,330,100484,226,100040,426,100555,226,99951,226,100580,100,99935,100,100820,100,99933,100,100900,100,99904,100,100944,100,99895,100,100976,100,99890,100,101023,100,99872,100,101056,100,99820,100
2019-06-28 09:47:50.000000000,100136,230,100068,330,100484,226,100040,426,100555,226,99951,226,100580,100,99935,100,100820,100,99933,100,100900,100,99904,100,100944,100,99895,100,100976,100,99890,100,101023,100,99872,100,101056,100,99820,100
2019-06-28 09:48:00.000000000,100136,483,100068,583,100484,100,100040,300,100555,100,99951,100,100580,100,99935,100,100820,100,99933,100,100900,100,99904,100,100944,100,99895,100,100976,100,99890,100,101023,100,99872,100,101056,100,99820,100
2019-06-28 09:48:02.348880532,100136,383,100068,583,100555,100,100040,300,100580,100,99951,100,100820,100,99935,100,100900,100,99933,100,100944,100,99904,100,100976,100,99895,100,101023,100,99890,100,101056,100,99872,100,101329,100,99820,100
2019-06-28 09:48:10.000000000,100555,177,100068,277,100580,177,100040,377,100820,177,99951,177,100900,177,99935,177,100944,177,99933,177,100976,100,99904,100,101023,100,99895,100,101056,100,99890,100,101329,100,99872,100,101393,100,99820,100
2019-06-28 09:48:11.115993376,100555,177,100068,277,100580,77,100040,377,100820,177,99951,177,100900,177,99935,177,100944,177,99933,177,100976,100,99904,100,101023,100,99895,100,101056,100,99890,100,101329,100,99872,100,101393,100,99820,100
2019-06-28 09:48:20.000000000,100555,177,100068,277,100820,177,100040,377,100900,177,99951,177,100944,177,99935,177,100976,177,99933,177,101023,100,99904,100,101056,100,99895,100,101329,100,99890,100,101393,100,99872,100,101507,100,99820,100
2019-06-28 09:48:30.000000000,100555,230,100068,330,100820,226,100040,426,100900,226,99951,226,100944,100,99935,100,100976,100,99933,100,101023,100,99904,100,101056,100,99895,100,101329,100,99890,100,101393,100,99872,100,101507,100,99820,100
2019-06-28 09:48:35.173583918,100555,230,100068,330,100820,226,100040,426,100900,226,99951,226,100944,100,99935,100,100976,100,99933,100,101023,100,99904,100,101056,100,99895,100,101329,100,99890,100,101393,100,99872,100,101507,100,99820,100
2019-06-28 09:48:40.000000000,100555,177,100068,277,100820,177,100040,377,100900,177,99951,177,100944,177,99935,177,100976,177,99933,177,101023,100,99904,100,101056,100,99895,100,101329,100,99890,100,101393,100,99872,100,101507,100,99820,100
2019-06-28 09:48:47.097592777,100555,177,100068,277,100820,177,100040,377,100900,177,99951,177,100944,177,99935,177,100976,177,99933,177,101023,100,99904,100,101056,100,99895,100,101329,100,99890,100,101393,100,99872,100,101507,100,99820,100
2019-06-28 09:48:49.432060331,100555,77,100068,277,100820,177,100040,377,100900,177,99951,177,100944,177,99935,177,100976,177,99933,177,101023,100,99904,100,101056,100,99895,100,101329,100,99890,100,101393,100,99872,100,101507,100,99820,100
2019-06-28 09:48:50.000000000,100820,177,100068,277,100900,177,100040,377,100944,177,99951,177,100976,177,99935,177,101023,177,99933,177,101056,100,99904,100,101329,100,99895,100,101393,100,99890,100,101507,100,99872,100,101536,100,99820,100
2019-06-28 09:49:00.000000000,100820,230,100068,330,100900,226,100040,426,100944,226,99951,226,100976,100,99935,100,101023,100,99933,100,101056,100,99904,100,101329,100,99895,100,101393,100,99890,100,101507,100,99872,100,101536,100,99820,100
2019-06-28 09:49:05.376623734,100820,230,100068,330,100900,226,100040,426,100944,226,99951,226,100976,100,99935,100,101023,100,99933,100,101056,100,99904,100,101329,100,99895,100,101393,100,99890,100,101507,100,99872,100,101536,100,99820,100
2019-06-28 09:49:10.000000000,100820,177,100068,277,100900,177,100040,377,100944,177,99951,177,100976,177,99935,177,101023,177,99933,177,101056,100,99904,100,101329,100,99895,100,101393,100,99890,100,101507,100,99872,100,101536,100,99820,100
2019-06-28 09:49:13.556818329,100820,77,100068,277,100900,177,100040,377,100944,177,99951,177,100976,177,99935,177,101023,177,99933,177,101056,100,99904,100,101329,100,99895,100,101393,100,99890,100,101507,100,99872,100,101536,100,99820,100
2019-06-28 09:49:20.000000000,100900,292,100068,392,100944,292,100040,492,100976,100,99951,100,101023,100,99935,100,101056,100,99933,100,101329,100,99904,100,101393,100,99895,100,101507,100,99890,100,101536,100,99872,100,101563,100,99820,100
2019-06-28 09:49:25.904923021,100900,292,100068,392,100944,292,100040,492,100976,100,99951,100,101023,100,99935,100,101056,100,99933,100,101329,100,99904,100,101393,100,99895,100,101507,100,99890,100,101536,100,99872,100,101563,100,99820,100
2019-06-28 09:49:30.000000000,100900,230,100068,330,100944,226,100040,426,100976,226,99951,226,101023,100,99935,100,101056,100,99933,100,101329,100,99904,100,101393,100,99895,100,101507,100,99890,100,101536,100,99872,100,101563,100,99820,100
2019-06-28 09:49:40.000000000,100900,196,100068,296,100944,196,100040,396,100976,196,99951,196,101023,196,99935,196,101056,100,99933,100,101329,100,99904,100,101393,100,99895,100,101507,100,99890,100,101536,100,99872,100,101563,100,99820,100
2019-06-28 09:49:50.000000000,100900,196,100068,296,100944,196,100040,396,100976,196,99951,196,101023,196,99935,196,101056,100,99933,100,101329,100,99904,100,101393,100,99895,100,101507,100,99890,100,101536,100,99872,100,101563,100,99820,100
2019-06-28 09:50:00.000000000,100900,230,100068,330,100944,226,100040,426,100976,226,99951,226,101023,100,99935,100,101056,100,99933,100,101329,100,99904,100,101393,100,99895,100,101507,100,99890,100,101536,100,99872,100,101563,100,99820,100
2019-06-28 09:50:06.183591243,100900,230,100068,330,100944,226,100040,426,100976,226,99951,226,101023,100,99935,100,101056,100,99933,100,101329,100,99904,100,101393,100,99895,100,101507,100,99890,100,101536,100,99872,100,101563,100,99820,100
2019-06-28 09:50:07.812804687,100900,130,100068,330,100944,226,100040,426,100976,226,99951,226,101023,100,99935,100,101056,100,99933,100,101329,100,99904,100,101393,100,99895,100,101507,100,99890,100,101536,100,99872,100,101563,100,99820,100
2019-06-28 09:50:10.000000000,100944,292,100068,392,100976,292,100040,492,101023,100,99951,100,101056,100,99935,100,101329,100,99933,100,101393,100,99904,100,101507,100,99895,100,101536,100,99890,100,101563,100,99872,100,101691,100,99820,100
2019-06-28 09:50:20.000000000,100944,177,100068,277,100976,177,100040,377,101023,177,99951,177,101056,177,99935,177,101329,177,99933,177,101393,100,99904,100,101507,100,99895,100,101536,100,99890,100,101563,100,99872,100,101691,100,99820,100
2019-06-28 09:50:28.910265170,100944,177,100068,277,100976,177,100040,277,101023,177,99951,177,101056,177,99935,177,101329,177,99933,177,101393,100,99904,100,101507,100,99895,100,101536,100,99890,100,101563,100,99872,100,101691,100,99820,100
2019-06-28 09:50:30.000000000,100944,196,100068,296,100976,196,100040,296,101023,196,99951,196,101056,196,99935,196,101329,100,99933,100,101393,100,99904,100,101507,100,99895,100,101536,100,99890,100,101563,100,99872,100,101691,100,99820,100
2019-06-28 09:50:40.000000000,100944,177,100068,277,100976,177,100040,277,101023,177,99951,177,101056,177,99935,177,101329,177,99933,177,101393,100,99904,100,101507,100,99895,100,101536,100,99890,100,101563,100,99872,100,101691,100,99820,100
2019-06-28 09:50:42.338776017,100944,77,100068,277,100976,177,100040,277,101023,177,99951,177,101056,177,99935,177,101329,177,99933,177,101393,100,99904,100,101507,100,99895,100,101536,100,99872,100,101563,100,99820,100,101691,100,99747,100
2019-06-28 09:50:50.000000000,100976,483,100068,583,101023,100,100040,200,101056,100,99951,100,101329,100,99935,100,101393,100,99933,100,101507,100,99904,100,101536,100,99895,100,101563,100,99872,100,101691,100,99820,100,101693,100,99747,100
2019-06-28 09:50:57.384120901,100976,383,100068,583,101023,100,100040,200,101056,100,99951,100,101329,100,99935,100,101393,100,99933,100,101507,100,99904,100,101536,100,99895,100,101563,100,99872,100,101691,100,99820,100,101693,100,99747,100
2019-06-28 09:51:00.000000000,101023,483,100068,583,101056,100,100040,200,101329,100,99951,100,101393,100,99935,100,101507,100,99933,100,101536,100,99904,100,101563,100,99895,100,101691,100,99872,100,101693,100,99820,100,101866,100,99747,100
2019-06-28 09:51:10.000000000,101023,292,100068,392,101056,292,100040,392,101329,100,99951,100,101393,100,99935,100,101507,100,99933,100,101536,100,99904,100,101563,100,99895,100,101691,100,99872,100,101693,100,99820,100,101866,100,99747,100
2019-06-28 09:51:12.168557169,101023,292,100068,392,101056,292,100040,392,101114,100,99951,100,101329,100,99935,100,101393,100,99933,100,101507,100,99904,100,101536,100,99895,100,101563,100,99872,100,101691,100,99820,100,101693,100,99747,100
2019-06-28 09:51:16.303178505,101023,292,100944,100,101056,292,100068,392,101114,100,100040,392,101329,100,99951,100,101393,100,99935,100,101507,100,99933,100,101536,100,99904,100,101563,100,99895,100,101691,100,99872,100,101693,100,99820,100
2019-06-28 09:51:20.000000000,101023,196,100944,196,101056,196,100068,296,101114,196,100040,296,101329,196,99951,196,101393,100,99935,100,101507,100,99933,100,101536,100,99904,100,101563,100,99895,100,101691,100,99872,100,101693,100,99820,100
2019-06-28 09:51:24.234843107,101023,96,100944,196,101053,100,100068,296,101056,196,100040,296,101114,196,99951,196,101329,196,99935,100,101393,100,99933,100,101507,100,99904,100,101536,100,99895,100,101563,100,99872,100,101691,100,99820,100
2019-06-28 09:51:25.496686539,101053,100,101023,4,101056,196,100944,196,101114,196,100068,296,101329,196,100040,296,101393,100,99951,196,101507,100,99935,100,101536,100,99933,100,101563,100,99904,100,101691,100,99895,100,101693,100,99872,100
2019-06-28 09:51:27.262409716,101056,196,101023,4,101114,196,100944,196,101329,196,100068,296,101393,100,100040,296,101507,100,99951,196,101536,100,99935,100,101563,100,99933,100,101691,100,99904,100,101693,100,99895,100,101866,100,99872,100
2019-06-28 09:51:30.000000000,101056,230,101023,134,101114,226,100944,226,101329,226,100068,326,101393,100,100040,200,101507,100,99951,100,101536,100,99935,100,101563,100,99933,100,101691,100,99904,100,101693,100,99895,100,101866,100,99872,100
2019-06-28 09:51:32.670188335,101056,130,101023,134,101114,226,100944,226,101329,226,100068,326,101393,100,100040,200,101507,100,99951,100,101536,100,99935,100,101563,100,99933,100,101691,100,99904,100,101693,100,99895,100,101866,100,99872,100
2019-06-28 09:51:40.000000000,101114,177,101023,81,101329,177,100944,177,101393,177,100068,277,101507,177,100040,277,101536,177,99951,177,101563,100,99935,100,101691,100,99933,100,101693,100,99904,100,101866,100,99895,100,101970,100,99872,100
2019-06-28 09:51:50.000000000,101114,292,101023,196,101329,292,100944,292,101393,100,100068,200,101507,100,100040,200,101536,100,99951,100,101563,100,99935,100,101691,100,99933,100,101693,100,99904,100,101866,100,99895,100,101970,100,99872,100
2019-06-28 09:52:00.000000000,101114,230,101023,134,101329,226,100944,226,101393,226,100068,326,101507,100,100040,200,101536,100,99951,100,101563,100,99935,100,101691,100,99933,100,101693,100,99904,100,101866,100,99895,100,101970,100,99872,100
2019-06-28 09:52:04.400896251,101114,230,101023,134,101168,100,100944,226,101329,226,100068,326,101393,226,100040,200,101507,100,99935,100,101536,100,99933,100,101563,100,99904,100,101691,100,99895,100,101693,100,99872,100,101866,100,99820,100
2019-06-28 09:52:10.000000000,101114,292,101023,196,101168,292,100944,292,101329,100,100068,200,101393,100,100040,200,101507,100,99935,100,101536,100,99933,100,101563,100,99904,100,101691,100,99895,100,101693,100,99872,100,101866,100,99820,100
2019-06-28 09:52:18.619746972,101114,292,101023,96,101168,292,100944,292,101329,100,100068,200,101393,100,100040,200,101507,100,99935,100,101536,100,99933,100,101563,100,99904,100,101691,100,99895,100,101693,100,99820,100,101866,100,99747,100
2019-06-28 09:52:20.000000000,101114,196,100944,196,101168,196,100068,296,101329,196,100040,296,101393,196,99935,196,101507,100,99933,100,101536,100,99904,100,101563,100,99895,100,101691,100,99820,100,101693,100,99747,100,101866,100,99596,100
2019-06-28 09:52:30.000000000,101114,177,100944,177,101168,177,100068,277,101329,177,100040,277,101393,177,99935,177,101507,177,99933,177,101536,100,99904,100,101563,100,99895,100,101691,100,99820,100,101693,100,99747,100,101866,100,99596,100
2019-06-28 09:52:40.000000000,101114,196,100944,196,101168,196,100068,296,101329,196,100040,296,101393,196,99935,196,101507,100,99933,100,101536,100,99904,100,101563,100,99895,100,101691,100,99820,100,101693,100,99747,100,101866,100,99596,100
2019-06-28 09:52:40.744429202,101114,196,100944,196,101168,196,100447,100,101329,196,100068,296,101393,196,100040,296,101507,100,99935,196,101536,100,99933,100,101563,100,99904,100,101691,100,99895,100,101693,100,99820,100,101970,100,99747,100
2019-06-28 09:52:50.000000000,101114,230,100944,230,101168,226,100447,226,101329,226,100068,326,101393,100,100040,200,101507,100,99935,100,101536,100,99933,100,101563,100,99904,100,101691,100,99895,100,101693,100,99820,100,101970,100,99747,100
2019-06-28 09:52:56.236296453,101114,230,100944,130,101168,226,100447,226,101329,226,100068,326,101393,100,100040,200,101507,100,99935,100,101536,100,99933,100,101563,100,99904,100,101691,100,99895,100,101693,100,99820,100,101970,100,99747,100
2019-06-28 09:52:58.790066700,101114,230,100944,130,101168,226,100594,100,101329,226,100447,226,101393,100,100068,326,101507,100,100040,200,101536,100,99935,100,101563,100,99933,100,101691,100,99904,100,101693,100,99895,100,101970,100,99820,100
2019-06-28 09:53:00.000000000,101114,177,100594,177,101168,177,100447,177,101329,177,100068,277,101393,177,100040,277,101507,177,99935,177,101536,100,99933,100,101563,100,99904,100,101691,100,99895,100,101693,100,99820,100,101970,100,99747,100
2019-06-28 09:53:10.000000000,101114,177,100594,177,101168,177,100447,177,101329,177,100068,277,101393,177,100040,277,101507,177,99935,177,101536,100,99933,100,101563,100,99904,100,101691,100,99895,100,101693,100,99820,100,101970,100,99747,100
2019-06-28 09:53:20.000000000,101114,483,100594,483,101168,100,100447,100,101329,100,100068,200,101393,100,100040,200,101507,100,99935,100,101536,100,99933,100,101563,100,99904,100,101691,100,99895,100,101693,100,99820,100,101970,100,99747,100
2019-06-28 09:53:21.846690492,101114,483,100594,483,101168,100,100501,100,101329,100,100447,100,101393,100,100068,200,101507,100,100040,200,101536,100,99935,100,101563,100,99933,100,101691,100,99904,100,101693,100,99895,100,101970,100,99820,100
2019-06-28 09:53:30.000000000,101114,292,100594,292,101168,292,100501,292,101329,100,100447,100,101393,100,100068,200,101507,100,100040,200,101536,100,99935,100,101563,100,99933,100,101691,100,99904,100,101693,100,99895,100,101970,100,99820,100
2019-06-28 09:53:38.436503093,100728,100,100594,292,101114,292,100501,292,101168,292,100447,100,101329,100,100068,200,101393,100,100040,200,101507,100,99935,100,101536,100,99933,100,101563,100,99904,100,101691,100,99895,100,101693,100,99820,100
2019-06-28 09:53:40.000000000,100728,483,100594,483,101114,100,100501,100,101168,100,100447,100,101329,100,100068,200,101393,100,100040,200,101507,100,99935,100,101536,100,99933,100,101563,100,99904,100,101691,100,99895,100,101693,100,99820,100
2019-06-28 09:53:42.645131537,100728,383,100594,483,101114,100,100501,100,101168,100,100447,100,101329,100,100356,100,101393,100,100068,200,101507,100,100040,200,101536,100,99935,100,101563,100,99933,100,101691,100,99904,100,101693,100,99895,100
2019-06-28 09:53:50.000000000,101114,483,100594,483,101168,100,100501,100,101329,100,100447,100,101393,100,100356,100,101507,100,100068,200,101536,100,100040,200,101563,100,99935,100,101691,100,99933,100,101693,100,99904,100,101970,100,99895,100
2019-06-28 09:54:00.000000000,101114,196,100594,196,101168,196,100501,196,101329,196,100447,196,101393,196,100356,196,101507,100,100068,200,101536,100,100040,200,101563,100,99935,100,101691,100,99933,100,101693,100,99904,100,101970,100,99895,100
2019-06-28 09:54:10.000000000,101114,230,100594,230,101168,226,100501,226,101329,226,100447,226,101393,100,100356,100,101507,100,100068,200,101536,100,100040,200,101563,100,99935,100,101691,100,99933,100,101693,100,99904,100,101970,100,99895,100
2019-06-28 09:54:13.527156290,101114,230,100594,230,101168,226,100501,226,101329,226,100447,126,101393,100,100372,100,101507,100,100356,100,101536,100,100068,200,101563,100,100040,200,101691,100,99935,100,101693,100,99933,100,101970,100,99904,100
2019-06-28 09:54:20.000000000,101114,483,100594,483,101168,100,100501,100,101329,100,100372,100,101393,100,100356,100,101507,100,100068,200,101536,100,100040,200,101563,100,99935,100,101691,100,99933,100,101693,100,99904,100,101970,100,99895,100
2019-06-28 09:54:30.000000000,101114,292,100594,292,101168,292,100501,292,101329,100,100372,100,101393,100,100356,100,101507,100,100068,200,101536,100,100040,200,101563,100,99935,100,101691,100,99933,100,101693,100,99904,100,101970,100,99895,100
2019-06-28 09:54:34.461009767,101114,292,100594,292,101168,292,100501,292,101329,100,100372,100,101393,100,100356,100,101507,100,100068,200,101536,100,100050,100,101563,100,100040,200,101691,100,99935,100,101693,100,99933,100,101970,100,99904,100
2019-06-28 09:54:35.416305295,101023,100,100594,292,101114,292,100501,292,101168,292,100372,100,101329,100,100356,100,101393,100,100068,200,101507,100,100050,100,101536,100,100040,200,101563,100,99935,100,101691,100,99933,100,101693,100,99904,100
2019-06-28 09:54:40.000000000,101023,292,100594,292,101114,292,100501,292,101168,100,100372,100,101329,100,100356,100,101393,100,100068,200,101507,100,100050,100,101536,100,100040,200,101563,100,99935,100,101691,100,99933,100,101693,100,99904,100
2019-06-28 09:54:50.000000000,101023,483,100594,483,101114,100,100501,100,101168,100,100372,100,101329,100,100356,100,101393,100,100068,200,101507,100,100050,100,101536,100,100040,200,101563,100,99935,100,101691,100,99933,100,101693,100,99904,100
2019-06-28 09:55:00.000000000,101023,230,100594,230,101114,226,100501,226,101168,226,100372,226,101329,100,100356,100,101393,100,100068,200,101507,100,100050,100,101536,100,100040,200,101563,100,99935,100,101691,100,99933,100,101693,100,99904,100
2019-06-28 09:55:04.668750994,101023,230,100594,230,101114,226,100501,226,101168,226,100372,226,101329,100,100356,100,101393,100,100068,200,101507,100,100050,100,101536,100,100040,200,101563,100,99977,100,101691,100,99935,100,101693,100,99933,100
2019-06-28 09:55:10.000000000,101023,196,100594,196,101114,196,100501,196,101168,196,100372,196,101329,196,100356,196,101393,100,100068,200,101507,100,100050,100,101536,100,100040,200,101563,100,99977,100,101691,100,99935,100,101693,100,99933,100
2019-06-28 09:55:20.000000000,101023,177,100594,177,101114,177,100501,177,101168,177,100372,177,101329,177,100356,177,101393,177,100068,277,101507,100,100050,100,101536,100,100040,200,101563,100,99977,100,101691,100,99935,100,101693,100,99933,100
2019-06-28 09:55:30.000000000,101023,292,100594,292,101114,292,100501,292,101168,100,100372,100,101329,100,100356,100,101393,100,100068,200,101507,100,100050,100,101536,100,100040,200,101563,100,99977,100,101691,100,99935,100,101693,100,99933,100
2019-06-28 09:55:34.397524471,101023,292,100594,192,101114,292,100501,292,101329,100,100372,100,101393,100,100356,100,101507,100,100068,200,101536,100,100050,100,101563,100,100040,200,101691,100,99977,100,101693,100,99935,100,101970,100,99933,100
2019-06-28 09:55:40.000000000,101023,483,100501,483,101114,100,100372,100,101329,100,100356,100,101393,100,100068,200,101507,100,100050,100,101536,100,100040,200,101563,100,99977,100,101691,100,99935,100,101693,100,99933,100,101970,100,99904,100
2019-06-28 09:55:40.251641009,101023,483,100501,383,101114,100,100372,100,101329,100,100356,100,101393,100,100068,200,101507,100,100050,100,101536,100,100040,200,101563,100,99977,100,101691,100,99935,100,101693,100,99933,100,101970,100,99904,100
2019-06-28 09:55:42.677455851,101023,483,100501,383,101114,100,100372,100,101329,100,100356,100,101393,100,100138,100,101507,100,100068,200,101536,100,100050,100,101563,100,100040,200,101691,100,99977,100,101693,100,99935,100,101970,100,99933,100
2019-06-28 09:55:50.000000000,101023,292,100372,292,101114,292,100356,292,101329,100,100138,100,101393,100,100068,200,101507,100,100050,100,101536,100,100040,200,101563,100,99977,100,101691,100,99935,100,101693,100,99933,100,101970,100,99904,100
2019-06-28 09:55:58.125330689,100594,100,100372,292,101023,292,100356,292,101114,292,100138,100,101329,100,100068,200,101393,100,100050,100,101507,100,100040,200,101536,100,99977,100,101563,100,99935,100,101691,100,99933,100,101693,100,99904,100
2019-06-28 09:56:00.000000000,100594,177,100372,177,101023,177,100356,177,101114,177,100138,177,101329,177,100068,277,101393,177,100050,177,101507,100,100040,200,101536,100,99977,100,101563,100,99935,100,101691,100,99933,100,101693,100,99904,100
2019-06-28 09:56:06.889342390,100594,177,100372,177,101023,177,100356,177,101114,177,100138,177,101329,177,100068,177,101393,177,100050,177,101507,100,100040,200,101536,100,99977,100,101563,100,99935,100,101691,100,99933,100,101693,100,99904,100
2019-06-28 09:56:10.000000000,100594,230,100372,230,101023,226,100356,226,101114,226,100138,226,101329,100,100068,100,101393,100,100050,100,101507,100,100040,200,101536,100,99977,100,101563,100,99935,100,101691,100,99933,100,101693,100,99904,100
2019-06-28 09:56:20.000000000,100594,483,100372,483,101023,100,100356,100,101114,100,100138,100,101329,100,100068,100,101393,100,100050,100,101507,100,100040,200,101536,100,99977,100,101563,100,99935,100,101691,100,99933,100,101693,100,99904,100
2019-06-28 09:56:27.989931307,100594,483,100372,383,101023,100,100356,100,101114,100,100138,100,101329,100,100068,100,101393,100,100050,100,101507,100,100040,200,101536,100,99977,100,101563,100,99935,100,101691,100,99933,100,101693,100,99904,100
2019-06-28 09:56:30.000000000,100594,483,100356,483,101023,100,100138,100,101114,100,100068,100,101329,100,100050,100,101393,100,100040,200,101507,100,99977,100,101536,100,99935,100,101563,100,99933,100,101691,100,99904,100,101693,100,99895,100
2019-06-28 09:56:40.000000000,100594,196,100356,196,101023,196,100138,196,101114,196,100068,196,101329,196,100050,196,101393,100,100040,200,101507,100,99977,100,101536,100,99935,100,101563,100,99933,100,101691,100,99904,100,101693,100,99895,100
2019-06-28 09:56:50.000000000,100594,230,100356,230,101023,226,100138,226,101114,226,100068,226,101329,100,100050,100,101393,100,100040,200,101507,100,99977,100,101536,100,99935,100,101563,100,99933,100,101691,100,99904,100,101693,100,99895,100
2019-06-28 09:56:52.765527638,100594,230,100384,100,101023,226,100356,230,101114,226,100138,226,101329,100,100068,226,101393,100,100050,100,101507,100,100040,200,101536,100,99977,100,101563,100,99935,100,101691,100,99933,100,101693,100,99904,100
2019-06-28 09:57:00.000000000,100594,196,100384,196,101023,196,100356,196,101114,196,100138,196,101329,196,100068,196,101393,100,100050,100,101507,100,100040,200,101536,100,99977,100,101563,100,99935,100,101691,100,99933,100,101693,100,99904,100
2019-06-28 09:57:10.000000000,100594,196,100384,196,101023,196,100356,196,101114,196,100138,196,101329,196,100068,196,101393,100,100050,100,101507,100,100040,200,101536,100,99977,100,101563,100,99935,100,101691,100,99933,100,101693,100,99904,100
2019-06-28 09:57:20.000000000,100594,177,100384,177,101023,177,100356,177,101114,177,100138,177,101329,177,100068,177,101393,177,100050,177,101507,100,100040,200,101536,100,99977,100,101563,100,99935,100,101691,100,99933,100,101693,100,99904,100
2019-06-28 09:57:30.000000000,100594,196,100384,196,101023,196,100356,196,101114,196,100138,196,101329,196,100068,196,101393,100,100050,100,101507,100,100040,200,101536,100,99977,100,101563,100,99935,100,101691,100,99933,100,101693,100,99904,100
2019-06-28 09:57:33.643489775,100594,196,100384,196,100942,100,100356,196,101023,196,100138,196,101114,196,100068,196,101329,196,100050,100,101393,100,100040,200,101507,100,99977,100,101536,100,99935,100,101563,100,99933,100,101691,100,99904,100
2019-06-28 09:57:34.510662693,100594,196,100384,196,100942,100,100356,196,101023,196,100138,196,101070,100,100068,196,101114,196,100050,100,101329,196,100040,200,101393,100,99977,100,101507,100,99935,100,101536,100,99933,100,101563,100,99904,100
2019-06-28 09:57:40.000000000,100594,177,100384,177,100942,177,100356,177,101023,177,100138,177,101070,177,100068,177,101114,177,100050,177,101329,100,100040,200,101393,100,99977,100,101507,100,99935,100,101536,100,99933,100,101563,100,99904,100
2019-06-28 09:57:50.000000000,100594,483,100384,483,100942,100,100356,100,101023,100,100138,100,101070,100,100068,100,101114,100,100050,100,101329,100,100040,200,101393,100,99977,100,101507,100,99935,100,101536,100,99933,100,101563,100,99904,100
2019-06-28 09:57:53.148766185,100594,383,100384,483,100942,100,100356,100,101023,100,100138,100,101070,100,100068,100,101114,100,100050,100,101393,100,100040,200,101507,100,99977,100,101536,100,99935,100,101563,100,99933,100,101691,100,99904,100
2019-06-28 09:58:00.000000000,100942,230,100384,230,101023,226,100356,226,101070,226,100138,226,101114,100,100068,100,101393,100,100050,100,101507,100,100040,200,101536,100,99977,100,101563,100,99935,100,101691,100,99933,100,101693,100,99904,100
2019-06-28 09:58:10.000000000,100942,292,100384,292,101023,292,100356,292,101070,100,100138,100,101114,100,100068,100,101393,100,100050,100,101507,100,100040,200,101536,100,99977,100,101563,100,99935,100,101691,100,99933,100,101693,100,99904,100
2019-06-28 09:58:20.000000000,100942,292,100384,292,101023,292,100356,292,101070,100,100138,100,101114,100,100068,100,101393,100,100050,100,101507,100,100040,200,101536,100,99977,100,101563,100,99935,100,101691,100,99933,100,101693,100,99904,100
2019-06-28 09:58:22.755492746,100916,100,100384,292,100942,292,100356,292,101023,292,100138,100,101070,100,100068,100,101114,100,100050,100,101393,100,100040,200,101507,100,99977,100,101536,100,99935,100,101563,100,99933,100,101691,100,99904,100
2019-06-28 09:58:24.009146913,100916,100,100822,100,100942,292,100384,292,101023,292,100356,292,101070,100,100138,100,101114,100,100068,100,101393,100,100050,100,101507,100,100040,200,101536,100,99977,100,101563,100,99935,100,101691,100,99933,100
2019-06-28 09:58:30.000000000,100916,196,100822,196,100942,196,100384,196,101023,196,100356,196,101070,196,100138,196,101114,100,100068,100,101393,100,100050,100,101507,100,100040,200,101536,100,99977,100,101563,100,99935,100,101691,100,99933,100
2019-06-28 09:58:40.000000000,100916,483,100822,483,100942,100,100384,100,101023,100,100356,100,101070,100,100138,100,101114,100,100068,100,101393,100,100050,100,101507,100,100040,200,101536,100,99977,100,101563,100,99935,100,101691,100,99933,100
2019-06-28 09:58:48.981853365,100916,483,100822,483,101023,100,100536,100,101070,100,100384,100,101114,100,100356,100,101393,100,100138,100,101507,100,100068,100,101536,100,100050,100,101563,100,100040,200,101691,100,99977,100,101693,100,99935,100
2019-06-28 09:58:50.000000000,100916,292,100822,292,101023,292,100536,292,101070,100,100384,100,101114,100,100356,100,101393,100,100138,100,101507,100,100068,100,101536,100,100050,100,101563,100,100040,200,101691,100,99977,100,101693,100,99935,100
2019-06-28 09:58:54.299122582,100916,292,100822,292,100925,100,100536,292,101023,292,100384,100,101070,100,100356,100,101114,100,100138,100,101393,100,100068,100,101507,100,100050,100,101563,100,100040,200,101691,100,99977,100,101693,100,99935,100
2019-06-28 09:58:56.101147670,100916,192,100822,292,100925,100,100536,292,101023,292,100384,100,101070,100,100356,100,101114,100,100138,100,101393,100,100068,100,101507,100,100050,100,101563,100,100040,200,101691,100,99977,100,101693,100,99935,100
2019-06-28 09:59:00.000000000,100925,483,100822,483,101023,100,100536,100,101070,100,100384,100,101114,100,100356,100,101393,100,100138,100,101507,100,100068,100,101563,100,100050,100,101691,100,100040,200,101693,100,99977,100,101970,100,99935,100
2019-06-28 09:59:10.000000000,100925,483,100822,483,101023,100,100536,100,101070,100,100384,100,101114,100,100356,100,101393,100,100138,100,101507,100,100068,100,101563,100,100050,100,101691,100,100040,200,101693,100,99977,100,101970,100,99935,100
2019-06-28 09:59:18.714231236,100925,483,100822,483,101023,100,100536,100,101070,100,100384,100,101114,100,100356,100,101177,100,100138,100,101393,100,100068,100,101507,100,100050,100,101563,100,100040,200,101691,100,99977,100,101693,100,99935,100
2019-06-28 09:59:20.000000000,100925,196,100822,196,101023,196,100536,196,101070,196,100384,196,101114,196,100356,196,101177,100,100138,100,101393,100,100068,100,101507,100,100050,100,101563,100,100040,200,101691,100,99977,100,101693,100,99935,100
2019-06-28 09:59:23.519734639,100925,196,100859,100,101023,196,100822,196,101070,96,100536,196,101114,196,100384,196,101177,100,100356,196,101393,100,100138,100,101507,100,100068,100,101563,100,100050,100,101691,100,100040,200,101693,100,99977,100
2019-06-28 09:59:28.737068996,100925,196,100859,100,101023,196,100822,196,101070,96,100796,100,101114,196,100536,196,101177,100,100384,196,101393,100,100356,196,101507,100,100138,100,101563,100,100068,100,101691,100,100050,100,101693,100,100040,200
2019-06-28 09:59:30.000000000,100925,177,100859,177,101023,177,100822,177,101114,177,100796,177,101177,177,100536,177,101393,177,100384,177,101507,100,100356,100,101563,100,100138,100,101691,100,100068,100,101693,100,100050,100,101970,100,100040,200
2019-06-28 09:59:31.337429723,100925,177,100859,177,101023,177,100822,177,101054,100,100796,177,101114,177,100536,177,101177,177,100384,177,101393,177,100356,100,101507,100,100138,100,101563,100,100068,100,101691,100,100050,100,101693,100,100040,200
2019-06-28 09:59:33.256315568,100925,177,100859,177,101023,177,100822,177,101054,100,100796,177,101114,177,100738,100,101177,177,100536,177,101393,177,100384,177,101507,100,100356,100,101563,100,100138,100,101691,100,100068,100,101693,100,100050,100
2019-06-28 09:59:40.000000000,100925,196,100859,196,101023,196,100822,196,101054,196,100796,196,101114,196,100738,196,101177,100,100536,100,101393,100,100384,100,101507,100,100356,100,101563,100,100138,100,101691,100,100068,100,101693,100,100050,100
2019-06-28 09:59:50.000000000,100925,230,100859,230,101023,226,100822,226,101054,226,100796,226,101114,100,100738,100,101177,100,100536,100,101393,100,100384,100,101507,100,100356,100,101563,100,100138,100,101691,100,100068,100,101693,100,100050,100
2019-06-28 10:00:00.000000000,100925,483,100859,483,101023,100,100822,100,101054,100,100796,100,101114,100,100738,100,101177,100,100536,100,101393,100,100384,100,101507,100,100356,100,101563,100,100138,100,101691,100,100068,100,101693,100,100050,100
2019-06-28 10:00:10.000000000,100925,177,100859,177,101023,177,100822,177,101054,177,100796,177,101114,177,100738,177,101177,177,100536,177,101393,100,100384,100,101507,100,100356,100,101563,100,100138,100,101691,100,100068,100,101693,100,100050,100
2019-06-28 10:00:20.000000000,100925,292,100859,292,101023,292,100822,292,101054,100,100796,100,101114,100,100738,100,101177,100,100536,100,101393,100,100384,100,101507,100,100356,100,101563,100,100138,100,101691,100,100068,100,101693,100,100050,100
2019-06-28 10:00:28.663494490,100925,292,100859,192,101023,292,100822,292,101054,100,100796,100,101114,100,100738,100,101177,100,100536,100,101393,100,100384,100,101507,100,100356,100,101563,100,100138,100,101691,100,100068,100,101693,100,100050,100
2019-06-28 10:00:30.000000000,100925,292,100822,292,101023,292,100796,292,101054,100,100738,100,101114,100,100536,100,101177,100,100384,100,101393,100,100356,100,101507,100,100138,100,101563,100,100068,100,101691,100,100050,100,101693,100,100040,200
2019-06-28 10:00:40.000000000,100925,483,100822,483,101023,100,100796,100,101054,100,100738,100,101114,100,100536,100,101177,100,100384,100,101393,100,100356,100,101507,100,100138,100,101563,100,100068,100,101691,100,100050,100,101693,100,100040,200
2019-06-28 10:00:50.000000000,100925,230,100822,230,101023,226,100796,226,101054,226,100738,226,101114,100,100536,100,101177,100,100384,100,101393,100,100356,100,101507,100,100138,100,101563,100,100068,100,101691,100,100050,100,101693,100,100040,200
2019-06-28 10:01:00.000000000,100925,177,100822,177,101023,177,100796,177,101054,177,100738,177,101114,177,100536,177,101177,177,100384,177,101393,100,100356,100,101507,100,100138,100,101563,100,100068,100,101691,100,100050,100,101693,100,100040,200
2019-06-28 10:01:10.000000000,100925,483,100822,483,101023,100,100796,100,101054,100,100738,100,101114,100,100536,100,101177,100,100384,100,101393,100,100356,100,101507,100,100138,100,101563,100,100068,100,101691,100,100050,100,101693,100,100040,200
2019-06-28 10:01:20.000000000,100925,177,100822,177,101023,177,100796,177,101054,177,100738,177,101114,177,100536,177,101177,177,100384,177,101393,100,100356,100,101507,100,100138,100,101563,100,100068,100,101691,100,100050,100,101693,100,100040,200
2019-06-28 10:01:30.000000000,100925,177,100822,177,101023,177,100796,177,101054,177,100738,177,101114,177,100536,177,101177,177,100384,177,101393,100,100356,100,101507,100,100138,100,101563,100,100068,100,101691,100,100050,100,101693,100,100040,200
2019-06-28 10:01:32.381284052,100925,177,100822,77,101023,177,100796,177,101054,177,100738,177,101114,177,100536,177,101177,177,100384,177,101393,100,100356,100,101507,100,100138,100,101563,100,100068,100,101691,100,100050,100,101693,100,100040,200
2019-06-28 10:01:35.370393350,100822,23,100796,177,100925,177,100738,177,101023,177,100536,177,101054,177,100384,177,101114,177,100356,100,101177,177,100138,100,101393,100,100068,100,101507,100,100050,100,101563,100,100040,200,101691,100,99977,100
2019-06-28 10:01:40.000000000,100822,406,100796,483,100925,100,100738,100,101023,100,100536,100,101054,100,100384,100,101114,100,100356,100,101177,100,100138,100,101393,100,100068,100,101507,100,100050,100,101563,100,100040,200,101691,100,99977,100
2019-06-28 10:01:50.000000000,100822,153,100796,230,100925,226,100738,226,101023,226,100536,226,101054,100,100384,100,101114,100,100356,100,101177,100,100138,100,101393,100,100068,100,101507,100,100050,100,101563,100,100040,200,101691,100,99977,100
2019-06-28 10:01:50.195563468,100822,153,100796,230,100925,226,100738,226,101023,226,100536,226,101054,100,100384,100,101114,100,100356,100,101177,100,100138,100,101393,100,100068,100,101507,100,100050,100,101563,100,100040,200,101691,100,99977,100
2019-06-28 10:02:00.000000000,100822,119,100796,196,100925,196,100738,196,101023,196,100536,196,101054,196,100384,196,101114,100,100356,100,101177,100,100138,100,101393,100,100068,100,101507,100,100050,100,101563,100,100040,200,101691,100,99977,100
2019-06-28 10:02:10.000000000,100822,100,100796,177,100925,177,100738,177,101023,177,100536,177,101054,177,100384,177,101114,177,100356,177,101177,100,100138,100,101393,100,100068,100,101507,100,100050,100,101563,100,100040,200,101691,100,99977,100
2019-06-28 10:02:11.526411091,100822,100,100796,77,100925,177,100738,177,101023,177,100536,177,101054,177,100384,177,101114,77,100356,177,101177,100,100138,100,101393,100,100068,100,101507,100,100050,100,101563,100,100040,200,101691,100,99977,100
2019-06-28 10:02:20.000000000,100822,406,100738,483,100925,100,100536,100,101023,100,100384,100,101054,100,100356,100,101177,100,100138,100,101393,100,100068,100,101507,100,100050,100,101563,100,100040,200,101691,100,99977,100,101693,100,99935,100
2019-06-28 10:02:23.923921351,100822,406,100738,383,100925,100,100536,100,101023,100,100384,100,101054,100,100356,100,101177,100,100138,100,101393,100,100068,100,101507,100,100050,100,101563,100,100040,200,101691,100,99977,100,101693,100,99935,100
2019-06-28 10:02:29.803461516,100822,406,100738,283,100925,100,100536,100,101023,100,100384,100,101054,100,100356,100,101177,100,100138,100,101393,100,100068,100,101507,100,100050,100,101563,100,100040,200,101691,100,99977,100,101693,100,99935,100
2019-06-28 10:02:30.000000000,100822,406,100536,483,100925,100,100384,100,101023,100,100356,100,101054,100,100138,100,101177,100,100068,100,101393,100,100050,100,101507,100,100040,200,101563,100,99977,100,101691,100,99935,100,101693,100,99933,100
2019-06-28 10:02:33.396516679,100822,406,100536,383,100925,100,100384,100,101023,100,100356,100,101054,100,100138,100,101177,100,100068,100,101393,100,100050,100,101507,100,100040,200,101563,100,99977,100,101693,100,99935,100,101970,100,99933,100
2019-06-28 10:02:40.000000000,100822,100,100384,177,100925,177,100356,177,101023,177,100138,177,101054,177,100068,177,101177,177,100050,177,101393,100,100040,200,101507,100,99977,100,101563,100,99935,100,101693,100,99933,100,101970,100,99523,100
2019-06-28 10:02:42.926957496,100738,100,100384,177,100822,100,100356,177,100925,177,100138,177,101023,177,100068,177,101054,177,100050,177,101177,177,100040,200,101393,100,99977,100,101507,100,99935,100,101563,100,99933,100,101693,100,99523,100
2019-06-28 10:02:49.285491033,100738,100,100384,177,100822,100,100356,177,100925,177,100138,177,101023,177,100068,177,101054,177,100050,177,101177,177,100040,200,101393,100,99977,100,101507,100,99935,100,101563,100,99933,100,101693,100,99523,100
2019-06-28 10:02:50.000000000,100738,177,100384,177,100822,100,100356,177,100925,177,100138,177,101023,177,100068,177,101054,177,100050,177,101177,100,100040,200,101393,100,99977,100,101507,100,99935,100,101563,100,99933,100,101693,100,99523,100
2019-06-28 10:02:55.422273012,100738,177,100384,177,100822,100,100356,177,100925,177,100138,177,101023,177,100068,177,101054,177,100050,177,101177,100,100040,100,101393,100,99977,100,101507,100,99935,100,101563,100,99933,100,101693,100,99523,100
2019-06-28 10:03:00.000000000,100738,196,100384,196,100822,119,100356,196,100925,196,100138,196,101023,196,100068,196,101054,100,100050,100,101177,100,100040,100,101393,100,99977,100,101507,100,99935,100,101563,100,99933,100,101693,100,99523,100
2019-06-28 10:03:09.056714733,100738,196,100384,96,100822,119,100356,196,100925,196,100138,196,101023,196,100068,196,101054,100,100050,100,101177,100,100040,100,101393,100,99977,100,101507,100,99935,100,101563,100,99933,100,101693,100,99512,100
2019-06-28 10:03:10.000000000,100738,196,100356,196,100822,119,100138,196,100925,196,100068,196,101023,196,100050,196,101054,100,100040,100,101177,100,99977,100,101393,100,99935,100,101507,100,99933,100,101563,100,99512,100,101693,100,99455,100
2019-06-28 10:03:19.130919040,100738,196,100356,196,100822,119,100138,196,100925,196,100068,196,101023,196,100050,196,101054,100,100040,100,101177,100,99977,100,101393,100,99935,100,101507,100,99933,100,101563,100,99512,100,101693,100,99455,100
2019-06-28 10:03:20.000000000,100738,196,100356,196,100822,119,100138,196,100925,196,100068,196,101023,196,100050,196,101054,100,100040,100,101177,100,99977,100,101393,100,99935,100,101507,100,99933,100,101563,100,99512,100,101693,100,99455,100
2019-06-28 10:03:24.670913504,100738,196,100356,96,100822,119,100138,196,100925,196,100068,196,101023,196,100050,196,101054,100,100040,100,101177,100,99977,100,101393,100,99935,100,101507,100,99933,100,101563,100,99512,100,101693,100,99455,100
2019-06-28 10:03:30.000000000,100738,196,100138,196,100822,119,100068,196,100925,196,100050,196,101023,196,100040,196,101054,100,99977,100,101177,100,99935,100,101393,100,99933,100,101507,100,99512,100,101563,100,99455,100,101693,100,,
2019-06-28 10:03:32.098550862,100384,100,100138,196,100738,196,100068,196,100822,119,100050,196,100925,196,100040,196,101023,196,99977,100,101054,100,99935,100,101177,100,99933,100,101393,100,99512,100,101507,100,99455,100,101563,100,,
2019-06-28 10:03:40.000000000,100384,177,100138,177,100738,177,100068,177,100822,100,100050,177,100925,177,100040,177,101023,177,99977,177,101054,100,99935,100,101177,100,99933,100,101393,100,99512,100,101507,100,99455,100,101563,100,,
2019-06-28 10:03:49.881935245,100384,177,100138,77,100738,177,100068,177,100822,100,100050,177,100925,177,100040,177,101023,177,99977,177,101054,100,99935,100,101177,100,99933,100,101393,100,99512,100,101507,100,99455,100,101563,100,,
2019-06-28 10:03:50.000000000,100384,177,100068,177,100738,177,100050,177,100822,100,100040,177,100925,177,99977,177,101023,177,99935,177,101054,100,99933,100,101177,100,99512,100,101393,100,99455,100,101507,100,,,101563,100,,
2019-06-28 10:03:54.460060793,100384,177,100068,177,100738,177,100050,77,100822,100,100040,177,100925,177,99977,177,101023,177,99935,177,101054,100,99933,100,101177,100,99512,100,101393,100,99455,100,101507,100,99171,100,101563,100,,
2019-06-28 10:04:00.000000000,100384,230,100068,230,100738,226,100040,226,100822,149,99977,226,100925,100,99935,100,101023,100,99933,100,101054,100,99512,100,101177,100,99455,100,101393,100,99171,100,101507,100,,,101563,100,,
2019-06-28 10:04:08.576951890,100384,230,100068,230,100738,226,100040,226,100822,149,99977,226,100925,100,99935,100,101023,100,99933,100,101054,100,99512,100,101177,100,99455,100,101393,100,99171,100,101507,100,99163,100,101563,100,,
2019-06-28 10:04:10.000000000,100384,483,100068,483,100738,100,100040,100,100822,23,99977,100,100925,100,99935,100,101023,100,99933,100,101054,100,99512,100,101177,100,99455,100,101393,100,99171,100,101507,100,99163,100,101563,100,,
2019-06-28 10:04:12.269349528,100384,483,100068,383,100738,100,100040,100,100822,23,99977,100,100925,100,99935,100,101023,100,99933,100,101054,100,99512,100,101177,100,99455,100,101393,100,99171,100,101507,100,99163,100,101563,100,,
2019-06-28 10:04:20.000000000,100384,177,100040,177,100738,177,99977,177,100822,100,99935,177,100925,177,99933,177,101023,177,99512,177,101054,100,99455,100,101177,100,99171,100,101393,100,99163,100,101507,100,,,101563,100,,
2019-06-28 10:04:30.000000000,100384,483,100040,483,100738,100,99977,100,100822,23,99935,100,100925,100,99933,100,101023,100,99512,100,101054,100,99455,100,101177,100,99171,100,101393,100,99163,100,101507,100,,,101563,100,,
2019-06-28 10:04:40.000000000,100384,292,100040,292,100738,292,99977,292,100822,23,99935,100,100925,100,99933,100,101023,100,99512,100,101054,100,99455,100,101177,100,99171,100,101393,100,99163,100,101507,100,,,101563,100,,
2019-06-28 10:04:43.726145840,100138,100,100040,292,100384,292,99977,292,100738,292,99935,100,100822,23,99933,100,100925,100,99512,100,101023,100,99455,100,101054,100,99171,100,101177,100,99163,100,101393,100,,,101507,100,,
2019-06-28 10:04:50.000000000,100138,292,100040,292,100384,292,99977,292,100738,100,99935,100,100822,23,99933,100,100925,100,99512,100,101023,100,99455,100,101054,100,99171,100,101177,100,99163,100,101393,100,,,101507,100,,
2019-06-28 10:04:57.383355548,100138,292,100040,292,100384,292,99977,292,100738,100,99935,100,100822,23,99933,100,100925,100,99512,100,101023,100,99455,100,101054,100,99171,100,101177,100,99163,100,101393,100,99007,100,101507,100,,
2019-06-28 10:05:00.000000000,100138,292,100040,292,100384,292,99977,292,100738,100,99935,100,100822,23,99933,100,100925,100,99512,100,101023,100,99455,100,101054,100,99171,100,101177,100,99163,100,101393,100,99007,100,101507,100,,
2019-06-28 10:05:00.853527487,100138,392,100040,192,100384,292,99977,292,100738,100,99935,100,100822,23,99933,100,100925,100,99512,100,101023,100,99455,100,101054,100,99171,100,101177,100,99163,100,101393,100,99007,100,101507,100,,
2019-06-28 10:05:09.028853294,100138,392,100040,192,100384,292,99977,292,100738,100,99935,100,100822,23,99933,100,100925,100,99512,100,101023,100,99455,100,101054,100,99171,100,101177,100,99163,100,101393,100,99120,100,101563,100,99007,100
2019-06-28 10:05:10.000000000,100138,583,99977,483,100384,100,99935,100,100738,100,99933,100,100822,23,99512,100,100925,100,99455,100,101023,100,99171,100,101054,100,99163,100,101177,100,99120,100,101393,100,99007,100,101563,100,,
2019-06-28 10:05:20.000000000,100138,277,99977,177,100384,177,99935,177,100738,177,99933,177,100822,100,99512,177,100925,177,99455,177,101023,100,99171,100,101054,100,99163,100,101177,100,99120,100,101393,100,99007,100,101563,100,,
2019-06-28 10:05:30.000000000,100138,296,99977,196,100384,196,99935,196,100738,196,99933,196,100822,119,99512,196,100925,100,99455,100,101023,100,99171,100,101054,100,99163,100,101177,100,99120,100,101393,100,99007,100,101563,100,,
2019-06-28 10:05:37.902629034,100138,296,99977,196,100384,196,99935,196,100738,196,99933,196,100822,119,99512,196,101023,100,99459,100,101054,100,99455,100,101177,100,99171,100,101393,100,99163,100,101563,100,99120,100,101970,100,99007,100
2019-06-28 10:05:40.000000000,100138,392,99977,292,100384,292,99935,292,100738,100,99933,100,100822,23,99512,100,101023,100,99459,100,101054,100,99455,100,101177,100,99171,100,101393,100,99163,100,101563,100,99120,100,101970,100,99007,100
2019-06-28 10:05:50.000000000,100138,277,99977,177,100384,177,99935,177,100738,177,99933,177,100822,100,99512,177,101023,177,99459,177,101054,100,99455,100,101177,100,99171,100,101393,100,99163,100,101563,100,99120,100,101970,100,99007,100
2019-06-28 10:06:00.000000000,100138,296,99977,196,100384,196,99935,196,100738,196,99933,196,100822,119,99512,196,101023,100,99459,100,101054,100,99455,100,101177,100,99171,100,101393,100,99163,100,101563,100,99120,100,101970,100,99007,100
2019-06-28 10:06:10.000000000,100138,583,99977,483,100384,100,99935,100,100738,100,99933,100,100822,23,99512,100,101023,100,99459,100,101054,100,99455,100,101177,100,99171,100,101393,100,99163,100,101563,100,99120,100,101970,100,99007,100
2019-06-28 10:06:10.772061697,100138,583,99977,383,100384,100,99935,100,100738,100,99933,100,100822,23,99512,100,101023,100,99459,100,101054,100,99455,100,101177,100,99171,100,101393,100,99163,100,101563,100,99007,100,101970,100,,
2019-06-28 10:06:20.000000000,100138,330,99935,230,100384,226,99933,226,100738,226,99512,226,100822,23,99459,100,101023,100,99455,100,101054,100,99171,100,101177,100,99163,100,101393,100,99007,100,101563,100,,,101970,100,,
2019-06-28 10:06:30.000000000,100138,277,99935,177,100384,177,99933,177,100738,177,99512,177,100822,100,99459,177,101023,177,99455,177,101054,100,99171,100,101177,100,99163,100,101393,100,99007,100,101563,100,,,101970,100,,
2019-06-28 10:06:40.000000000,100138,583,99935,483,100384,100,99933,100,100738,100,99512,100,100822,23,99459,100,101023,100,99455,100,101054,100,99171,100,101177,100,99163,100,101393,100,99007,100,101563,100,,,101970,100,,
2019-06-28 10:06:43.488444022,100138,583,99935,483,100384,100,99933,100,100738,100,99512,100,100822,23,99459,100,101023,100,99455,100,101054,100,99171,100,101177,100,99163,100,101393,100,99042,100,101563,100,99007,100,101970,100,,
2019-06-28 10:06:50.000000000,100138,330,99935,230,100384,226,99933,226,100738,226,99512,226,100822,23,99459,100,101023,100,99455,100,101054,100,99171,100,101177,100,99163,100,101393,100,99042,100,101563,100,99007,100,101970,100,,
2019-06-28 10:06:56.903043708,100138,330,99935,230,100384,226,99933,226,100738,226,99512,226,100822,23,99459,100,101023,100,99455,100,101054,100,99171,100,101177,100,99163,100,101393,100,99042,100,101563,100,99007,100,101970,100,98834,100
2019-06-28 10:07:00.000000000,100138,583,99935,483,100384,100,99933,100,100738,100,99512,100,100822,23,99459,100,101023,100,99455,100,101054,100,99171,100,101177,100,99163,100,101393,100,99042,100,101563,100,99007,100,101970,100,98834,100
2019-06-28 10:07:08.418387247,100138,583,99935,383,100384,100,99933,100,100738,100,99512,100,100822,23,99459,100,101023,100,99455,100,101054,100,99171,100,101177,100,99163,100,101393,100,99042,100,101563,100,99007,100,101970,100,,
2019-06-28 10:07:10.000000000,100138,330,99933,230,100384,226,99512,226,100738,226,99459,226,100822,23,99455,100,101023,100,99171,100,101054,100,99163,100,101177,100,99042,100,101393,100,99007,100,101563,100,,,101970,100,,
2019-06-28 10:07:13.463747295,100138,330,99933,130,100384,226,99512,226,100738,226,99459,226,100822,23,99455,100,101023,100,99171,100,101054,100,99163,100,101177,100,99042,100,101393,100,99007,100,101563,100,,,101970,100,,
2019-06-28 10:07:20.000000000,100138,277,99512,177,100384,177,99459,177,100738,177,99455,177,100822,100,99171,177,101023,177,99163,177,101054,100,99042,100,101177,100,99007,100,101393,100,,,101563,100,,,101970,100,,
2019-06-28 10:07:30.000000000,100138,296,99512,196,100384,196,99459,196,100738,196,99455,196,100822,119,99171,196,101023,100,99163,100,101054,100,99042,100,101177,100,99007,100,101393,100,,,101563,100,,,101970,100,,
