,ask_price_1,ask_size_1,bid_price_1,bid_size_1,ask_price_2,ask_size_2,bid_price_2,bid_size_2,ask_price_3,ask_size_3,bid_price_3,bid_size_3,ask_price_4,ask_size_4,bid_price_4,bid_size_4,ask_price_5,ask_size_5,bid_price_5,bid_size_5,ask_price_6,ask_size_6,bid_price_6,bid_size_6,ask_price_7,ask_size_7,bid_price_7,bid_size_7,ask_price_8,ask_size_8,bid_price_8,bid_size_8,ask_price_9,ask_size_9,bid_price_9,bid_size_9,ask_price_10,ask_size_10,bid_price_10,bid_size_10
2019-06-28 09:30:00.000000000,100105,100,,,,,,,,,,,,,,,,,,,,,,,,,,,,,,,,,,,,,,
2019-06-28 09:30:00.000000001,99995,100,99913,100,100105,100,99892,100,100227,100,,,,,,,,,,,,,,,,,,,,,,,,,,,,,,
2019-06-28 09:30:00.000000002,99995,100,99913,100,100053,100,99892,100,100105,100,,,100217,100,,,100227,100,,,,,,,,,,,,,,,,,,,,,,
2019-06-28 09:30:00.000000003,99995,100,99954,100,100053,100,99913,100,100105,100,99892,100,100217,100,,,100227,100,,,100229,100,,,,,,,,,,,,,,,,,,
2019-06-28 09:30:00.000000009,100053,100,99954,100,100105,100,99913,100,100217,100,99892,200,100227,100,,,100229,100,,,,,,,,,,,,,,,,,,,,,,
2019-06-28 09:30:00.000000010,100053,100,100044,100,100105,100,99954,100,100217,100,99913,100,100227,100,99892,200,100229,100,,,,,,,,,,,,,,,,,,,,,,
2019-06-28 09:30:00.000000015,100053,100,100044,100,100105,100,99954,100,100217,100,99945,100,100227,100,99913,100,100229,100,99892,200,,,,,,,,,,,,,,,,,,,,
2019-06-28 09:30:00.000000017,100044,100,99954,100,100053,100,99945,100,100105,100,99913,100,100217,100,99892,200,100227,100,,,100229,100,,,,,,,,,,,,,,,,,,
2019-06-28 09:30:00.000000018,100044,200,99954,100,100053,100,99945,100,100105,100,99913,100,100155,100,99892,200,100217,100,,,100227,100,,,100229,100,,,,,,,,,,,,,,
2019-06-28 09:30:00.000000019,100044,200,99988,100,100053,100,99954,100,100105,100,99945,100,100155,100,99913,100,100217,100,99892,200,100227,100,,,100229,100,,,,,,,,,,,,,,
2019-06-28 09:30:00.000000022,100044,200,99988,100,100053,100,99954,100,100097,100,99945,100,100105,100,99913,100,100155,100,99892,200,100217,100,,,100227,100,,,100229,100,,,,,,,,,,
2019-06-28 09:30:00.000000023,100044,200,99988,100,100053,100,99954,100,100097,100,99945,100,100105,100,99913,100,100155,100,99892,200,100160,100,,,100217,100,,,100227,100,,,100229,100,,,,,,
2019-06-28 09:30:00.000000024,100044,200,99988,100,100053,100,99954,100,100097,100,99945,100,100105,100,99913,100,100155,100,99892,200,100160,100,99881,100,100217,100,,,100227,100,,,100229,100,,,,,,
2019-06-28 09:30:00.000000026,100044,300,99988,100,100053,100,99954,100,100097,100,99945,100,100105,100,99913,100,100155,100,99892,200,100160,100,99881,100,100217,100,,,100227,100,,,100229,100,,,,,,
2019-06-28 09:30:00.000000027,100039,100,99988,100,100044,300,99954,100,100053,100,99945,100,100097,100,99913,100,100105,100,99892,200,100155,100,99881,100,100160,100,,,100217,100,,,100227,100,,,100229,100,,
2019-06-28 09:30:00.000000028,100039,100,99995,100,100044,300,99988,100,100053,100,99954,100,100097,100,99945,100,100105,100,99913,100,100155,100,99892,200,100160,100,99881,100,100217,100,,,100227,100,,,100229,100,,
2019-06-28 09:30:00.000000031,100039,100,99995,200,100044,300,99988,100,100053,100,99954,100,100097,100,99945,100,100105,100,99913,100,100155,100,99892,200,100160,100,99881,100,100217,100,,,100227,100,,,100229,100,,
2019-06-28 09:30:00.000000033,100039,100,99995,200,100044,300,99988,100,100053,100,99954,100,100075,100,99945,100,100097,100,99913,100,100105,100,99892,200,100155,100,99881,100,100160,100,,,100217,100,,,100227,100,,
2019-06-28 09:30:00.000000036,100039,100,99995,200,100044,300,99988,100,100053,100,99954,100,100075,100,99945,100,100097,100,99913,100,100105,100,99892,200,100138,100,99881,100,100155,100,,,100160,100,,,100217,100,,
2019-06-28 09:30:00.000000039,100039,100,99995,200,100044,300,99988,100,100053,100,99954,100,100055,100,99945,100,100075,100,99913,100,100097,100,99892,200,100105,100,99886,100,100138,100,99881,100,100155,100,,,100160,100,,
2019-06-28 09:30:00.000000041,100039,100,99995,200,100044,300,99988,100,100053,100,99954,100,100055,100,99953,100,100075,100,99945,100,100097,100,99913,100,100105,100,99892,200,100138,100,99886,100,100155,100,99881,100,100160,100,,
2019-06-28 09:30:00.000000042,100039,100,99995,200,100044,300,99988,100,100053,100,99954,100,100055,100,99953,100,100075,100,99945,100,100097,100,99913,100,100105,100,99892,200,100138,100,99886,100,100155,100,99881,100,100160,100,99817,100
2019-06-28 09:30:00.000000043,100039,100,99995,200,100044,300,99988,100,100047,100,99970,100,100053,100,99954,100,100055,100,99953,100,100075,100,99945,100,100097,100,99913,100,100105,100,99892,200,100138,100,99886,100,100155,100,99881,100
2019-06-28 09:30:00.000000044,100037,100,99995,200,100039,100,99988,100,100044,300,99970,100,100047,100,99954,100,100053,100,99953,100,100055,100,99945,100,100075,100,99913,100,100097,100,99892,200,100105,100,99886,100,100138,100,99881,100
2019-06-28 09:30:00.000000046,100037,100,99995,200,100039,100,99988,100,100044,300,99970,100,100047,100,99954,100,100053,100,99953,100,100055,100,99945,100,100075,100,99929,100,100097,100,99913,100,100105,100,99892,200,100138,100,99886,100
2019-06-28 09:30:00.000000050,100014,100,99995,200,100037,100,99988,100,100039,100,99970,100,100044,300,99954,100,100047,100,99953,100,100053,100,99945,100,100055,100,99929,100,100075,100,99913,100,100097,100,99892,200,100105,100,99886,100
2019-06-28 09:30:00.000000053,100001,100,99995,200,100014,100,99988,100,100037,100,99970,100,100039,100,99954,100,100044,300,99953,100,100047,100,99945,100,100053,100,99929,100,100055,100,99913,100,100059,100,99892,200,100075,100,99886,100
2019-06-28 09:30:00.000000055,100001,100,99995,200,100014,100,99988,100,100037,100,99970,100,100039,100,99954,100,100044,300,99953,100,100047,100,99945,100,100053,100,99929,100,100055,100,99913,100,100059,100,99892,200,100075,100,99886,100
2019-06-28 09:30:00.000000058,100001,100,99995,200,100014,100,99988,100,100037,100,99970,100,100039,100,99954,100,100044,300,99953,100,100047,100,99945,100,100053,100,99929,100,100055,100,99913,100,100059,100,99892,200,100075,100,99886,100
2019-06-28 09:30:00.000000059,100001,100,99995,200,100014,100,99988,100,100037,100,99970,100,100039,100,99954,100,100044,400,99953,100,100047,100,99945,100,100053,100,99929,100,100055,100,99913,100,100059,100,99892,200,100075,100,99886,100
2019-06-28 09:30:00.000000060,100001,100,99995,200,100014,100,99988,100,100037,100,99970,100,100039,100,99954,100,100044,500,99953,100,100047,100,99945,100,100053,100,99929,100,100055,100,99913,100,100059,100,99892,200,100075,100,99886,100
2019-06-28 09:30:00.000000061,100001,100,99995,300,100014,100,99988,100,100037,100,99970,100,100039,100,99954,100,100044,500,99953,100,100047,100,99945,100,100053,100,99929,100,100055,100,99913,100,100059,100,99892,200,100075,100,99886,100
2019-06-28 09:30:00.000000063,100001,100,99995,300,100014,100,99988,100,100037,100,99970,100,100039,100,99954,100,100044,600,99953,100,100047,100,99945,100,100053,100,99929,100,100055,100,99913,100,100059,100,99892,200,100075,100,99886,100
2019-06-28 09:30:00.000000064,100001,100,99995,300,100014,100,99988,100,100037,100,99970,100,100039,100,99954,100,100044,600,99953,100,100047,100,99945,100,100053,100,99929,100,100055,100,99913,100,100059,100,99900,100,100075,100,99892,200
2019-06-28 09:30:00.000000066,100001,100,99995,300,100014,100,99988,100,100037,100,99970,100,100039,100,99954,100,100044,700,99953,100,100047,100,99945,100,100053,100,99929,100,100055,100,99913,100,100059,100,99900,100,100070,100,99892,200
2019-06-28 09:30:00.000000070,100001,100,99995,300,100014,100,99988,100,100037,100,99970,100,100039,100,99954,100,100044,700,99953,100,100047,100,99945,100,100053,100,99930,100,100055,100,99929,100,100059,100,99913,100,100070,100,99900,100
2019-06-28 09:30:00.000000071,100001,100,99995,300,100014,100,99988,100,100037,100,99970,100,100039,100,99962,100,100044,700,99954,100,100047,100,99953,100,100053,100,99945,100,100055,100,99930,100,100059,100,99929,100,100070,100,99913,100
2019-06-28 09:30:00.000000072,100001,100,99995,300,100013,100,99988,100,100014,100,99970,100,100037,100,99962,100,100039,100,99954,100,100044,700,99953,100,100047,100,99945,100,100053,100,99930,100,100055,100,99929,100,100059,100,99913,100
2019-06-28 09:30:00.000000073,100001,100,99995,400,100013,100,99988,100,100014,100,99970,100,100037,100,99962,100,100039,100,99954,100,100044,700,99953,100,100047,100,99945,100,100053,100,99930,100,100055,100,99929,100,100059,100,99913,100
2019-06-28 09:30:00.000000074,100001,100,99995,500,100013,100,99988,100,100014,100,99970,100,100037,100,99962,100,100039,100,99954,100,100044,700,99953,100,100047,100,99945,100,100053,100,99930,100,100055,100,99929,100,100059,100,99913,100
2019-06-28 09:30:00.000000075,100001,100,99995,500,100013,100,99994,100,100014,100,99988,100,100037,100,99970,100,100039,100,99962,100,100044,700,99954,100,100047,100,99953,100,100053,100,99945,100,100055,100,99930,100,100059,100,99929,100
2019-06-28 09:30:00.000000076,100001,100,99995,400,100013,100,99994,100,100014,100,99988,100,100019,100,99970,100,100037,100,99962,100,100039,100,99954,100,100044,700,99953,100,100047,100,99945,100,100053,100,99930,100,100055,100,99929,100
2019-06-28 09:30:00.000000077,100001,100,99995,400,100013,100,99994,100,100014,100,99988,100,100019,100,99970,100,100037,100,99962,100,100039,100,99954,100,100044,700,99953,100,100047,100,99945,100,100053,100,99930,100,100055,100,99929,100
2019-06-28 09:30:00.000000083,100001,100,99995,400,100013,100,99994,100,100014,100,99988,100,100019,100,99970,100,100037,100,99962,100,100039,100,99954,100,100044,700,99953,100,100047,100,99945,100,100053,100,99930,100,100055,100,99929,100
2019-06-28 09:30:00.000000088,100001,100,99995,400,100013,100,99994,100,100014,100,99988,100,100019,100,99970,100,100037,100,99962,100,100039,100,99954,100,100044,700,99953,100,100047,100,99945,100,100053,100,99930,100,100055,100,99929,100
2019-06-28 09:30:00.000000090,100001,100,99999,100,100013,100,99995,400,100014,100,99994,100,100019,100,99988,100,100037,100,99970,100,100039,100,99962,100,100044,700,99954,100,100047,100,99953,100,100053,100,99945,100,100055,100,99930,100
2019-06-28 09:30:00.000000091,100001,100,99995,400,100013,100,99994,100,100014,100,99988,100,100019,100,99970,100,100037,100,99962,100,100039,100,99954,100,100044,700,99953,100,100047,100,99945,100,100053,100,99930,100,100055,100,99929,100
2019-06-28 09:30:00.000000097,100001,100,99995,400,100013,100,99994,100,100014,100,99988,100,100019,100,99970,100,100037,100,99962,100,100039,100,99954,100,100044,700,99953,100,100047,100,99945,100,100053,100,99930,100,100055,100,99929,100
2019-06-28 09:30:01.937859991,100013,100,99995,400,100014,100,99994,100,100019,100,99988,100,100037,100,99970,100,100039,100,99962,100,100044,700,99954,100,100047,100,99953,100,100053,100,99945,100,100055,100,99930,100,100059,100,99929,100
2019-06-28 09:30:06.975323453,100011,100,99995,400,100013,100,99994,100,100014,100,99988,100,100019,100,99970,100,100037,100,99962,100,100039,100,99954,100,100044,700,99953,100,100047,100,99945,100,100053,100,99930,100,100055,100,99929,100
2019-06-28 09:30:10.000000000,100011,193,99995,493,100013,193,99994,193,100014,193,99988,193,100019,193,99970,193,100037,193,99962,193,100039,100,99954,100,100044,700,99953,100,100047,100,99945,100,100053,100,99930,100,100055,100,99929,100
2019-06-28 09:30:20.000000000,100011,216,99995,516,100013,216,99994,216,100014,216,99988,216,100019,216,99970,216,100037,100,99962,100,100039,100,99954,100,100044,700,99953,100,100047,100,99945,100,100053,100,99930,100,100055,100,99929,100
2019-06-28 09:30:24.859892871,100011,216,99995,516,100013,216,99994,216,100014,216,99988,216,100019,216,99970,216,100037,100,99962,100,100039,100,99954,100,100044,700,99953,100,100047,100,99945,100,100053,100,99930,100,100055,100,99929,100
2019-06-28 09:30:29.681496354,100011,216,99995,516,100013,216,99994,216,100014,216,99988,216,100019,216,99970,216,100037,100,99962,100,100039,200,99954,100,100044,700,99953,100,100047,100,99945,100,100053,100,99930,100,100055,100,99929,100
2019-06-28 09:30:30.000000000,100011,216,99995,516,100013,216,99994,216,100014,216,99988,216,100019,216,99970,216,100037,100,99962,100,100039,200,99954,100,100044,700,99953,100,100047,100,99945,100,100053,100,99930,100,100055,100,99929,100
2019-06-28 09:30:35.802009568,100011,216,99995,416,100013,216,99994,216,100014,216,99988,116,100019,216,99970,216,100037,100,99962,100,100039,200,99954,100,100044,700,99953,100,100047,100,99945,100,100053,100,99930,100,100055,100,99929,100
2019-06-28 09:30:40.000000000,100011,193,99995,393,100013,193,99994,193,100014,193,99970,193,100019,193,99962,193,100037,193,99954,193,100039,200,99953,100,100044,700,99945,100,100047,100,99930,100,100053,100,99929,100,100055,100,99925,100
2019-06-28 09:30:50.000000000,100011,216,99995,416,100013,216,99994,216,100014,216,99970,216,100019,216,99962,216,100037,100,99954,100,100039,200,99953,100,100044,700,99945,100,100047,100,99930,100,100053,100,99929,100,100055,100,99925,100
2019-06-28 09:30:59.262664491,100011,216,99995,416,100013,216,99994,216,100014,216,99970,216,100019,216,99962,216,100037,100,99954,100,100039,200,99953,100,100044,700,99945,100,100047,100,99930,100,100055,100,99929,100,100059,100,99925,100
2019-06-28 09:31:00.000000000,100011,332,99995,532,100013,332,99994,332,100014,100,99970,100,100019,100,99962,100,100037,100,99954,100,100039,200,99953,100,100044,700,99945,100,100047,100,99930,100,100055,100,99929,100,100059,100,99925,100
2019-06-28 09:31:10.000000000,100011,564,99995,764,100013,100,99994,100,100014,100,99970,100,100019,100,99962,100,100037,100,99954,100,100039,200,99953,100,100044,700,99945,100,100047,100,99930,100,100055,100,99929,100,100059,100,99925,100
2019-06-28 09:31:20.000000000,100011,564,99995,764,100013,100,99994,100,100014,100,99970,100,100019,100,99962,100,100037,100,99954,100,100039,200,99953,100,100044,700,99945,100,100047,100,99930,100,100055,100,99929,100,100059,100,99925,100
2019-06-28 09:31:30.000000000,100011,216,99995,416,100013,216,99994,216,100014,216,99970,216,100019,216,99962,216,100037,100,99954,100,100039,200,99953,100,100044,700,99945,100,100047,100,99930,100,100055,100,99929,100,100059,100,99925,100
2019-06-28 09:31:30.320411471,100011,216,99995,416,100013,216,99994,216,100014,216,99970,216,100019,216,99962,216,100037,100,99954,100,100039,200,99953,100,100044,600,99945,100,100047,100,99930,100,100055,100,99929,100,100059,100,99925,100
2019-06-28 09:31:31.849313065,100011,216,99995,416,100013,216,99994,216,100014,216,99970,216,100019,216,99962,216,100037,100,99954,100,100039,200,99953,100,100044,600,99945,100,100047,100,99930,100,100055,100,99929,100,100059,100,99925,100
2019-06-28 09:31:34.272745614,100011,216,99995,416,100013,216,99994,216,100014,216,99970,216,100019,216,99962,216,100037,100,99954,100,100039,200,99953,100,100044,600,99945,100,100047,100,99930,100,100055,100,99929,100,100059,100,99925,100
2019-06-28 09:31:40.000000000,100011,332,99995,532,100013,332,99994,332,100014,100,99970,100,100019,100,99962,100,100037,100,99954,100,100039,200,99953,100,100044,600,99945,100,100047,100,99930,100,100055,100,99929,100,100059,100,99925,100
2019-06-28 09:31:41.070882905,100011,332,99995,532,100013,332,99994,332,100014,100,99970,100,100019,100,99962,100,100037,100,99954,100,100039,200,99953,100,100044,600,99945,100,100047,100,99930,100,100059,100,99929,100,100066,100,99925,100
2019-06-28 09:31:50.000000000,100011,258,99995,458,100013,253,99994,253,100014,253,99970,253,100019,100,99962,100,100037,100,99954,100,100039,200,99953,100,100044,600,99945,100,100047,100,99930,100,100059,100,99929,100,100066,100,99925,100
2019-06-28 09:31:56.145728682,100011,258,99995,458,100013,253,99994,253,100014,253,99970,253,100019,100,99962,100,100037,100,99954,100,100039,200,99945,100,100044,600,99930,100,100047,100,99929,100,100059,100,99925,100,100066,100,99900,100
2019-06-28 09:31:59.619460992,100011,158,99995,458,100013,253,99994,253,100014,253,99970,253,100019,100,99962,100,100037,100,99954,100,100039,200,99945,100,100044,600,99930,100,100047,100,99929,100,100059,100,99925,100,100066,100,99900,100
2019-06-28 09:32:00.000000000,100013,216,99995,416,100014,216,99994,216,100019,216,99970,216,100037,216,99962,216,100039,200,99954,100,100044,600,99945,100,100047,100,99930,100,100059,100,99929,100,100066,100,99925,100,100070,100,99900,100
2019-06-28 09:32:03.765110195,100013,216,99995,416,100014,216,99994,216,100019,216,99970,216,100037,216,99962,216,100039,100,99954,100,100044,600,99945,100,100046,100,99930,100,100047,100,99929,100,100059,100,99925,100,100066,100,99900,100
2019-06-28 09:32:10.000000000,100013,193,99995,393,100014,193,99994,193,100019,193,99970,193,100037,193,99962,193,100039,193,99954,193,100044,600,99945,100,100046,100,99930,100,100047,100,99929,100,100059,100,99925,100,100066,100,99900,100
2019-06-28 09:32:20.000000000,100013,564,99995,764,100014,100,99994,100,100019,100,99970,100,100037,100,99962,100,100039,100,99954,100,100044,600,99945,100,100046,100,99930,100,100047,100,99929,100,100059,100,99925,100,100066,100,99900,100
2019-06-28 09:32:26.738543950,100013,564,99995,664,100014,100,99994,100,100019,100,99970,100,100037,100,99962,100,100039,100,99954,100,100044,600,99945,100,100046,100,99930,100,100059,100,99929,100,100066,100,99925,100,100070,100,99900,100
2019-06-28 09:32:30.000000000,100013,216,99995,316,100014,216,99994,216,100019,216,99970,216,100037,216,99962,216,100039,100,99954,100,100044,600,99945,100,100046,100,99930,100,100059,100,99929,100,100066,100,99925,100,100070,100,99900,100
2019-06-28 09:32:40.000000000,100013,216,99995,316,100014,216,99994,216,100019,216,99970,216,100037,216,99962,216,100039,100,99954,100,100044,600,99945,100,100046,100,99930,100,100059,100,99929,100,100066,100,99925,100,100070,100,99900,100
2019-06-28 09:32:43.543170659,100013,216,99995,216,100014,216,99994,216,100019,216,99970,216,100037,216,99962,216,100039,100,99954,100,100044,600,99945,100,100046,100,99930,100,100059,100,99929,100,100066,100,99925,100,100070,100,99900,100
2019-06-28 09:32:50.000000000,100013,332,99995,332,100014,332,99994,332,100019,100,99970,100,100037,100,99962,100,100039,100,99954,100,100044,600,99945,100,100046,100,99930,100,100059,100,99929,100,100066,100,99925,100,100070,100,99900,100
2019-06-28 09:33:00.000000000,100013,564,99995,564,100014,100,99994,100,100019,100,99970,100,100037,100,99962,100,100039,100,99954,100,100044,600,99945,100,100046,100,99930,100,100059,100,99929,100,100066,100,99925,100,100070,100,99900,100
2019-06-28 09:33:10.000000000,100013,216,99995,216,100014,216,99994,216,100019,216,99970,216,100037,216,99962,216,100039,100,99954,100,100044,600,99945,100,100046,100,99930,100,100059,100,99929,100,100066,100,99925,100,100070,100,99900,100
2019-06-28 09:33:20.000000000,100013,216,99995,216,100014,216,99994,216,100019,216,99970,216,100037,216,99962,216,100039,100,99954,100,100044,600,99945,100,100046,100,99930,100,100059,100,99929,100,100066,100,99925,100,100070,100,99900,100
2019-06-28 09:33:24.080745066,100013,216,99995,116,100014,216,99994,216,100019,216,99970,216,100037,216,99962,216,100039,100,99954,100,100044,600,99945,100,100046,100,99929,100,100059,100,99925,100,100066,100,99900,100,100070,100,99892,200
2019-06-28 09:33:30.000000000,100013,258,99994,258,100014,253,99970,253,100019,253,99962,253,100037,100,99954,100,100039,100,99945,100,100044,600,99929,100,100046,100,99925,100,100059,100,99900,100,100066,100,99892,200,100070,100,99886,100
2019-06-28 09:33:33.741186969,100013,258,99994,258,100014,253,99970,253,100019,253,99962,253,100037,100,99954,100,100039,100,99945,100,100044,600,99929,100,100046,100,99925,100,100059,100,99900,100,100066,100,99892,200,100070,100,99886,100
2019-06-28 09:33:40.000000000,100013,216,99994,216,100014,216,99970,216,100019,216,99962,216,100037,216,99954,216,100039,100,99945,100,100044,600,99929,100,100046,100,99925,100,100059,100,99900,100,100066,100,99892,200,100070,100,99886,100
2019-06-28 09:33:42.376575114,100013,216,99994,216,100014,116,99970,216,100019,216,99962,216,100037,216,99954,216,100039,100,99945,100,100044,600,99929,100,100046,100,99925,100,100059,100,99900,100,100066,100,99892,200,100070,100,99886,100
2019-06-28 09:33:50.000000000,100013,193,99994,193,100019,193,99970,193,100037,193,99962,193,100039,193,99954,193,100044,693,99945,193,100046,100,99929,100,100059,100,99925,100,100066,100,99900,100,100070,100,99892,200,100073,100,99886,100
2019-06-28 09:33:58.540904299,100013,193,99994,193,100019,193,99970,193,100037,193,99962,193,100039,193,99954,193,100044,693,99945,193,100046,100,99929,100,100059,100,99925,100,100066,100,99900,100,100070,100,99892,200,100073,100,99886,100
2019-06-28 09:34:00.000000000,100013,193,99994,193,100019,193,99970,193,100037,193,99962,193,100039,193,99954,193,100044,693,99945,193,100046,100,99929,100,100059,100,99925,100,100066,100,99900,100,100070,100,99892,200,100073,100,99886,100
2019-06-28 09:34:10.000000000,100013,564,99994,564,100019,100,99970,100,100037,100,99962,100,100039,100,99954,100,100044,600,99945,100,100046,100,99929,100,100059,100,99925,100,100066,100,99900,100,100070,100,99892,200,100073,100,99886,100
2019-06-28 09:34:20.000000000,100013,258,99994,258,100019,253,99970,253,100037,253,99962,253,100039,100,99954,100,100044,600,99945,100,100046,100,99929,100,100059,100,99925,100,100066,100,99900,100,100070,100,99892,200,100073,100,99886,100
2019-06-28 09:34:28.550926965,100013,258,99994,258,100019,253,99970,253,100037,253,99962,253,100039,100,99954,100,100044,600,99945,100,100046,100,99929,100,100059,100,99925,100,100066,100,99900,100,100070,100,99892,200,100073,100,99886,100
2019-06-28 09:34:28.671058911,100013,258,99994,158,100019,253,99970,253,100037,253,99962,253,100039,100,99954,100,100044,600,99945,100,100046,100,99929,100,100059,100,99925,100,100066,100,99900,100,100070,100,99892,200,100073,100,99886,100
2019-06-28 09:34:30.000000000,100013,258,99970,258,100019,253,99962,253,100037,253,99954,253,100039,100,99945,100,100044,600,99929,100,100046,100,99925,100,100059,100,99900,100,100066,100,99892,200,100070,100,99886,100,100073,100,99881,100
2019-06-28 09:34:33.899405245,100013,258,99970,158,100019,253,99962,253,100037,253,99954,253,100039,100,99945,100,100044,600,99929,100,100046,100,99925,100,100059,100,99900,100,100066,100,99892,200,100070,100,99886,100,100073,100,99881,100
2019-06-28 09:34:33.998801539,100013,258,99970,58,100019,253,99962,253,100037,253,99954,253,100039,100,99945,100,100044,600,99929,100,100046,100,99925,100,100059,100,99900,100,100066,100,99892,200,100070,100,99886,100,100073,100,99881,100
2019-06-28 09:34:34.130858381,99970,42,99962,253,100013,258,99954,253,100019,253,99945,100,100037,253,99929,100,100039,100,99925,100,100044,600,99892,200,100046,100,99886,100,100059,100,99881,100,100066,100,99873,100,100070,100,99827,100
2019-06-28 09:34:40.000000000,99970,200,99962,258,100013,253,99954,253,100019,253,99945,253,100037,100,99929,100,100039,100,99925,100,100044,600,99892,200,100046,100,99886,100,100059,100,99881,100,100066,100,99873,100,100070,100,99827,100
2019-06-28 09:34:44.316117034,99970,100,99962,258,100013,253,99954,253,100019,253,99945,253,100037,100,99929,100,100039,100,99925,100,100044,600,99892,200,100046,100,99886,100,100059,100,99881,100,100066,100,99873,100,100070,100,99827,100
2019-06-28 09:34:50.000000000,100013,564,99962,564,100019,100,99954,100,100037,100,99945,100,100039,100,99929,100,100044,600,99925,100,100046,100,99892,200,100059,100,99886,100,100066,100,99881,100,100070,100,99873,100,100097,100,99827,100
2019-06-28 09:34:59.441711489,100013,464,99962,564,100019,100,99954,100,100037,100,99945,100,100039,100,99929,100,100044,600,99925,100,100046,100,99892,200,100059,100,99886,100,100066,100,99881,100,100070,100,99873,100,100097,100,99827,100
2019-06-28 09:35:00.000000000,100019,258,99962,258,100037,253,99954,253,100039,253,99945,253,100044,600,99929,100,100046,100,99925,100,100059,100,99892,200,100066,100,99886,100,100070,100,99881,100,100097,100,99873,100,100099,100,99827,100
2019-06-28 09:35:10.000000000,100019,564,99962,564,100037,100,99954,100,100039,100,99945,100,100044,600,99929,100,100046,100,99925,100,100059,100,99892,200,100066,100,99886,100,100070,100,99881,100,100097,100,99873,100,100099,100,99827,100
2019-06-28 09:35:12.920034732,100019,564,99962,464,100037,100,99954,100,100039,100,99945,100,100044,600,99929,100,100046,100,99925,100,100059,100,99892,200,100066,100,99886,100,100070,100,99881,100,100097,100,99873,100,100099,100,99827,100
2019-06-28 09:35:20.000000000,100019,332,99954,332,100037,332,99945,332,100039,100,99929,100,100044,600,99925,100,100046,100,99892,200,100059,100,99886,100,100066,100,99881,100,100070,100,99873,100,100097,100,99827,100,100099,100,99817,100
2019-06-28 09:35:24.145403145,99995,100,99954,332,100019,332,99945,332,100037,332,99929,100,100039,100,99925,100,100044,600,99892,200,100046,100,99886,100,100059,100,99873,100,100066,100,99827,100,100070,100,99817,100,100097,100,99812,100
2019-06-28 09:35:24.954448742,99985,100,99954,332,99995,100,99945,332,100019,332,99929,100,100037,332,99925,100,100039,100,99892,200,100044,600,99886,100,100046,100,99873,100,100059,100,99827,100,100066,100,99817,100,100070,100,99704,100
2019-06-28 09:35:27.718863285,99985,100,99954,332,99995,100,99945,332,100019,332,99929,100,100037,332,99925,100,100039,100,99892,200,100044,600,99886,100,100046,100,99873,100,100059,100,99827,100,100066,100,99817,100,100070,100,99704,100
2019-06-28 09:35:30.000000000,99985,564,99954,564,99995,100,99945,100,100019,100,99929,100,100037,100,99925,100,100039,100,99892,200,100044,600,99886,100,100046,100,99873,100,100059,100,99827,100,100066,100,99817,100,100070,100,99704,100
2019-06-28 09:35:40.000000000,99985,332,99954,332,99995,332,99945,332,100019,100,99929,100,100037,100,99925,100,100039,100,99892,200,100044,600,99886,100,100046,100,99873,100,100059,100,99827,100,100066,100,99817,100,100070,100,99704,100
2019-06-28 09:35:50.000000000,99985,564,99954,564,99995,100,99945,100,100019,100,99929,100,100037,100,99925,100,100039,100,99892,200,100044,600,99886,100,100046,100,99873,100,100059,100,99827,100,100066,100,99817,100,100070,100,99704,100
2019-06-28 09:36:00.000000000,99985,332,99954,332,99995,332,99945,332,100019,100,99929,100,100037,100,99925,100,100039,100,99892,200,100044,600,99886,100,100046,100,99873,100,100059,100,99827,100,100066,100,99817,100,100070,100,99704,100
2019-06-28 09:36:06.972451908,99985,332,99954,332,99995,332,99945,332,100019,100,99929,100,100037,100,99925,100,100039,100,99892,200,100044,500,99886,100,100046,100,99873,100,100059,100,99827,100,100066,100,99817,100,100070,100,99704,100
2019-06-28 09:36:10.000000000,99985,564,99954,564,99995,100,99945,100,100019,100,99929,100,100037,100,99925,100,100039,100,99892,200,100044,500,99886,100,100046,100,99873,100,100059,100,99827,100,100066,100,99817,100,100070,100,99704,100
2019-06-28 09:36:14.647471763,99985,564,99954,564,99995,100,99945,100,100012,100,99929,100,100019,100,99925,100,100037,100,99892,200,100039,100,99886,100,100044,500,99873,100,100046,100,99827,100,100059,100,99817,100,100066,100,99704,100
2019-06-28 09:36:20.000000000,99985,216,99954,216,99995,216,99945,216,100012,216,99929,216,100019,216,99925,216,100037,100,99892,200,100039,100,99886,100,100044,500,99873,100,100046,100,99827,100,100059,100,99817,100,100066,100,99704,100
2019-06-28 09:36:28.275081861,99985,216,99954,216,99995,216,99945,216,100012,216,99929,216,100019,216,99925,216,100037,100,99892,200,100039,100,99886,100,100044,500,99873,100,100046,100,99827,100,100059,100,99817,100,100066,100,99704,100
2019-06-28 09:36:30.000000000,99985,332,99954,332,99995,332,99945,332,100012,100,99929,100,100019,100,99925,100,100037,100,99892,200,100039,100,99886,100,100044,500,99873,100,100046,100,99827,100,100059,100,99817,100,100066,100,99704,100
2019-06-28 09:36:37.044980547,99985,332,99954,332,99995,332,99945,332,100012,100,99929,100,100019,100,99925,100,100037,100,99892,200,100039,100,99886,100,100044,500,99873,100,100046,100,99827,100,100059,100,99817,100,100066,100,99704,100
2019-06-28 09:36:40.000000000,99985,564,99954,564,99995,100,99945,100,100012,100,99929,100,100019,100,99925,100,100037,100,99892,200,100039,100,99886,100,100044,500,99873,100,100046,100,99827,100,100059,100,99817,100,100066,100,99704,100
2019-06-28 09:36:42.729375720,99985,564,99954,464,99995,100,99945,100,100012,100,99929,100,100019,100,99925,100,100037,100,99892,200,100039,100,99886,100,100044,500,99873,100,100046,100,99827,100,100059,100,99817,100,100066,100,99704,100
2019-06-28 09:36:46.472726937,99985,564,99954,464,99995,100,99945,100,100012,100,99929,100,100019,100,99925,100,100037,100,99892,200,100039,100,99886,100,100044,500,99873,100,100046,100,99827,100,100059,100,99817,100,100066,100,99704,100
2019-06-28 09:36:50.000000000,99985,564,99945,564,99995,100,99929,100,100012,100,99925,100,100019,100,99892,200,100037,100,99886,100,100039,100,99873,100,100044,500,99827,100,100046,100,99817,100,100059,100,99704,100,100066,100,99668,100
2019-06-28 09:37:00.000000000,99985,564,99945,564,99995,100,99929,100,100012,100,99925,100,100019,100,99892,200,100037,100,99886,100,100039,100,99873,100,100044,500,99827,100,100046,100,99817,100,100059,100,99704,100,100066,100,99668,100
2019-06-28 09:37:04.074871391,99984,100,99945,564,99985,564,99929,100,99995,100,99925,100,100019,100,99892,200,100037,100,99886,100,100039,100,99873,100,100044,500,99827,100,100046,100,99817,100,100059,100,99704,100,100066,100,99668,100
2019-06-28 09:37:10.000000000,99984,193,99945,193,99985,193,99929,193,99995,193,99925,193,100019,193,99892,293,100037,193,99886,193,100039,100,99873,100,100044,500,99827,100,100046,100,99817,100,100059,100,99704,100,100066,100,99668,100
2019-06-28 09:37:15.310224541,99984,193,99945,93,99985,193,99929,193,99995,193,99925,193,100019,193,99892,293,100037,93,99886,193,100039,100,99873,100,100044,500,99827,100,100046,100,99817,100,100059,100,99704,100,100066,100,99668,100
2019-06-28 09:37:20.000000000,99984,332,99929,332,99985,332,99925,332,99995,100,99892,200,100019,100,99886,100,100039,100,99873,100,100044,500,99827,100,100046,100,99817,100,100059,100,99704,100,100066,100,99668,100,100070,100,99563,100
2019-06-28 09:37:30.000000000,99984,258,99929,258,99985,253,99925,253,99995,253,99892,353,100019,100,99886,100,100039,100,99873,100,100044,500,99827,100,100046,100,99817,100,100059,100,99704,100,100066,100,99668,100,100070,100,99563,100
2019-06-28 09:37:40.000000000,99984,258,99929,258,99985,253,99925,253,99995,253,99892,353,100019,100,99886,100,100039,100,99873,100,100044,500,99827,100,100046,100,99817,100,100059,100,99704,100,100066,100,99668,100,100070,100,99563,100
2019-06-28 09:37:50.000000000,99984,564,99929,564,99985,100,99925,100,99995,100,99892,200,100019,100,99886,100,100039,100,99873,100,100044,500,99827,100,100046,100,99817,100,100059,100,99704,100,100066,100,99668,100,100070,100,99563,100
2019-06-28 09:37:56.558937474,99984,564,99929,564,99985,100,99925,100,99995,100,99892,200,100019,100,99886,100,100039,100,99873,100,100044,400,99827,100,100046,100,99817,100,100059,100,99704,100,100066,100,99668,100,100070,100,99563,100
2019-06-28 09:37:57.145457043,99984,564,99929,464,99985,100,99925,100,99995,100,99892,200,100019,100,99886,100,100039,100,99873,100,100044,400,99827,100,100046,100,99817,100,100059,100,99704,100,100066,100,99668,100,100070,100,99563,100
2019-06-28 09:38:00.000000000,99984,564,99925,564,99985,100,99892,200,99995,100,99886,100,100019,100,99873,100,100039,100,99827,100,100044,400,99817,100,100046,100,99704,100,100059,100,99668,100,100066,100,99563,100,100070,100,99552,100
2019-06-28 09:38:06.401390604,99945,100,99925,564,99984,564,99892,200,99985,100,99886,100,99995,100,99873,100,100019,100,99827,100,100039,100,99817,100,100044,300,99704,100,100046,100,99668,100,100059,100,99563,100,100066,100,99552,100
2019-06-28 09:38:10.000000000,99945,193,99925,193,99984,193,99892,293,99985,193,99886,193,99995,193,99873,193,100019,193,99827,193,100039,100,99817,100,100044,300,99704,100,100046,100,99668,100,100059,100,99563,100,100066,100,99552,100
2019-06-28 09:38:15.358082031,99945,193,99925,193,99984,193,99892,293,99985,193,99886,193,99995,193,99873,193,100019,193,99827,193,100039,100,99817,100,100044,300,99736,100,100059,100,99704,100,100066,100,99668,100,100070,100,99563,100
2019-06-28 09:38:20.000000000,99945,332,99925,332,99984,332,99892,432,99985,100,99886,100,99995,100,99873,100,100019,100,99827,100,100039,100,99817,100,100044,300,99736,100,100059,100,99704,100,100066,100,99668,100,100070,100,99563,100
2019-06-28 09:38:30.000000000,99945,564,99925,564,99984,100,99892,200,99985,100,99886,100,99995,100,99873,100,100019,100,99827,100,100039,100,99817,100,100044,300,99736,100,100059,100,99704,100,100066,100,99668,100,100070,100,99563,100
2019-06-28 09:38:33.200677613,99945,564,99925,564,99984,100,99892,200,99985,100,99886,100,99995,100,99873,100,100019,100,99827,100,100039,100,99817,100,100044,300,99736,100,100059,100,99725,100,100066,100,99704,100,100070,100,99668,100
2019-06-28 09:38:40.000000000,99945,258,99925,258,99984,253,99892,353,99985,253,99886,253,99995,100,99873,100,100019,100,99827,100,100039,100,99817,100,100044,300,99736,100,100059,100,99725,100,100066,100,99704,100,100070,100,99668,100
2019-06-28 09:38:46.374338513,99945,258,99925,258,99984,253,99892,353,99985,253,99886,253,99995,100,99873,100,100019,100,99827,100,100039,100,99817,100,100044,300,99767,100,100059,100,99736,100,100066,100,99725,100,100070,100,99704,100
2019-06-28 09:38:50.000000000,99945,216,99925,216,99984,216,99892,316,99985,216,99886,216,99995,216,99873,216,100019,100,99827,100,100039,100,99817,100,100044,300,99767,100,100059,100,99736,100,100066,100,99725,100,100070,100,99704,100
2019-06-28 09:38:54.134749331,99945,316,99925,216,99984,216,99892,316,99985,216,99886,216,99995,216,99873,216,100019,100,99827,100,100039,100,99817,100,100044,300,99767,100,100059,100,99736,100,100066,100,99725,100,100070,100,99704,100
2019-06-28 09:39:00.000000000,99945,664,99925,564,99984,100,99892,200,99985,100,99886,100,99995,100,99873,100,100019,100,99827,100,100039,100,99817,100,100044,300,99767,100,100059,100,99736,100,100066,100,99725,100,100070,100,99704,100
2019-06-28 09:39:10.000000000,99945,664,99925,564,99984,100,99892,200,99985,100,99886,100,99995,100,99873,100,100019,100,99827,100,100039,100,99817,100,100044,300,99767,100,100059,100,99736,100,100066,100,99725,100,100070,100,99704,100
2019-06-28 09:39:10.864564663,99945,664,99925,564,99984,100,99892,200,99985,100,99886,100,99995,100,99873,100,100019,100,99827,100,100039,100,99817,100,100044,300,99767,100,100059,100,99736,100,100066,100,99725,100,100070,100,99704,100
2019-06-28 09:39:20.000000000,99945,432,99925,332,99984,332,99892,432,99985,100,99886,100,99995,100,99873,100,100019,100,99827,100,100039,100,99817,100,100044,300,99767,100,100059,100,99736,100,100066,100,99725,100,100070,100,99704,100
2019-06-28 09:39:26.432232242,99945,432,99925,232,99984,332,99892,432,99985,100,99886,100,99995,100,99873,100,100019,100,99827,100,100039,100,99767,100,100044,300,99736,100,100059,100,99725,100,100066,100,99704,100,100070,100,99668,100
2019-06-28 09:39:30.000000000,99945,358,99892,358,99984,253,99886,253,99985,253,99873,253,99995,100,99827,100,100019,100,99767,100,100039,100,99736,100,100044,300,99725,100,100059,100,99704,100,100066,100,99668,100,100070,100,99563,100
2019-06-28 09:39:35.930393322,99945,358,99892,258,99984,253,99886,253,99985,253,99873,253,99995,100,99827,100,100019,100,99767,100,100039,100,99736,100,100044,300,99725,100,100059,100,99704,100,100066,100,99563,100,100070,100,99552,100
2019-06-28 09:39:40.000000000,99945,358,99892,258,99984,253,99886,253,99985,253,99873,253,99995,100,99827,100,100019,100,99767,100,100039,100,99736,100,100044,300,99725,100,100059,100,99704,100,100066,100,99563,100,100070,100,99552,100
2019-06-28 09:39:50.000000000,99945,432,99892,332,99984,332,99886,332,99985,100,99873,100,99995,100,99827,100,100019,100,99767,100,100039,100,99736,100,100044,300,99725,100,100059,100,99704,100,100066,100,99563,100,100070,100,99552,100
2019-06-28 09:39:58.014581463,99945,432,99892,232,99984,332,99886,332,99985,100,99873,100,99995,100,99827,100,100019,100,99767,100,100039,100,99736,100,100044,300,99725,100,100059,100,99704,100,100066,100,99563,100,100070,100,99552,100
2019-06-28 09:40:00.000000000,99945,293,99886,193,99984,193,99873,193,99985,193,99827,193,99995,193,99767,193,100019,193,99736,193,100039,100,99725,100,100044,300,99704,100,100059,100,99563,100,100066,100,99552,100,100070,100,99386,100
2019-06-28 09:40:07.500093618,99892,100,99886,193,99945,193,99873,193,99984,193,99827,193,99985,193,99767,193,99995,193,99736,193,100019,193,99725,100,100039,100,99704,100,100044,300,99563,100,100059,100,99552,100,100066,100,99386,100
2019-06-28 09:40:10.000000000,99892,258,99886,258,99945,253,99873,253,99984,253,99827,253,99985,100,99767,100,99995,100,99736,100,100019,100,99725,100,100039,100,99704,100,100044,300,99563,100,100059,100,99552,100,100066,100,99386,100
2019-06-28 09:40:14.222993668,99892,358,99886,258,99945,253,99873,253,99984,253,99827,253,99985,100,99767,100,99995,100,99736,100,100019,100,99725,100,100039,100,99704,100,100044,300,99563,100,100059,100,99552,100,100066,100,99386,100
2019-06-28 09:40:17.226107250,99892,258,99886,258,99945,253,99873,253,99984,253,99827,253,99985,100,99767,100,99995,100,99736,100,100019,100,99725,100,100039,100,99704,100,100044,300,99563,100,100059,100,99552,100,100066,100,99386,100
2019-06-28 09:40:20.000000000,99892,332,99886,332,99945,332,99873,332,99984,100,99827,100,99985,100,99767,100,99995,100,99736,100,100019,100,99725,100,100039,100,99704,100,100044,300,99563,100,100059,100,99552,100,100066,100,99386,100
2019-06-28 09:40:30.000000000,99892,564,99886,564,99945,100,99873,100,99984,100,99827,100,99985,100,99767,100,99995,100,99736,100,100019,100,99725,100,100039,100,99704,100,100044,300,99563,100,100059,100,99552,100,100066,100,99386,100
2019-06-28 09:40:40.000000000,99892,193,99886,193,99945,193,99873,193,99984,193,99827,193,99985,193,99767,193,99995,193,99736,193,100019,100,99725,100,100039,100,99704,100,100044,300,99563,100,100059,100,99552,100,100066,100,99386,100
2019-06-28 09:40:41.043678705,99892,293,99886,193,99945,193,99873,193,99984,193,99827,193,99985,193,99767,193,99995,193,99736,193,100019,100,99725,100,100039,100,99704,100,100044,300,99563,100,100059,100,99552,100,100066,100,99386,100
2019-06-28 09:40:50.000000000,99892,664,99886,564,99945,100,99873,100,99984,100,99827,100,99985,100,99767,100,99995,100,99736,100,100019,100,99725,100,100039,100,99704,100,100044,300,99563,100,100059,100,99552,100,100066,100,99386,100
2019-06-28 09:41:00.000000000,99892,316,99886,216,99945,216,99873,216,99984,216,99827,216,99985,216,99767,216,99995,100,99736,100,100019,100,99725,100,100039,100,99704,100,100044,300,99563,100,100059,100,99552,100,100066,100,99386,100
2019-06-28 09:41:10.000000000,99892,293,99886,193,99945,193,99873,193,99984,193,99827,193,99985,193,99767,193,99995,193,99736,193,100019,100,99725,100,100039,100,99704,100,100044,300,99563,100,100059,100,99552,100,100066,100,99386,100
2019-06-28 09:41:19.151016941,99892,193,99886,193,99945,193,99873,193,99984,193,99827,193,99985,193,99767,193,99995,193,99736,193,100019,100,99725,100,100039,100,99704,100,100044,300,99563,100,100059,100,99552,100,100066,100,99386,100
2019-06-28 09:41:20.000000000,99892,258,99886,258,99945,253,99873,253,99984,253,99827,253,99985,100,99767,100,99995,100,99736,100,100019,100,99725,100,100039,100,99704,100,100044,300,99563,100,100059,100,99552,100,100066,100,99386,100
2019-06-28 09:41:30.000000000,99892,216,99886,216,99945,216,99873,216,99984,216,99827,216,99985,216,99767,216,99995,100,99736,100,100019,100,99725,100,100039,100,99704,100,100044,300,99563,100,100059,100,99552,100,100066,100,99386,100
2019-06-28 09:41:40.000000000,99892,332,99886,332,99945,332,99873,332,99984,100,99827,100,99985,100,99767,100,99995,100,99736,100,100019,100,99725,100,100039,100,99704,100,100044,300,99563,100,100059,100,99552,100,100066,100,99386,100
2019-06-28 09:41:50.000000000,99892,193,99886,193,99945,193,99873,193,99984,193,99827,193,99985,193,99767,193,99995,193,99736,193,100019,100,99725,100,100039,100,99704,100,100044,300,99563,100,100059,100,99552,100,100066,100,99386,100
2019-06-28 09:41:52.333241373,99892,93,99886,193,99945,193,99873,193,99984,193,99827,193,99985,193,99767,193,99995,193,99736,193,100019,100,99725,100,100039,100,99704,100,100044,300,99563,100,100059,100,99552,100,100066,100,99386,100
2019-06-28 09:42:00.000000000,99945,193,99886,193,99984,193,99873,193,99985,193,99827,193,99995,193,99767,193,100019,193,99736,193,100039,100,99725,100,100044,300,99704,100,100059,100,99563,100,100066,100,99552,100,100070,100,99386,100
2019-06-28 09:42:05.682785482,99945,193,99886,193,99984,193,99873,193,99985,193,99827,193,99995,193,99767,193,100019,193,99736,193,100039,100,99725,100,100044,300,99704,100,100066,100,99563,100,100070,100,99552,100,100097,100,99386,100
2019-06-28 09:42:10.000000000,99945,332,99886,332,99984,332,99873,332,99985,100,99827,100,99995,100,99767,100,100019,100,99736,100,100039,100,99725,100,100044,300,99704,100,100066,100,99563,100,100070,100,99552,100,100097,100,99386,100
2019-06-28 09:42:20.000000000,99945,193,99886,193,99984,193,99873,193,99985,193,99827,193,99995,193,99767,193,100019,193,99736,193,100039,100,99725,100,100044,300,99704,100,100066,100,99563,100,100070,100,99552,100,100097,100,99386,100
2019-06-28 09:42:28.706524888,99945,193,99892,100,99984,193,99886,193,99985,193,99873,193,99995,193,99827,193,100019,193,99767,193,100039,100,99736,193,100044,300,99725,100,100066,100,99704,100,100070,100,99563,100,100097,100,99552,100
2019-06-28 09:42:30.000000000,99945,193,99892,193,99984,193,99886,193,99985,193,99873,193,99995,193,99827,193,100019,193,99767,193,100039,100,99736,100,100044,300,99725,100,100066,100,99704,100,100070,100,99563,100,100097,100,99552,100
2019-06-28 09:42:37.929957232,99945,193,99892,193,99984,193,99886,193,99985,193,99873,193,99995,193,99827,193,100019,193,99767,193,100039,100,99736,100,100044,300,99725,100,100066,100,99704,100,100070,100,99563,100,100092,100,99552,100
2019-06-28 09:42:40.000000000,99945,216,99892,216,99984,216,99886,216,99985,216,99873,216,99995,216,99827,216,100019,100,99767,100,100039,100,99736,100,100044,300,99725,100,100066,100,99704,100,100070,100,99563,100,100092,100,99552,100
2019-06-28 09:42:50.000000000,99945,564,99892,564,99984,100,99886,100,99985,100,99873,100,99995,100,99827,100,100019,100,99767,100,100039,100,99736,100,100044,300,99725,100,100066,100,99704,100,100070,100,99563,100,100092,100,99552,100
2019-06-28 09:43:00.000000000,99945,332,99892,332,99984,332,99886,332,99985,100,99873,100,99995,100,99827,100,100019,100,99767,100,100039,100,99736,100,100044,300,99725,100,100066,100,99704,100,100070,100,99563,100,100092,100,99552,100
2019-06-28 09:43:02.237659234,99945,232,99892,332,99984,332,99886,332,99985,100,99873,100,99995,100,99827,100,100019,100,99767,100,100039,100,99736,100,100044,300,99725,100,100066,100,99704,100,100070,100,99563,100,100092,100,99552,100
2019-06-28 09:43:10.000000000,99984,193,99892,193,99985,193,99886,193,99995,193,99873,193,100019,193,99827,193,100039,193,99767,193,100044,300,99736,100,100066,100,99725,100,100070,100,99704,100,100092,100,99563,100,100097,100,99552,100
2019-06-28 09:43:20.000000000,99984,332,99892,332,99985,332,99886,332,99995,100,99873,100,100019,100,99827,100,100039,100,99767,100,100044,300,99736,100,100066,100,99725,100,100070,100,99704,100,100092,100,99563,100,100097,100,99552,100
2019-06-28 09:43:30.000000000,99984,332,99892,332,99985,332,99886,332,99995,100,99873,100,100019,100,99827,100,100039,100,99767,100,100044,300,99736,100,100066,100,99725,100,100070,100,99704,100,100092,100,99563,100,100097,100,99552,100
2019-06-28 09:43:40.000000000,99984,193,99892,193,99985,193,99886,193,99995,193,99873,193,100019,193,99827,193,100039,193,99767,193,100044,300,99736,100,100066,100,99725,100,100070,100,99704,100,100092,100,99563,100,100097,100,99552,100
2019-06-28 09:43:43.566882119,99984,93,99892,193,99985,193,99886,193,99995,193,99873,193,100019,193,99827,193,100039,193,99767,193,100044,300,99736,100,100066,100,99725,100,100070,100,99704,100,100092,100,99563,100,100097,100,99552,100
2019-06-28 09:43:50.000000000,99985,332,99892,332,99995,332,99886,332,100019,100,99873,100,100039,100,99827,100,100044,300,99767,100,100066,100,99736,100,100070,100,99725,100,100092,100,99704,100,100097,100,99563,100,100114,100,99552,100
2019-06-28 09:43:55.292624943,99985,332,99892,332,99995,332,99886,332,100019,100,99873,100,100039,100,99827,100,100044,300,99767,100,100066,100,99736,100,100070,100,99725,100,100071,100,99704,100,100092,100,99563,100,100097,100,99552,100
2019-06-28 09:44:00.000000000,99985,193,99892,193,99995,193,99886,193,100019,193,99873,193,100039,193,99827,193,100044,393,99767,193,100066,100,99736,100,100070,100,99725,100,100071,100,99704,100,100092,100,99563,100,100097,100,99552,100
2019-06-28 09:44:04.486962245,99921,100,99892,193,99985,193,99886,193,99995,193,99873,193,100019,193,99827,193,100039,193,99767,193,100044,393,99736,100,100066,100,99725,100,100070,100,99704,100,100071,100,99563,100,100092,100,99552,100
2019-06-28 09:44:10.000000000,99921,258,99892,258,99985,253,99886,253,99995,253,99873,253,100019,100,99827,100,100039,100,99767,100,100044,300,99736,100,100066,100,99725,100,100070,100,99704,100,100071,100,99563,100,100092,100,99552,100
2019-06-28 09:44:20.000000000,99921,332,99892,332,99985,332,99886,332,99995,100,99873,100,100019,100,99827,100,100039,100,99767,100,100044,300,99736,100,100066,100,99725,100,100070,100,99704,100,100071,100,99563,100,100092,100,99552,100
2019-06-28 09:44:30.000000000,99921,332,99892,332,99985,332,99886,332,99995,100,99873,100,100019,100,99827,100,100039,100,99767,100,100044,300,99736,100,100066,100,99725,100,100070,100,99704,100,100071,100,99563,100,100092,100,99552,100
2019-06-28 09:44:40.000000000,99921,193,99892,193,99985,193,99886,193,99995,193,99873,193,100019,193,99827,193,100039,193,99767,193,100044,300,99736,100,100066,100,99725,100,100070,100,99704,100,100071,100,99563,100,100092,100,99552,100
2019-06-28 09:44:42.182575577,99921,193,99892,193,99985,193,99886,193,99995,193,99873,193,100019,193,99827,193,100039,193,99767,193,100044,300,99736,100,100066,100,99725,100,100070,100,99704,100,100071,100,99563,100,100092,100,99552,100
2019-06-28 09:44:45.186252330,99921,193,99892,93,99985,193,99886,193,99995,193,99873,193,100019,193,99827,193,100039,193,99767,193,100044,300,99736,100,100066,100,99725,100,100070,100,99704,100,100071,100,99563,100,100092,100,99552,100
2019-06-28 09:44:50.000000000,99921,332,99886,332,99985,332,99873,332,99995,100,99827,100,100019,100,99767,100,100039,100,99736,100,100044,300,99725,100,100066,100,99704,100,100070,100,99563,100,100071,100,99552,100,100092,100,99409,100
2019-06-28 09:45:00.000000000,99921,193,99886,193,99985,193,99873,193,99995,193,99827,193,100019,193,99767,193,100039,193,99736,193,100044,300,99725,100,100066,100,99704,100,100070,100,99563,100,100071,100,99552,100,100092,100,99409,100
2019-06-28 09:45:10.000000000,99921,332,99886,332,99985,332,99873,332,99995,100,99827,100,100019,100,99767,100,100039,100,99736,100,100044,300,99725,100,100066,100,99704,100,100070,100,99563,100,100071,100,99552,100,100092,100,99409,100
2019-06-28 09:45:20.000000000,99921,564,99886,564,99985,100,99873,100,99995,100,99827,100,100019,100,99767,100,100039,100,99736,100,100044,300,99725,100,100066,100,99704,100,100070,100,99563,100,100071,100,99552,100,100092,100,99409,100
2019-06-28 09:45:28.424153470,99921,464,99886,564,99985,100,99873,100,99995,100,99827,100,100019,100,99736,100,100039,100,99725,100,100044,300,99704,100,100066,100,99563,100,100070,100,99552,100,100071,100,99409,100,100092,100,99386,100
2019-06-28 09:45:30.000000000,99985,193,99886,193,99995,193,99873,193,100019,193,99827,193,100039,193,99736,193,100044,393,99725,193,100066,100,99704,100,100070,100,99563,100,100071,100,99552,100,100092,100,99409,100,100097,100,99386,100
2019-06-28 09:45:33.899988948,99935,100,99886,193,99985,193,99873,193,99995,193,99827,193,100019,193,99736,193,100039,193,99725,193,100044,393,99704,100,100066,100,99563,100,100070,100,99552,100,100071,100,99409,100,100092,100,99386,100
2019-06-28 09:45:35.643102948,99935,100,99886,193,99985,193,99873,193,99995,193,99827,193,100019,193,99784,100,100039,193,99736,193,100044,393,99725,193,100066,100,99704,100,100070,100,99563,100,100071,100,99552,100,100092,100,99409,100
2019-06-28 09:45:40.000000000,99935,193,99886,193,99985,193,99873,193,99995,193,99827,193,100019,193,99784,193,100039,193,99736,193,100044,300,99725,100,100066,100,99704,100,100070,100,99563,100,100071,100,99552,100,100092,100,99409,100
2019-06-28 09:45:50.000000000,99935,332,99886,332,99985,332,99873,332,99995,100,99827,100,100019,100,99784,100,100039,100,99736,100,100044,300,99725,100,100066,100,99704,100,100070,100,99563,100,100071,100,99552,100,100092,100,99409,100
2019-06-28 09:46:00.000000000,99935,564,99886,564,99985,100,99873,100,99995,100,99827,100,100019,100,99784,100,100039,100,99736,100,100044,300,99725,100,100066,100,99704,100,100070,100,99563,100,100071,100,99552,100,100092,100,99409,100
2019-06-28 09:46:10.000000000,99935,258,99886,258,99985,253,99873,253,99995,253,99827,253,100019,100,99784,100,100039,100,99736,100,100044,300,99725,100,100066,100,99704,100,100070,100,99563,100,100071,100,99552,100,100092,100,99409,100
2019-06-28 09:46:19.003559198,99935,258,99928,100,99985,253,99886,258,99995,253,99873,253,100019,100,99827,253,100039,100,99784,100,100044,300,99736,100,100066,100,99725,100,100070,100,99704,100,100071,100,99563,100,100092,100,99552,100
2019-06-28 09:46:20.000000000,99935,216,99928,216,99985,216,99886,216,99995,216,99873,216,100019,216,99827,216,100039,100,99784,100,100044,300,99736,100,100066,100,99725,100,100070,100,99704,100,100071,100,99563,100,100092,100,99552,100
2019-06-28 09:46:29.520329728,99935,216,99928,216,99985,216,99886,216,99995,216,99873,216,100019,216,99827,216,100039,100,99784,100,100044,300,99736,100,100066,100,99725,100,100070,100,99704,100,100071,100,99563,100,100092,100,99552,100
2019-06-28 09:46:30.000000000,99935,258,99928,258,99985,253,99886,253,99995,253,99873,253,100019,100,99827,100,100039,100,99784,100,100044,300,99736,100,100066,100,99725,100,100070,100,99704,100,100071,100,99563,100,100092,100,99552,100
2019-06-28 09:46:40.000000000,99935,564,99928,564,99985,100,99886,100,99995,100,99873,100,100019,100,99827,100,100039,100,99784,100,100044,300,99736,100,100066,100,99725,100,100070,100,99704,100,100071,100,99563,100,100092,100,99552,100
2019-06-28 09:46:50.000000000,99935,216,99928,216,99985,216,99886,216,99995,216,99873,216,100019,216,99827,216,100039,100,99784,100,100044,300,99736,100,100066,100,99725,100,100070,100,99704,100,100071,100,99563,100,100092,100,99552,100
2019-06-28 09:46:58.562626833,99935,216,99928,216,99985,216,99886,216,99995,216,99873,216,100019,216,99827,216,100039,100,99784,100,100044,200,99736,100,100066,100,99725,100,100070,100,99704,100,100071,100,99563,100,100092,100,99552,100
2019-06-28 09:47:00.000000000,99935,332,99928,332,99985,332,99886,332,99995,100,99873,100,100019,100,99827,100,100039,100,99784,100,100044,200,99736,100,100066,100,99725,100,100070,100,99704,100,100071,100,99563,100,100092,100,99552,100
2019-06-28 09:47:10.000000000,99935,258,99928,258,99985,253,99886,253,99995,253,99873,253,100019,100,99827,100,100039,100,99784,100,100044,200,99736,100,100066,100,99725,100,100070,100,99704,100,100071,100,99563,100,100092,100,99552,100
2019-06-28 09:47:16.072207095,99935,158,99928,258,99985,253,99886,253,99995,253,99873,253,100019,100,99827,100,100039,100,99784,100,100044,200,99736,100,100066,100,99725,100,100070,100,99704,100,100071,100,99563,100,100092,100,99552,100
2019-06-28 09:47:17.495145062,99935,58,99928,258,99985,253,99886,253,99995,253,99873,253,100019,100,99827,100,100039,100,99784,100,100044,200,99736,100,100066,100,99725,100,100070,100,99704,100,100071,100,99563,100,100092,100,99552,100
2019-06-28 09:47:20.000000000,99985,564,99928,564,99995,100,99886,100,100019,100,99873,100,100039,100,99827,100,100044,200,99784,100,100066,100,99736,100,100070,100,99725,100,100071,100,99704,100,100092,100,99563,100,100114,100,99552,100
2019-06-28 09:47:30.000000000,99985,564,99928,564,99995,100,99886,100,100019,100,99873,100,100039,100,99827,100,100044,200,99784,100,100066,100,99736,100,100070,100,99725,100,100071,100,99704,100,100092,100,99563,100,100114,100,99552,100
2019-06-28 09:47:40.000000000,99985,193,99928,193,99995,193,99886,193,100019,193,99873,193,100039,193,99827,193,100044,293,99784,193,100066,100,99736,100,100070,100,99725,100,100071,100,99704,100,100092,100,99563,100,100114,100,99552,100
2019-06-28 09:47:42.102428269,99985,193,99935,100,99995,193,99928,193,100019,193,99886,193,100039,193,99873,193,100044,193,99827,193,100066,100,99784,193,100070,100,99736,100,100071,100,99725,100,100092,100,99704,100,100114,100,99563,100
2019-06-28 09:47:42.881286470,99985,193,99935,100,99995,193,99928,193,100019,193,99886,193,100039,193,99873,193,100044,193,99827,193,100066,100,99784,193,100070,100,99736,100,100071,100,99725,100,100092,100,99704,100,100114,100,99563,100
2019-06-28 09:47:50.000000000,99985,193,99935,193,99995,193,99928,193,100019,193,99886,193,100039,193,99873,193,100044,193,99827,193,100066,100,99784,100,100070,100,99736,100,100071,100,99725,100,100092,100,99704,100,100114,100,99563,100
2019-06-28 09:48:00.000000000,99985,258,99935,258,99995,253,99928,253,100019,253,99886,253,100039,100,99873,100,100044,100,99827,100,100066,100,99784,100,100070,100,99736,100,100071,100,99725,100,100092,100,99704,100,100114,100,99563,100
2019-06-28 09:48:10.000000000,99985,564,99935,564,99995,100,99928,100,100019,100,99886,100,100039,100,99873,100,100044,100,99827,100,100066,100,99784,100,100070,100,99736,100,100071,100,99725,100,100092,100,99704,100,100114,100,99563,100
2019-06-28 09:48:15.797727158,99985,564,99935,564,99995,100,99928,100,100019,100,99886,100,100039,100,99873,100,100044,100,99827,100,100066,100,99784,100,100070,100,99736,100,100071,100,99725,100,100092,100,99704,100,100114,100,99563,100
2019-06-28 09:48:20.000000000,99985,258,99935,258,99995,253,99928,253,100019,253,99886,253,100039,100,99873,100,100044,100,99827,100,100066,100,99784,100,100070,100,99736,100,100071,100,99725,100,100092,100,99704,100,100114,100,99563,100
2019-06-28 09:48:20.007904696,99985,158,99935,258,99995,253,99928,253,100019,253,99886,253,100039,100,99873,100,100044,100,99827,100,100066,100,99784,100,100070,100,99736,100,100071,100,99704,100,100092,100,99563,100,100114,100,99552,100
2019-06-28 09:48:30.000000000,99995,258,99935,258,100019,253,99928,253,100039,253,99886,253,100044,100,99873,100,100066,100,99827,100,100070,100,99784,100,100071,100,99736,100,100092,100,99704,100,100114,100,99563,100,100122,100,99552,100
2019-06-28 09:48:40.000000000,99995,564,99935,564,100019,100,99928,100,100039,100,99886,100,100044,100,99873,100,100066,100,99827,100,100070,100,99784,100,100071,100,99736,100,100092,100,99704,100,100114,100,99563,100,100122,100,99552,100
2019-06-28 09:48:50.000000000,99995,564,99935,564,100019,100,99928,100,100039,100,99886,100,100044,100,99873,100,100066,100,99827,100,100070,100,99784,100,100071,100,99736,100,100092,100,99704,100,100114,100,99563,100,100122,100,99552,100
2019-06-28 09:49:00.000000000,99995,193,99935,193,100019,193,99928,193,100039,193,99886,193,100044,193,99873,193,100066,193,99827,193,100070,100,99784,100,100071,100,99736,100,100092,100,99704,100,100114,100,99563,100,100122,100,99552,100
2019-06-28 09:49:00.328579713,99995,193,99935,193,100019,193,99928,193,100039,193,99886,193,100044,193,99873,193,100066,193,99827,193,100070,100,99784,100,100071,100,99736,100,100092,100,99704,100,100114,100,99563,100,100122,100,99552,100
2019-06-28 09:49:10.000000000,99995,258,99935,258,100019,253,99928,253,100039,253,99886,253,100044,100,99873,100,100066,100,99827,100,100070,100,99784,100,100071,100,99736,100,100092,100,99704,100,100114,100,99563,100,100122,100,99552,100
2019-06-28 09:49:20.000000000,99995,193,99935,193,100019,193,99928,193,100039,193,99886,193,100044,193,99873,193,100066,193,99827,193,100070,100,99784,100,100071,100,99736,100,100092,100,99704,100,100114,100,99563,100,100122,100,99552,100
2019-06-28 09:49:24.355820082,99995,193,99935,193,100019,193,99928,193,100039,193,99886,193,100044,193,99873,193,100066,193,99827,193,100070,100,99784,100,100071,100,99736,100,100092,100,99704,100,100114,100,99563,100,100122,100,99552,100
2019-06-28 09:49:30.000000000,99995,332,99935,332,100019,332,99928,332,100039,100,99886,100,100044,100,99873,100,100066,100,99827,100,100070,100,99784,100,100071,100,99736,100,100092,100,99704,100,100114,100,99563,100,100122,100,99552,100
2019-06-28 09:49:40.000000000,99995,216,99935,216,100019,216,99928,216,100039,216,99886,216,100044,216,99873,216,100066,100,99827,100,100070,100,99784,100,100071,100,99736,100,100092,100,99704,100,100114,100,99563,100,100122,100,99552,100
2019-06-28 09:49:45.156073261,99995,216,99936,100,100019,216,99935,216,100039,216,99928,216,100044,216,99886,216,100066,100,99873,216,100070,100,99827,100,100071,100,99784,100,100092,100,99736,100,100114,100,99704,100,100122,100,99563,100
2019-06-28 09:49:50.000000000,99995,258,99936,258,100019,253,99935,253,100039,253,99928,253,100044,100,99886,100,100066,100,99873,100,100070,100,99827,100,100071,100,99784,100,100092,100,99736,100,100114,100,99704,100,100122,100,99563,100
2019-06-28 09:49:54.392627018,99995,258,99936,258,100019,253,99935,253,100039,253,99928,253,100044,100,99886,100,100066,100,99873,100,100070,100,99859,100,100071,100,99827,100,100092,100,99784,100,100114,100,99736,100,100122,100,99704,100
2019-06-28 09:50:00.000000000,99995,258,99936,258,100019,253,99935,253,100039,253,99928,253,100044,100,99886,100,100066,100,99873,100,100070,100,99859,100,100071,100,99827,100,100092,100,99784,100,100114,100,99736,100,100122,100,99704,100
2019-06-28 09:50:03.879753748,99972,100,99936,258,99995,258,99935,253,100019,253,99928,253,100039,253,99886,100,100044,100,99873,100,100066,100,99859,100,100070,100,99827,100,100071,100,99784,100,100092,100,99736,100,100114,100,99704,100
2019-06-28 09:50:06.848470632,99972,100,99936,258,99995,258,99935,253,100019,253,99928,253,100039,253,99886,100,100044,100,99873,100,100066,100,99859,100,100070,100,99827,100,100071,100,99784,100,100092,100,99736,100,100114,100,99704,100
2019-06-28 09:50:10.000000000,99972,258,99936,258,99995,253,99935,253,100019,253,99928,253,100039,100,99886,100,100044,100,99873,100,100066,100,99859,100,100070,100,99827,100,100071,100,99784,100,100092,100,99736,100,100114,100,99704,100
2019-06-28 09:50:20.000000000,99972,193,99936,193,99995,193,99935,193,100019,193,99928,193,100039,193,99886,193,100044,193,99873,193,100066,100,99859,100,100070,100,99827,100,100071,100,99784,100,100092,100,99736,100,100114,100,99704,100
2019-06-28 09:50:30.000000000,99972,216,99936,216,99995,216,99935,216,100019,216,99928,216,100039,216,99886,216,100044,100,99873,100,100066,100,99859,100,100070,100,99827,100,100071,100,99784,100,100092,100,99736,100,100114,100,99704,100
2019-06-28 09:50:30.748578386,99972,216,99936,316,99995,216,99935,216,100019,216,99928,216,100039,216,99886,216,100044,100,99873,100,100066,100,99859,100,100070,100,99827,100,100071,100,99784,100,100092,100,99736,100,100114,100,99704,100
2019-06-28 09:50:34.767149705,99972,216,99936,216,99995,216,99935,216,100019,216,99928,216,100039,216,99886,216,100044,100,99873,100,100066,100,99859,100,100070,100,99827,100,100071,100,99784,100,100092,100,99736,100,100114,100,99704,100
2019-06-28 09:50:40.000000000,99972,564,99936,564,99995,100,99935,100,100019,100,99928,100,100039,100,99886,100,100044,100,99873,100,100066,100,99859,100,100070,100,99827,100,100071,100,99784,100,100092,100,99736,100,100114,100,99704,100
2019-06-28 09:50:44.753281052,99972,464,99936,564,99995,100,99935,100,100019,100,99928,100,100039,100,99886,100,100044,100,99859,100,100066,100,99827,100,100070,100,99784,100,100071,100,99736,100,100092,100,99704,100,100114,100,99563,100
2019-06-28 09:50:47.011653682,99972,364,99936,564,99995,100,99935,100,100019,100,99928,100,100039,100,99886,100,100044,100,99859,100,100066,100,99827,100,100070,100,99784,100,100071,100,99736,100,100092,100,99563,100,100114,100,,
2019-06-28 09:50:50.000000000,99995,564,99936,564,100019,100,99935,100,100039,100,99928,100,100044,100,99886,100,100066,100,99859,100,100070,100,99827,100,100071,100,99784,100,100092,100,99736,100,100114,100,99563,100,100122,100,,
2019-06-28 09:50:53.279279133,99995,464,99936,564,100019,100,99935,100,100039,100,99928,100,100044,100,99886,100,100066,100,99859,100,100070,100,99827,100,100071,100,99784,100,100092,100,99736,100,100114,100,99563,100,100122,100,,
2019-06-28 09:51:00.000000000,100019,193,99936,193,100039,193,99935,193,100044,193,99928,193,100066,193,99886,193,100070,193,99859,193,100071,100,99827,100,100092,100,99784,100,100114,100,99736,100,100122,100,99563,100,100126,100,,
2019-06-28 09:51:10.000000000,100019,564,99936,564,100039,100,99935,100,100044,100,99928,100,100066,100,99886,100,100070,100,99859,100,100071,100,99827,100,100092,100,99784,100,100114,100,99736,100,100122,100,99563,100,100126,100,,
2019-06-28 09:51:11.704812006,100019,564,99936,564,100035,100,99935,100,100039,100,99928,100,100044,100,99886,100,100066,100,99859,100,100070,100,99827,100,100071,100,99784,100,100092,100,99736,100,100114,100,99563,100,100122,100,,
2019-06-28 09:51:18.445303774,99948,100,99936,564,100019,564,99935,100,100035,100,99928,100,100039,100,99886,100,100044,100,99859,100,100066,100,99827,100,100070,100,99736,100,100071,100,99563,100,100092,100,,,100114,100,,
2019-06-28 09:51:20.000000000,99948,332,99936,332,100019,332,99935,332,100035,100,99928,100,100039,100,99886,100,100044,100,99859,100,100066,100,99827,100,100070,100,99736,100,100071,100,99563,100,100092,100,,,100114,100,,
2019-06-28 09:51:24.320424764,99948,332,99936,332,99994,100,99935,332,100019,332,99928,100,100035,100,99886,100,100039,100,99859,100,100044,100,99827,100,100066,100,99736,100,100070,100,99563,100,100071,100,,,100092,100,,
2019-06-28 09:51:30.000000000,99948,258,99936,258,99994,253,99935,253,100019,253,99928,253,100035,100,99886,100,100039,100,99859,100,100044,100,99827,100,100066,100,99736,100,100070,100,99563,100,100071,100,,,100092,100,,
2019-06-28 09:51:32.620069762,99948,258,99936,258,99994,253,99935,253,100019,253,99928,253,100035,100,99917,100,100039,100,99886,100,100044,100,99859,100,100066,100,99827,100,100070,100,99736,100,100071,100,99563,100,100092,100,,
2019-06-28 09:51:39.378307027,99948,258,99936,158,99994,253,99935,253,100019,253,99928,253,100035,100,99917,100,100039,100,99886,100,100044,100,99859,100,100066,100,99827,100,100070,100,99736,100,100071,100,99563,100,100092,100,,
2019-06-28 09:51:40.000000000,99948,564,99935,564,99994,100,99928,100,100019,100,99917,100,100035,100,99886,100,100039,100,99859,100,100044,100,99827,100,100066,100,99736,100,100070,100,99563,100,100071,100,,,100092,100,,
2019-06-28 09:51:44.816002544,99948,564,99937,100,99994,100,99935,564,100019,100,99928,100,100035,100,99917,100,100039,100,99886,100,100044,100,99859,100,100066,100,99827,100,100070,100,99736,100,100071,100,99563,100,100092,100,,
2019-06-28 09:51:50.000000000,99948,332,99937,332,99994,332,99935,332,100019,100,99928,100,100035,100,99917,100,100039,100,99886,100,100044,100,99859,100,100066,100,99827,100,100070,100,99736,100,100071,100,99563,100,100092,100,,
2019-06-28 09:51:59.028459815,99948,332,99937,332,99994,332,99935,332,100009,100,99928,100,100019,100,99917,100,100035,100,99886,100,100039,100,99859,100,100044,100,99827,100,100066,100,99736,100,100070,100,99563,100,100071,100,,
2019-06-28 09:52:00.000000000,99948,564,99937,564,99994,100,99935,100,100009,100,99928,100,100019,100,99917,100,100035,100,99886,100,100039,100,99859,100,100044,100,99827,100,100066,100,99736,100,100070,100,99563,100,100071,100,,
2019-06-28 09:52:10.000000000,99948,193,99937,193,99994,193,99935,193,100009,193,99928,193,100019,193,99917,193,100035,193,99886,193,100039,100,99859,100,100044,100,99827,100,100066,100,99736,100,100070,100,99563,100,100071,100,,
2019-06-28 09:52:11.991932764,99948,193,99937,93,99994,193,99935,193,100009,193,99928,193,100019,193,99917,193,100035,193,99886,193,100039,100,99859,100,100044,100,99827,100,100066,100,99736,100,100070,100,99563,100,100071,100,,
2019-06-28 09:52:12.433094041,99948,193,99937,93,99994,193,99935,193,100009,193,99928,193,100019,193,99917,193,100035,193,99886,193,100039,100,99859,100,100044,100,99827,100,100066,100,99632,100,100070,100,99563,100,100071,100,,
2019-06-28 09:52:17.897676162,99948,193,99937,93,99994,193,99935,193,100009,193,99928,193,100019,193,99917,193,100035,193,99886,193,100039,100,99859,100,100044,100,99827,100,100066,100,99633,100,100070,100,99632,100,100071,100,99563,100
2019-06-28 09:52:18.942194510,99948,193,99937,93,99994,193,99935,193,100009,193,99928,193,100019,193,99917,193,100035,193,99886,193,100039,100,99859,100,100044,100,99827,100,100066,100,99733,100,100070,100,99633,100,100071,100,99632,100
2019-06-28 09:52:19.874109246,99937,7,99935,193,99948,193,99928,193,99994,193,99917,193,100009,193,99886,193,100019,193,99859,100,100035,193,99827,100,100039,100,99733,100,100044,100,99633,100,100066,100,99632,100,100071,100,99563,100
2019-06-28 09:52:20.000000000,99937,239,99935,332,99948,332,99928,332,99994,100,99917,100,100009,100,99886,100,100019,100,99859,100,100035,100,99827,100,100039,100,99733,100,100044,100,99633,100,100066,100,99632,100,100071,100,99563,100
2019-06-28 09:52:28.470939425,99937,339,99935,332,99948,332,99928,332,99994,100,99917,100,100009,100,99886,100,100019,100,99859,100,100035,100,99827,100,100039,100,99733,100,100044,100,99633,100,100066,100,99632,100,100071,100,99563,100
2019-06-28 09:52:30.000000000,99937,571,99935,564,99948,100,99928,100,99994,100,99917,100,100009,100,99886,100,100019,100,99859,100,100035,100,99827,100,100039,100,99733,100,100044,100,99633,100,100066,100,99632,100,100071,100,99563,100
2019-06-28 09:52:40.000000000,99937,339,99935,332,99948,332,99928,332,99994,100,99917,100,100009,100,99886,100,100019,100,99859,100,100035,100,99827,100,100039,100,99733,100,100044,100,99633,100,100066,100,99632,100,100071,100,99563,100
2019-06-28 09:52:50.000000000,99937,571,99935,564,99948,100,99928,100,99994,100,99917,100,100009,100,99886,100,100019,100,99859,100,100035,100,99827,100,100039,100,99733,100,100044,100,99633,100,100066,100,99632,100,100071,100,99563,100
2019-06-28 09:53:00.000000000,99937,200,99935,193,99948,193,99928,193,99994,193,99917,193,100009,193,99886,193,100019,193,99859,193,100035,100,99827,100,100039,100,99733,100,100044,100,99633,100,100066,100,99632,100,100071,100,99563,100
2019-06-28 09:53:07.739780551,99937,300,99935,193,99948,193,99928,193,99994,193,99917,193,100009,193,99886,193,100019,193,99859,193,100035,100,99827,100,100039,100,99733,100,100044,100,99633,100,100066,100,99632,100,100071,100,99563,100
2019-06-28 09:53:09.947211034,99937,300,99935,193,99948,193,99928,193,99994,193,99917,193,100009,193,99886,193,100019,193,99859,193,100035,100,99827,100,100039,100,99733,100,100044,100,99633,100,100066,100,99632,100,100071,100,99563,100
2019-06-28 09:53:10.000000000,99937,671,99935,564,99948,100,99928,100,99994,100,99917,100,100009,100,99886,100,100019,100,99859,100,100035,100,99827,100,100039,100,99733,100,100044,100,99633,100,100066,100,99632,100,100071,100,99563,100
2019-06-28 09:53:20.000000000,99937,439,99935,332,99948,332,99928,332,99994,100,99917,100,100009,100,99886,100,100019,100,99859,100,100035,100,99827,100,100039,100,99733,100,100044,100,99633,100,100066,100,99632,100,100071,100,99563,100
2019-06-28 09:53:30.000000000,99937,671,99935,564,99948,100,99928,100,99994,100,99917,100,100009,100,99886,100,100019,100,99859,100,100035,100,99827,100,100039,100,99733,100,100044,100,99633,100,100066,100,99632,100,100071,100,99563,100
2019-06-28 09:53:35.061352914,99937,671,99935,464,99948,100,99928,100,99994,100,99917,100,100009,100,99886,100,100019,100,99859,100,100035,100,99827,100,100039,100,99733,100,100044,100,99633,100,100066,100,99632,100,100071,100,99563,100
2019-06-28 09:53:40.000000000,99937,300,99928,193,99948,193,99917,193,99994,193,99886,193,100009,193,99859,193,100019,193,99827,193,100035,100,99733,100,100039,100,99633,100,100044,100,99632,100,100066,100,99563,100,100071,100,,
2019-06-28 09:53:44.846305804,99937,300,99928,193,99948,193,99917,193,99994,193,99886,193,100009,193,99859,193,100019,193,99827,193,100035,100,99733,100,100039,100,99633,100,100044,100,99632,100,100066,100,99563,100,100071,100,99445,100
2019-06-28 09:53:50.000000000,99937,671,99928,564,99948,100,99917,100,99994,100,99886,100,100009,100,99859,100,100019,100,99827,100,100035,100,99733,100,100039,100,99633,100,100044,100,99632,100,100066,100,99563,100,100071,100,99445,100
2019-06-28 09:53:50.130439047,99937,671,99928,464,99948,100,99917,100,99994,100,99886,100,100009,100,99859,100,100019,100,99827,100,100035,100,99733,100,100039,100,99633,100,100044,100,99632,100,100066,100,99563,100,100071,100,99445,100
2019-06-28 09:54:00.000000000,99937,439,99917,332,99948,332,99886,332,99994,100,99859,100,100009,100,99827,100,100019,100,99733,100,100035,100,99633,100,100039,100,99632,100,100044,100,99563,100,100066,100,99445,100,100071,100,,
2019-06-28 09:54:10.000000000,99937,671,99917,564,99948,100,99886,100,99994,100,99859,100,100009,100,99827,100,100019,100,99733,100,100035,100,99633,100,100039,100,99632,100,100044,100,99563,100,100066,100,99445,100,100071,100,,
2019-06-28 09:54:14.811972233,99935,100,99917,564,99937,671,99886,100,99948,100,99859,100,99994,100,99827,100,100009,100,99733,100,100019,100,99633,100,100035,100,99632,100,100039,100,99563,100,100044,100,99445,100,100066,100,,
2019-06-28 09:54:16.853682676,99935,100,99917,464,99937,671,99886,100,99948,100,99859,100,99994,100,99827,100,100009,100,99733,100,100019,100,99633,100,100035,100,99632,100,100039,100,99563,100,100044,100,99445,100,100066,100,,
2019-06-28 09:54:17.370462333,99928,100,99917,464,99935,100,99886,100,99937,671,99859,100,99948,100,99827,100,99994,100,99733,100,100009,100,99633,100,100019,100,99632,100,100035,100,99563,100,100039,100,99445,100,100044,100,,
2019-06-28 09:54:19.304775451,99928,100,99917,464,99935,100,99886,100,99937,671,99859,100,99948,100,99827,100,99994,100,99733,100,100009,100,99633,100,100019,100,99632,100,100035,100,99563,100,100039,100,99445,100,100044,100,99141,100
2019-06-28 09:54:20.000000000,99928,193,99886,193,99935,193,99859,193,99937,300,99827,193,99948,193,99733,193,99994,193,99633,193,100009,100,99632,100,100019,100,99563,100,100035,100,99445,100,100039,100,99141,100,100044,100,,
2019-06-28 09:54:27.241904836,99928,193,99886,193,99935,193,99859,193,99937,300,99827,193,99948,193,99733,193,99994,193,99633,193,100009,100,99632,100,100019,100,99563,100,100035,100,99445,100,100039,100,99215,100,100044,100,99141,100
2019-06-28 09:54:30.000000000,99928,564,99886,564,99935,100,99859,100,99937,207,99827,100,99948,100,99733,100,99994,100,99633,100,100009,100,99632,100,100019,100,99563,100,100035,100,99445,100,100039,100,99215,100,100044,100,99141,100
2019-06-28 09:54:30.526543116,99928,564,99886,464,99935,100,99859,100,99937,207,99827,100,99994,100,99733,100,100009,100,99633,100,100019,100,99632,100,100035,100,99563,100,100039,100,99445,100,100044,100,99215,100,100066,100,99141,100
2019-06-28 09:54:39.987050890,99928,564,99886,364,99935,100,99859,100,99937,207,99827,100,99994,100,99733,100,100009,100,99633,100,100035,100,99632,100,100039,100,99563,100,100044,100,99445,100,100066,100,99215,100,100071,100,99141,100
2019-06-28 09:54:40.000000000,99928,216,99859,216,99935,216,99827,216,99937,323,99733,216,99994,216,99633,216,100009,100,99632,100,100035,100,99563,100,100039,100,99445,100,100044,100,99215,100,100066,100,99141,100,100071,100,,
2019-06-28 09:54:50.000000000,99928,258,99859,258,99935,253,99827,253,99937,360,99733,253,99994,100,99633,100,100009,100,99632,100,100035,100,99563,100,100039,100,99445,100,100044,100,99215,100,100066,100,99141,100,100071,100,,
2019-06-28 09:55:00.000000000,99928,332,99859,332,99935,332,99827,332,99937,207,99733,100,99994,100,99633,100,100009,100,99632,100,100035,100,99563,100,100039,100,99445,100,100044,100,99215,100,100066,100,99141,100,100071,100,,
2019-06-28 09:55:00.414882347,99928,332,99859,332,99935,332,99827,332,99937,207,99733,100,99994,100,99633,100,100009,100,99632,100,100035,100,99563,100,100039,100,99445,100,100044,100,99215,100,100066,100,99165,100,100071,100,99141,100
2019-06-28 09:55:10.000000000,99928,193,99859,193,99935,193,99827,193,99937,300,99733,193,99994,193,99633,193,100009,193,99632,193,100035,100,99563,100,100039,100,99445,100,100044,100,99215,100,100066,100,99165,100,100071,100,99141,100
2019-06-28 09:55:20.000000000,99928,216,99859,216,99935,216,99827,216,99937,323,99733,216,99994,216,99633,216,100009,100,99632,100,100035,100,99563,100,100039,100,99445,100,100044,100,99215,100,100066,100,99165,100,100071,100,99141,100
2019-06-28 09:55:30.000000000,99928,564,99859,564,99935,100,99827,100,99937,207,99733,100,99994,100,99633,100,100009,100,99632,100,100035,100,99563,100,100039,100,99445,100,100044,100,99215,100,100066,100,99165,100,100071,100,99141,100
2019-06-28 09:55:30.498512187,99886,100,99859,564,99928,564,99827,100,99935,100,99733,100,99937,207,99633,100,99994,100,99632,100,100009,100,99563,100,100035,100,99445,100,100039,100,99215,100,100044,100,99165,100,100066,100,99141,100
2019-06-28 09:55:40.000000000,99886,564,99859,564,99928,100,99827,100,99935,100,99733,100,99937,207,99633,100,99994,100,99632,100,100009,100,99563,100,100035,100,99445,100,100039,100,99215,100,100044,100,99165,100,100066,100,99141,100
2019-06-28 09:55:43.872498580,99886,664,99859,564,99928,100,99827,100,99935,100,99733,100,99937,207,99633,100,99994,100,99632,100,100009,100,99563,100,100035,100,99445,100,100039,100,99215,100,100044,100,99165,100,100066,100,99141,100
2019-06-28 09:55:50.000000000,99886,293,99859,193,99928,193,99827,193,99935,193,99733,193,99937,300,99633,193,99994,193,99632,193,100009,100,99563,100,100035,100,99445,100,100039,100,99215,100,100044,100,99165,100,100066,100,99141,100
2019-06-28 09:55:54.596898338,99886,193,99859,193,99928,193,99827,193,99935,193,99733,193,99937,300,99633,193,99994,193,99632,193,100009,100,99563,100,100035,100,99445,100,100039,100,99215,100,100044,100,99165,100,100066,100,99141,100
2019-06-28 09:56:00.000000000,99886,332,99859,332,99928,332,99827,332,99935,100,99733,100,99937,207,99633,100,99994,100,99632,100,100009,100,99563,100,100035,100,99445,100,100039,100,99215,100,100044,100,99165,100,100066,100,99141,100
2019-06-28 09:56:10.000000000,99886,193,99859,193,99928,193,99827,193,99935,193,99733,193,99937,300,99633,193,99994,193,99632,193,100009,100,99563,100,100035,100,99445,100,100039,100,99215,100,100044,100,99165,100,100066,100,99141,100
2019-06-28 09:56:20.000000000,99886,193,99859,193,99928,193,99827,193,99935,193,99733,193,99937,300,99633,193,99994,193,99632,193,100009,100,99563,100,100035,100,99445,100,100039,100,99215,100,100044,100,99165,100,100066,100,99141,100
2019-06-28 09:56:30.000000000,99886,193,99859,193,99928,193,99827,193,99935,193,99733,193,99937,300,99633,193,99994,193,99632,193,100009,100,99563,100,100035,100,99445,100,100039,100,99215,100,100044,100,99165,100,100066,100,99141,100
2019-06-28 09:56:40.000000000,99886,332,99859,332,99928,332,99827,332,99935,100,99733,100,99937,207,99633,100,99994,100,99632,100,100009,100,99563,100,100035,100,99445,100,100039,100,99215,100,100044,100,99165,100,100066,100,99141,100
2019-06-28 09:56:40.838109066,99886,332,99859,332,99928,332,99827,332,99935,100,99733,100,99937,207,99658,100,99994,100,99633,100,100009,100,99632,100,100035,100,99563,100,100039,100,99445,100,100044,100,99215,100,100066,100,99165,100
2019-06-28 09:56:50.000000000,99886,564,99859,564,99928,100,99827,100,99935,100,99733,100,99937,207,99658,100,99994,100,99633,100,100009,100,99632,100,100035,100,99563,100,100039,100,99445,100,100044,100,99215,100,100066,100,99165,100
2019-06-28 09:57:00.000000000,99886,564,99859,564,99928,100,99827,100,99935,100,99733,100,99937,207,99658,100,99994,100,99633,100,100009,100,99632,100,100035,100,99563,100,100039,100,99445,100,100044,100,99215,100,100066,100,99165,100
2019-06-28 09:57:07.448952464,99886,564,99859,464,99928,100,99827,100,99935,100,99733,100,99937,207,99658,100,99994,100,99633,100,100009,100,99632,100,100035,100,99563,100,100039,100,99445,100,100044,100,99215,100,100066,100,99165,100
2019-06-28 09:57:10.000000000,99886,258,99827,258,99928,253,99733,253,99935,253,99658,253,99937,207,99633,100,99994,100,99632,100,100009,100,99563,100,100035,100,99445,100,100039,100,99215,100,100044,100,99165,100,100066,100,99141,100
2019-06-28 09:57:20.000000000,99886,258,99827,258,99928,253,99733,253,99935,253,99658,253,99937,207,99633,100,99994,100,99632,100,100009,100,99563,100,100035,100,99445,100,100039,100,99215,100,100044,100,99165,100,100066,100,99141,100
2019-06-28 09:57:22.820581120,99886,258,99827,158,99928,253,99733,253,99935,253,99658,253,99937,207,99633,100,99994,100,99632,100,100009,100,99563,100,100035,100,99445,100,100039,100,99215,100,100044,100,99165,100,100066,100,99141,100
2019-06-28 09:57:30.000000000,99886,216,99733,216,99928,216,99658,216,99935,216,99633,216,99937,323,99632,216,99994,100,99563,100,100009,100,99445,100,100035,100,99215,100,100039,100,99165,100,100044,100,99141,100,100066,100,,
2019-06-28 09:57:39.286412914,99859,100,99733,216,99886,216,99658,216,99928,216,99633,216,99935,216,99632,216,99937,323,99563,100,99994,100,99445,100,100009,100,99215,100,100035,100,99165,100,100039,100,99141,100,100044,100,,
2019-06-28 09:57:40.000000000,99859,258,99733,258,99886,253,99658,253,99928,253,99633,253,99935,100,99632,100,99937,207,99563,100,99994,100,99445,100,100009,100,99215,100,100035,100,99165,100,100039,100,99141,100,100044,100,,
2019-06-28 09:57:50.000000000,99859,564,99733,564,99886,100,99658,100,99928,100,99633,100,99935,100,99632,100,99937,207,99563,100,99994,100,99445,100,100009,100,99215,100,100035,100,99165,100,100039,100,99141,100,100044,100,,
2019-06-28 09:58:00.000000000,99859,332,99733,332,99886,332,99658,332,99928,100,99633,100,99935,100,99632,100,99937,207,99563,100,99994,100,99445,100,100009,100,99215,100,100035,100,99165,100,100039,100,99141,100,100044,100,,
2019-06-28 09:58:10.000000000,99859,193,99733,193,99886,193,99658,193,99928,193,99633,193,99935,193,99632,193,99937,300,99563,193,99994,100,99445,100,100009,100,99215,100,100035,100,99165,100,100039,100,99141,100,100044,100,,
2019-06-28 09:58:11.976699883,99859,93,99733,193,99886,193,99658,193,99928,193,99633,193,99935,193,99632,193,99937,293,99563,193,99994,100,99445,100,100009,100,99215,100,100035,100,99165,100,100039,100,99141,100,100044,100,,
2019-06-28 09:58:20.000000000,99886,564,99733,564,99928,100,99658,100,99935,100,99633,100,99937,200,99632,100,99994,100,99563,100,100009,100,99445,100,100035,100,99215,100,100039,100,99165,100,100044,100,99141,100,100066,100,,
2019-06-28 09:58:26.762574406,99886,464,99733,564,99928,100,99658,100,99935,100,99633,100,99937,200,99632,100,99994,100,99563,100,100009,100,99445,100,100035,100,99215,100,100039,100,99165,100,100044,100,99141,100,100066,100,,
2019-06-28 09:58:30.000000000,99928,216,99733,216,99935,216,99658,216,99937,316,99633,216,99994,216,99632,216,100009,100,99563,100,100035,100,99445,100,100039,100,99215,100,100044,100,99165,100,100066,100,99141,100,100071,100,,
2019-06-28 09:58:40.000000000,99928,258,99733,258,99935,253,99658,253,99937,353,99633,253,99994,100,99632,100,100009,100,99563,100,100035,100,99445,100,100039,100,99215,100,100044,100,99165,100,100066,100,99141,100,100071,100,,
2019-06-28 09:58:40.183734662,99928,258,99733,258,99935,253,99658,253,99937,353,99633,253,99994,100,99632,100,100009,100,99563,100,100035,100,99445,100,100039,100,99215,100,100044,100,99165,100,100071,100,99141,100,100092,100,,
2019-06-28 09:58:40.996558578,99928,258,99828,100,99935,253,99733,258,99937,353,99658,253,100009,100,99633,253,100035,100,99632,100,100039,100,99563,100,100044,100,99445,100,100071,100,99215,100,100092,100,99165,100,100114,100,99141,100
2019-06-28 09:58:50.000000000,99928,258,99828,258,99935,253,99733,253,99937,353,99658,253,100009,100,99633,100,100035,100,99632,100,100039,100,99563,100,100044,100,99445,100,100071,100,99215,100,100092,100,99165,100,100114,100,99141,100
2019-06-28 09:58:53.160931432,99928,258,99828,358,99935,253,99733,253,99937,353,99658,253,100009,100,99633,100,100035,100,99632,100,100039,100,99563,100,100044,100,99445,100,100071,100,99215,100,100092,100,99165,100,100114,100,99141,100
2019-06-28 09:59:00.000000000,99928,258,99828,358,99935,253,99733,253,99937,353,99658,253,100009,100,99633,100,100035,100,99632,100,100039,100,99563,100,100044,100,99445,100,100071,100,99215,100,100092,100,99165,100,100114,100,99141,100
2019-06-28 09:59:04.560786087,99928,258,99828,358,99935,253,99733,253,99937,353,99658,253,100009,100,99633,100,100035,100,99632,100,100039,100,99563,100,100044,100,99445,100,100071,100,99215,100,100092,100,99165,100,100114,100,99141,100
2019-06-28 09:59:10.000000000,99928,193,99828,293,99935,193,99733,193,99937,293,99658,193,100009,193,99633,193,100035,193,99632,193,100039,100,99563,100,100044,100,99445,100,100071,100,99215,100,100092,100,99165,100,100114,100,99141,100
2019-06-28 09:59:10.365709360,99928,193,99828,293,99935,193,99733,193,99937,293,99658,193,100009,193,99633,193,100035,193,99632,193,100039,100,99563,100,100044,100,99445,100,100071,100,99215,100,100092,100,99165,100,100114,100,99141,100
2019-06-28 09:59:20.000000000,99928,564,99828,664,99935,100,99733,100,99937,200,99658,100,100009,100,99633,100,100035,100,99632,100,100039,100,99563,100,100044,100,99445,100,100071,100,99215,100,100092,100,99165,100,100114,100,99141,100
2019-06-28 09:59:30.000000000,99928,193,99828,293,99935,193,99733,193,99937,293,99658,193,100009,193,99633,193,100035,193,99632,193,100039,100,99563,100,100044,100,99445,100,100071,100,99215,100,100092,100,99165,100,100114,100,99141,100
2019-06-28 09:59:40.000000000,99928,564,99828,664,99935,100,99733,100,99937,200,99658,100,100009,100,99633,100,100035,100,99632,100,100039,100,99563,100,100044,100,99445,100,100071,100,99215,100,100092,100,99165,100,100114,100,99141,100
2019-06-28 09:59:50.000000000,99928,216,99828,316,99935,216,99733,216,99937,316,99658,216,100009,216,99633,216,100035,100,99632,100,100039,100,99563,100,100044,100,99445,100,100071,100,99215,100,100092,100,99165,100,100114,100,99141,100
2019-06-28 10:00:00.000000000,99928,216,99828,316,99935,216,99733,216,99937,316,99658,216,100009,216,99633,216,100035,100,99632,100,100039,100,99563,100,100044,100,99445,100,100071,100,99215,100,100092,100,99165,100,100114,100,99141,100
2019-06-28 10:00:10.000000000,99928,564,99828,664,99935,100,99733,100,99937,200,99658,100,100009,100,99633,100,100035,100,99632,100,100039,100,99563,100,100044,100,99445,100,100071,100,99215,100,100092,100,99165,100,100114,100,99141,100
2019-06-28 10:00:11.076267000,99928,564,99828,564,99935,100,99733,100,99937,200,99658,100,100009,100,99633,100,100035,100,99632,100,100039,100,99563,100,100044,100,99445,100,100071,100,99215,100,100092,100,99165,100,100114,100,99141,100
2019-06-28 10:00:15.003373853,99867,100,99828,564,99928,564,99733,100,99935,100,99658,100,99937,200,99633,100,100009,100,99632,100,100035,100,99563,100,100039,100,99445,100,100044,100,99215,100,100071,100,99165,100,100092,100,99141,100
2019-06-28 10:00:20.000000000,99867,258,99828,258,99928,253,99733,253,99935,253,99658,253,99937,200,99633,100,100009,100,99632,100,100035,100,99563,100,100039,100,99445,100,100044,100,99215,100,100071,100,99165,100,100092,100,99141,100
2019-06-28 10:00:30.000000000,99867,258,99828,258,99928,253,99733,253,99935,253,99658,253,99937,200,99633,100,100009,100,99632,100,100035,100,99563,100,100039,100,99445,100,100044,100,99215,100,100071,100,99165,100,100092,100,99141,100
2019-06-28 10:00:32.417748410,99867,158,99828,258,99928,253,99733,253,99935,253,99658,253,99937,200,99633,100,100009,100,99632,100,100035,100,99563,100,100039,100,99445,100,100044,100,99215,100,100071,100,99165,100,100092,100,99141,100
2019-06-28 10:00:40.000000000,99928,332,99828,332,99935,332,99733,332,99937,200,99658,100,100009,100,99633,100,100035,100,99632,100,100039,100,99563,100,100044,100,99445,100,100071,100,99215,100,100092,100,99165,100,100114,100,99141,100
2019-06-28 10:00:50.000000000,99928,564,99828,564,99935,100,99733,100,99937,200,99658,100,100009,100,99633,100,100035,100,99632,100,100039,100,99563,100,100044,100,99445,100,100071,100,99215,100,100092,100,99165,100,100114,100,99141,100
2019-06-28 10:00:52.270251633,99928,464,99828,564,99935,100,99733,100,99937,200,99658,100,100009,100,99633,100,100035,100,99632,100,100039,100,99563,100,100044,100,99445,100,100071,100,99215,100,100092,100,99165,100,100114,100,99141,100
2019-06-28 10:01:00.000000000,99935,193,99828,193,99937,293,99733,193,100009,193,99658,193,100035,193,99633,193,100039,193,99632,193,100044,100,99563,100,100071,100,99445,100,100092,100,99215,100,100114,100,99165,100,100122,100,99141,100
2019-06-28 10:01:10.000000000,99935,332,99828,332,99937,432,99733,332,100009,100,99658,100,100035,100,99633,100,100039,100,99632,100,100044,100,99563,100,100071,100,99445,100,100092,100,99215,100,100114,100,99165,100,100122,100,99141,100
2019-06-28 10:01:20.000000000,99935,258,99828,258,99937,353,99733,253,100009,253,99658,253,100035,100,99633,100,100039,100,99632,100,100044,100,99563,100,100071,100,99445,100,100092,100,99215,100,100114,100,99165,100,100122,100,99141,100
2019-06-28 10:01:22.464545558,99935,158,99828,258,99937,353,99733,253,100009,253,99658,253,100035,100,99633,100,100039,100,99632,100,100044,100,99563,100,100071,100,99445,100,100092,100,99215,100,100114,100,99165,100,100122,100,99141,100
2019-06-28 10:01:29.371762231,99935,58,99828,258,99937,353,99733,253,100009,253,99658,253,100035,100,99633,100,100039,100,99632,100,100044,100,99563,100,100071,100,99445,100,100092,100,99215,100,100114,100,99165,100,100122,100,99141,100
2019-06-28 10:01:30.000000000,99937,664,99828,564,100009,100,99733,100,100035,100,99658,100,100039,100,99633,100,100044,100,99632,100,100071,100,99563,100,100092,100,99445,100,100114,100,99215,100,100122,100,99165,100,100126,100,99141,100
2019-06-28 10:01:32.944703846,99937,564,99828,564,100009,100,99733,100,100035,100,99658,100,100039,100,99633,100,100044,100,99632,100,100071,100,99563,100,100092,100,99445,100,100114,100,99215,100,100122,100,99165,100,100126,100,99141,100
2019-06-28 10:01:40.000000000,99937,258,99828,258,100009,253,99733,253,100035,253,99658,253,100039,100,99633,100,100044,100,99632,100,100071,100,99563,100,100092,100,99445,100,100114,100,99215,100,100122,100,99165,100,100126,100,99141,100
2019-06-28 10:01:50.000000000,99937,258,99828,258,100009,253,99733,253,100035,253,99658,253,100039,100,99633,100,100044,100,99632,100,100071,100,99563,100,100092,100,99445,100,100114,100,99215,100,100122,100,99165,100,100126,100,99141,100
2019-06-28 10:02:00.000000000,99937,332,99828,332,100009,332,99733,332,100035,100,99658,100,100039,100,99633,100,100044,100,99632,100,100071,100,99563,100,100092,100,99445,100,100114,100,99215,100,100122,100,99165,100,100126,100,99141,100
2019-06-28 10:02:04.165776393,99937,332,99828,232,100009,332,99733,332,100035,100,99658,100,100039,100,99633,100,100044,100,99632,100,100071,100,99563,100,100092,100,99445,100,100114,100,99215,100,100122,100,99165,100,100126,100,99141,100
2019-06-28 10:02:05.832029176,99937,332,99828,232,100009,332,99733,332,100035,100,99696,100,100039,100,99658,100,100044,100,99632,100,100071,100,99563,100,100092,100,99445,100,100114,100,99215,100,100122,100,99165,100,100126,100,99141,100
2019-06-28 10:02:10.000000000,99937,564,99733,564,100009,100,99696,100,100035,100,99658,100,100039,100,99632,100,100044,100,99563,100,100071,100,99445,100,100092,100,99215,100,100114,100,99165,100,100122,100,99141,100,100126,100,,
2019-06-28 10:02:20.000000000,99937,258,99733,258,100009,253,99696,253,100035,253,99658,253,100039,100,99632,100,100044,100,99563,100,100071,100,99445,100,100092,100,99215,100,100114,100,99165,100,100122,100,99141,100,100126,100,,
2019-06-28 10:02:28.605672019,99937,258,99733,258,100009,253,99696,253,100035,253,99658,253,100039,100,99632,100,100044,100,99563,100,100060,100,99445,100,100071,100,99215,100,100092,100,99165,100,100114,100,99141,100,100122,100,,
2019-06-28 10:02:30.000000000,99937,258,99733,258,100009,253,99696,253,100035,253,99658,253,100039,100,99632,100,100044,100,99563,100,100060,100,99445,100,100071,100,99215,100,100092,100,99165,100,100114,100,99141,100,100122,100,,
2019-06-28 10:02:38.189804438,99937,258,99742,100,100009,253,99733,258,100035,253,99696,253,100039,100,99658,253,100044,100,99632,100,100060,100,99563,100,100071,100,99445,100,100092,100,99215,100,100114,100,99165,100,100122,100,99141,100
2019-06-28 10:02:40.000000000,99937,564,99742,564,100009,100,99733,100,100035,100,99696,100,100039,100,99658,100,100044,100,99632,100,100060,100,99563,100,100071,100,99445,100,100092,100,99215,100,100114,100,99165,100,100122,100,99141,100
2019-06-28 10:02:50.000000000,99937,332,99742,332,100009,332,99733,332,100035,100,99696,100,100039,100,99658,100,100044,100,99632,100,100060,100,99563,100,100071,100,99445,100,100092,100,99215,100,100114,100,99165,100,100122,100,99141,100
2019-06-28 10:02:50.698958206,99937,232,99742,332,100009,332,99733,332,100035,100,99696,100,100039,100,99658,100,100044,100,99632,100,100060,100,99563,100,100071,100,99445,100,100092,100,99215,100,100114,100,99165,100,100122,100,99141,100
2019-06-28 10:03:00.000000000,100009,258,99742,258,100035,253,99733,253,100039,253,99696,253,100044,100,99658,100,100060,100,99632,100,100071,100,99563,100,100092,100,99445,100,100114,100,99215,100,100122,100,99165,100,100126,100,99141,100
2019-06-28 10:03:10.000000000,100009,216,99742,216,100035,216,99733,216,100039,216,99696,216,100044,216,99658,216,100060,100,99632,100,100071,100,99563,100,100092,100,99445,100,100114,100,99215,100,100122,100,99165,100,100126,100,99141,100
2019-06-28 10:03:10.175301195,100009,216,99742,216,100035,216,99733,216,100039,216,99696,316,100044,216,99658,216,100060,100,99632,100,100071,100,99563,100,100092,100,99445,100,100114,100,99215,100,100122,100,99165,100,100126,100,99141,100
2019-06-28 10:03:20.000000000,100009,258,99742,258,100035,253,99733,253,100039,253,99696,353,100044,100,99658,100,100060,100,99632,100,100071,100,99563,100,100092,100,99445,100,100114,100,99215,100,100122,100,99165,100,100126,100,99141,100
2019-06-28 10:03:27.567955653,99750,100,99742,258,100009,258,99733,253,100035,253,99696,353,100039,253,99658,100,100044,100,99632,100,100060,100,99445,100,100071,100,99215,100,100092,100,99165,100,100114,100,99141,100,100122,100,,
2019-06-28 10:03:30.000000000,99750,216,99742,216,100009,216,99733,216,100035,216,99696,316,100039,216,99658,216,100044,100,99632,100,100060,100,99445,100,100071,100,99215,100,100092,100,99165,100,100114,100,99141,100,100122,100,,
2019-06-28 10:03:37.406054671,99750,216,99742,216,100005,100,99733,216,100009,216,99696,316,100035,216,99658,216,100039,216,99445,100,100044,100,99215,100,100060,100,99165,100,100071,100,99141,100,100092,100,,,100114,100,,
2019-06-28 10:03:40.000000000,99750,258,99742,258,100005,253,99733,253,100009,253,99696,353,100035,100,99658,100,100039,100,99445,100,100044,100,99215,100,100060,100,99165,100,100071,100,99141,100,100092,100,,,100114,100,,
2019-06-28 10:03:45.922329679,99750,258,99742,158,100005,253,99733,253,100009,253,99696,353,100035,100,99659,100,100039,100,99658,100,100044,100,99445,100,100060,100,99215,100,100071,100,99165,100,100092,100,99141,100,100114,100,,
2019-06-28 10:03:50.000000000,99750,193,99733,193,100005,193,99696,293,100009,193,99659,193,100035,193,99658,193,100039,193,99445,193,100044,100,99215,100,100060,100,99165,100,100071,100,99141,100,100092,100,,,100114,100,,
2019-06-28 10:04:00.000000000,99750,216,99733,216,100005,216,99696,316,100009,216,99659,216,100035,216,99658,216,100039,100,99445,100,100044,100,99215,100,100060,100,99165,100,100071,100,99141,100,100092,100,,,100114,100,,
2019-06-28 10:04:02.186114623,99750,116,99733,216,100005,216,99696,316,100009,216,99659,216,100035,216,99658,216,100039,100,99445,100,100044,100,99215,100,100060,100,99165,100,100071,100,99141,100,100092,100,,,100114,100,,
2019-06-28 10:04:02.459628012,99750,16,99733,216,100005,216,99696,316,100009,216,99659,216,100035,216,99658,216,100039,100,99445,100,100044,100,99215,100,100071,100,99165,100,100092,100,99141,100,100114,100,,,100122,100,,
2019-06-28 10:04:02.781023828,99750,16,99733,216,100005,216,99696,316,100009,216,99659,216,100035,216,99658,216,100039,100,99445,100,100044,100,99215,100,100061,100,99165,100,100071,100,99141,100,100114,100,,,100122,100,,
2019-06-28 10:04:10.000000000,100005,216,99733,216,100009,216,99696,316,100035,216,99659,216,100039,216,99658,216,100044,100,99445,100,100061,100,99215,100,100071,100,99165,100,100114,100,99141,100,100122,100,,,100126,100,,
2019-06-28 10:04:20.000000000,100005,216,99733,216,100009,216,99696,316,100035,216,99659,216,100039,216,99658,216,100044,100,99445,100,100061,100,99215,100,100071,100,99165,100,100114,100,99141,100,100122,100,,,100126,100,,
2019-06-28 10:04:30.000000000,100005,193,99733,193,100009,193,99696,293,100035,193,99659,193,100039,193,99658,193,100044,193,99445,193,100061,100,99215,100,100071,100,99165,100,100114,100,99141,100,100122,100,,,100126,100,,
2019-06-28 10:04:35.037937837,100005,93,99733,193,100009,193,99696,293,100035,193,99659,193,100039,193,99658,193,100044,193,99445,193,100061,100,99215,100,100071,100,99165,100,100114,100,99141,100,100122,100,,,100126,100,,
2019-06-28 10:04:40.000000000,100009,193,99733,193,100035,193,99696,293,100039,193,99659,193,100044,193,99658,193,100061,193,99445,193,100071,100,99215,100,100114,100,99165,100,100122,100,99141,100,100126,100,,,100148,100,,
2019-06-28 10:04:50.000000000,100009,332,99733,332,100035,332,99696,432,100039,100,99659,100,100044,100,99658,100,100061,100,99445,100,100071,100,99215,100,100114,100,99165,100,100122,100,99141,100,100126,100,,,100148,100,,
2019-06-28 10:04:56.041808412,100009,232,99733,332,100035,332,99696,432,100039,100,99659,100,100044,100,99658,100,100061,100,99445,100,100071,100,99215,100,100114,100,99165,100,100122,100,99141,100,100126,100,,,100148,100,,
2019-06-28 10:04:57.517573242,100009,232,99733,332,100035,232,99696,432,100039,100,99659,100,100044,100,99658,100,100061,100,99445,100,100071,100,99215,100,100114,100,99165,100,100122,100,99141,100,100126,100,,,100148,100,,
2019-06-28 10:05:00.000000000,100039,332,99733,332,100044,332,99696,432,100061,100,99659,100,100071,100,99658,100,100114,100,99445,100,100122,100,99215,100,100126,100,99165,100,100148,100,99141,100,100177,100,,,100207,100,,
2019-06-28 10:05:00.631645251,100039,232,99733,332,100044,332,99696,432,100061,100,99659,100,100071,100,99658,100,100114,100,99445,100,100122,100,99215,100,100126,100,99165,100,100148,100,99141,100,100177,100,,,100207,100,,
2019-06-28 10:05:05.767988353,100039,232,99733,332,100044,332,99696,432,100061,100,99659,100,100071,100,99658,100,100114,100,99445,100,100122,100,99215,100,100126,100,99165,100,100148,100,99141,100,100177,100,,,100207,100,,
2019-06-28 10:05:10.000000000,100044,216,99733,216,100061,216,99696,316,100071,216,99659,216,100114,216,99658,216,100122,100,99445,100,100126,100,99215,100,100148,100,99165,100,100177,100,99141,100,100207,100,,,100274,100,,
2019-06-28 10:05:13.676448103,100044,216,99733,216,100061,216,99696,316,100071,216,99659,216,100114,216,99658,216,100122,100,99445,100,100126,100,99215,100,100148,100,99165,100,100177,100,99141,100,100207,100,,,100274,100,,
2019-06-28 10:05:15.072773959,100044,116,99733,216,100061,216,99696,316,100071,216,99659,216,100114,216,99658,216,100122,100,99215,100,100126,100,99165,100,100148,100,99141,100,100177,100,,,100207,100,,,100274,100,,
2019-06-28 10:05:20.000000000,100061,258,99733,258,100071,253,99696,353,100114,253,99659,253,100122,100,99658,100,100126,100,99215,100,100148,100,99165,100,100177,100,99141,100,100207,100,,,100274,100,,,100328,100,,
2019-06-28 10:05:30.000000000,100061,193,99733,193,100071,193,99696,293,100114,193,99659,193,100122,193,99658,193,100126,193,99215,193,100148,100,99165,100,100177,100,99141,100,100207,100,,,100274,100,,,100328,100,,
2019-06-28 10:05:39.235508030,100061,193,100039,100,100071,193,99733,193,100114,193,99696,293,100122,193,99659,193,100126,193,99658,193,100148,100,99215,193,100177,100,99165,100,100207,100,99141,100,100274,100,,,100328,100,,
2019-06-28 10:05:40.000000000,100061,258,100039,258,100071,253,99733,253,100114,253,99696,353,100122,100,99659,100,100126,100,99658,100,100148,100,99215,100,100177,100,99165,100,100207,100,99141,100,100274,100,,,100328,100,,
2019-06-28 10:05:45.179879084,100061,258,100039,258,100071,253,99733,253,100114,253,99696,353,100122,100,99659,100,100126,100,99658,100,100148,100,99215,100,100177,100,99165,100,100274,100,99141,100,100328,100,,,100334,100,,
2019-06-28 10:05:50.000000000,100061,193,100039,193,100071,193,99733,193,100114,193,99696,293,100122,193,99659,193,100126,193,99658,193,100148,100,99215,100,100177,100,99165,100,100274,100,99141,100,100328,100,,,100334,100,,
2019-06-28 10:06:00.000000000,100061,193,100039,193,100071,193,99733,193,100114,193,99696,293,100122,193,99659,193,100126,193,99658,193,100148,100,99215,100,100177,100,99165,100,100274,100,99141,100,100328,100,,,100334,100,,
2019-06-28 10:06:10.000000000,100061,193,100039,193,100071,193,99733,193,100114,193,99696,293,100122,193,99659,193,100126,193,99658,193,100148,100,99215,100,100177,100,99165,100,100274,100,99141,100,100328,100,,,100334,100,,
2019-06-28 10:06:12.740267829,100061,93,100039,193,100071,193,99733,193,100114,193,99696,293,100122,193,99659,193,100126,193,99658,193,100148,100,99215,100,100177,100,99141,100,100274,100,,,100328,100,,,100334,100,,
2019-06-28 10:06:14.299514606,100071,193,100061,7,100114,193,100039,193,100122,193,99733,193,100126,193,99696,293,100148,100,99659,193,100177,100,99658,193,100274,100,99215,100,100328,100,99141,100,100334,100,,,100454,100,,
2019-06-28 10:06:14.494303986,100071,93,100061,7,100114,193,100039,193,100122,193,99733,193,100126,193,99696,293,100148,100,99659,193,100177,100,99658,193,100328,100,99215,100,100334,100,99141,100,100454,100,,,100486,100,,
2019-06-28 10:06:20.000000000,100114,216,100061,123,100122,216,100039,216,100126,216,99733,216,100148,216,99696,316,100177,100,99659,100,100328,100,99658,100,100334,100,99215,100,100454,100,99141,100,100486,100,,,100495,100,,
2019-06-28 10:06:25.004877405,100114,216,100073,100,100122,216,100061,123,100126,216,100039,216,100148,216,99733,216,100177,100,99696,316,100328,100,99659,100,100334,100,99658,100,100454,100,99215,100,100486,100,99141,100,100495,100,,
2019-06-28 10:06:30.000000000,100114,564,100073,564,100122,100,100061,7,100126,100,100039,100,100148,100,99733,100,100177,100,99696,200,100328,100,99659,100,100334,100,99658,100,100454,100,99215,100,100486,100,99141,100,100495,100,,
2019-06-28 10:06:40.000000000,100114,216,100073,216,100122,216,100061,123,100126,216,100039,216,100148,216,99733,216,100177,100,99696,200,100328,100,99659,100,100334,100,99658,100,100454,100,99215,100,100486,100,99141,100,100495,100,,
2019-06-28 10:06:50.000000000,100114,258,100073,258,100122,253,100061,160,100126,253,100039,253,100148,100,99733,100,100177,100,99696,200,100328,100,99659,100,100334,100,99658,100,100454,100,99215,100,100486,100,99141,100,100495,100,,
