,ask_price_1,ask_size_1,bid_price_1,bid_size_1,ask_price_2,ask_size_2,bid_price_2,bid_size_2,ask_price_3,ask_size_3,bid_price_3,bid_size_3,ask_price_4,ask_size_4,bid_price_4,bid_size_4,ask_price_5,ask_size_5,bid_price_5,bid_size_5,ask_price_6,ask_size_6,bid_price_6,bid_size_6,ask_price_7,ask_size_7,bid_price_7,bid_size_7,ask_price_8,ask_size_8,bid_price_8,bid_size_8,ask_price_9,ask_size_9,bid_price_9,bid_size_9,ask_price_10,ask_size_10,bid_price_10,bid_size_10
2019-06-28 09:30:00.000000000,,,99947,100,,,,,,,,,,,,,,,,,,,,,,,,,,,,,,,,,,,,
2019-06-28 09:30:00.000000001,100102,100,99947,100,,,,,,,,,,,,,,,,,,,,,,,,,,,,,,,,,,,,
2019-06-28 09:30:00.000000002,100035,100,99947,100,100102,100,99942,100,,,99940,100,,,,,,,,,,,,,,,,,,,,,,,,,,,,
2019-06-28 09:30:00.000000003,100035,100,100026,100,100102,100,99947,100,100130,100,99942,100,,,99940,100,,,,,,,,,,,,,,,,,,,,,,,,
2019-06-28 09:30:00.000000005,100035,100,100026,100,100102,100,100019,100,100130,100,99947,100,,,99942,100,,,99940,100,,,99919,100,,,,,,,,,,,,,,,,
2019-06-28 09:30:00.000000006,100035,100,100026,100,100102,100,100019,100,100123,100,99947,100,100130,100,99942,100,,,99940,100,,,99919,100,,,,,,,,,,,,,,,,
2019-06-28 09:30:00.000000007,100035,100,100026,100,100078,100,100019,100,100102,100,99947,100,100123,100,99942,100,100130,100,99940,100,,,99919,100,,,,,,,,,,,,,,,,
2019-06-28 09:30:00.000000008,100035,100,100026,100,100078,100,100019,100,100088,100,99947,100,100102,100,99942,100,100123,100,99940,100,100130,100,99919,100,,,,,,,,,,,,,,,,
2019-06-28 09:30:00.000000011,100035,100,100026,100,100078,100,100019,100,100088,100,99947,100,100102,100,99942,100,100123,100,99940,100,100130,100,99919,100,,,99865,100,,,99856,100,,,,,,,,
2019-06-28 09:30:00.000000012,100035,100,100026,100,100078,100,100019,100,100088,100,99968,100,100102,100,99947,100,100123,100,99942,100,100130,100,99940,100,,,99919,100,,,99865,100,,,99856,100,,,,
2019-06-28 09:30:00.000000013,100035,100,100026,100,100078,100,100019,100,100088,100,99968,100,100102,100,99947,100,100123,100,99942,100,100130,100,99940,100,,,99931,100,,,99919,100,,,99865,100,,,99856,100
2019-06-28 09:30:00.000000014,100035,100,100026,100,100078,100,100019,100,100088,100,99968,100,100102,100,99947,100,100123,100,99942,100,100125,100,99940,100,100130,100,99931,100,,,99919,100,,,99865,100,,,99856,100
2019-06-28 09:30:00.000000016,100035,100,100026,100,100078,100,100019,100,100088,100,99968,100,100102,100,99947,100,100123,100,99942,100,100125,100,99940,100,100130,100,99931,100,,,99919,100,,,99877,100,,,99865,100
2019-06-28 09:30:00.000000018,100035,100,100026,100,100078,100,100019,100,100088,100,100011,100,100102,100,99968,100,100123,100,99947,100,100125,100,99942,100,100130,100,99941,100,,,99940,100,,,99931,100,,,99919,100
2019-06-28 09:30:00.000000019,100035,100,100026,100,100056,100,100019,100,100078,100,100011,100,100088,100,99968,100,100102,100,99947,100,100123,100,99942,100,100125,100,99941,100,100130,100,99940,100,,,99931,100,,,99919,100
2019-06-28 09:30:00.000000022,100035,100,100026,100,100056,100,100019,200,100078,100,100011,100,100088,100,99968,100,100102,100,99962,100,100123,100,99953,100,100125,100,99947,100,100130,100,99942,100,,,99941,100,,,99940,100
2019-06-28 09:30:00.000000023,100035,100,100026,200,100056,100,100019,200,100063,100,100011,100,100078,100,99968,100,100088,100,99962,100,100102,100,99953,100,100123,100,99947,100,100125,100,99942,100,100130,100,99941,100,,,99940,100
2019-06-28 09:30:00.000000024,100035,100,100026,200,100056,100,100019,200,100063,100,100011,100,100078,100,99968,100,100088,100,99962,100,100102,100,99953,100,100114,100,99947,100,100123,100,99942,100,100125,100,99941,100,100130,100,99940,100
2019-06-28 09:30:00.000000030,100035,100,100026,200,100056,100,100019,200,100063,100,100011,100,100078,100,99968,100,100088,100,99962,100,100102,100,99953,100,100114,100,99947,100,100123,100,99942,100,100125,100,99941,100,100130,100,99940,100
2019-06-28 09:30:00.000000031,100035,100,100026,200,100056,100,100019,200,100063,100,100011,100,100078,100,99968,100,100088,100,99962,100,100102,100,99953,100,100114,100,99947,100,100122,100,99942,100,100123,100,99941,100,100125,100,99940,100
2019-06-28 09:30:00.000000034,100035,100,100026,100,100056,100,100019,200,100063,100,100011,100,100078,100,99968,100,100088,100,99962,100,100102,100,99953,100,100114,100,99947,100,100116,100,99942,100,100122,100,99941,100,100123,100,99940,100
2019-06-28 09:30:00.000000036,100035,100,100028,100,100056,100,100026,100,100063,100,100019,200,100078,100,100011,100,100088,100,99968,100,100099,100,99962,100,100102,100,99953,100,100114,100,99947,100,100116,100,99942,100,100122,100,99941,100
2019-06-28 09:30:00.000000037,100035,100,100026,100,100056,100,100019,200,100063,100,100011,100,100078,100,99968,100,100088,100,99962,100,100099,100,99953,100,100102,100,99947,100,100114,100,99942,100,100116,100,99941,100,100122,100,99940,100
2019-06-28 09:30:00.000000041,100035,100,100019,200,100056,100,100011,100,100063,100,99968,100,100078,100,99962,100,100088,100,99953,100,100099,100,99947,100,100102,100,99942,100,100114,100,99941,100,100116,100,99940,100,100122,100,99931,100
2019-06-28 09:30:00.000000045,100035,100,100019,200,100056,100,100011,100,100063,100,99968,100,100078,100,99962,100,100088,100,99953,100,100099,100,99947,100,100102,100,99942,100,100106,100,99941,100,100114,100,99940,100,100116,100,99931,100
2019-06-28 09:30:00.000000046,100035,100,100019,200,100056,100,100011,100,100063,100,99968,100,100078,100,99962,100,100088,100,99953,100,100099,100,99947,100,100102,100,99942,100,100106,100,99941,100,100108,100,99940,100,100114,100,99931,100
2019-06-28 09:30:00.000000051,100035,100,100019,200,100056,100,100011,100,100063,100,99968,100,100078,100,99962,100,100088,100,99953,100,100099,100,99947,100,100102,100,99942,100,100106,100,99941,100,100108,200,99940,100,100114,100,99931,100
2019-06-28 09:30:00.000000052,100035,100,100019,200,100036,100,100011,100,100056,100,99968,100,100063,100,99962,100,100078,100,99953,100,100088,100,99947,100,100099,100,99942,100,100102,100,99941,100,100106,100,99940,100,100108,200,99931,100
2019-06-28 09:30:00.000000053,100035,100,100019,200,100036,100,100011,100,100056,100,99968,100,100063,100,99962,100,100078,100,99953,100,100088,100,99947,100,100099,100,99942,100,100102,100,99941,100,100106,100,99940,100,100108,200,99931,100
2019-06-28 09:30:00.000000054,100035,100,100026,100,100036,100,100019,200,100056,100,100011,100,100063,100,99968,100,100078,100,99962,100,100088,100,99953,100,100099,100,99947,100,100102,100,99942,100,100106,100,99941,100,100108,200,99940,100
2019-06-28 09:30:00.000000059,100035,100,100026,100,100036,100,100019,200,100056,100,100011,100,100063,100,99968,100,100078,100,99962,100,100088,100,99953,100,100099,100,99947,100,100102,100,99942,100,100106,100,99941,100,100108,200,99940,100
2019-06-28 09:30:00.000000062,100035,100,100019,200,100036,100,100011,100,100056,100,99968,100,100063,100,99962,100,100078,100,99953,100,100088,100,99947,100,100099,100,99942,100,100102,100,99941,100,100106,100,99940,100,100108,200,99931,100
2019-06-28 09:30:00.000000064,100035,100,100019,200,100036,100,100011,100,100056,100,99968,100,100063,100,99962,100,100078,100,99953,100,100084,100,99947,100,100088,100,99942,100,100099,100,99941,100,100102,100,99940,100,100106,100,99931,100
2019-06-28 09:30:00.000000067,100035,100,100019,100,100036,100,100011,100,100056,100,99968,100,100063,100,99962,100,100078,100,99953,100,100084,100,99947,100,100088,100,99942,100,100099,100,99941,100,100102,100,99940,100,100106,100,99931,100
2019-06-28 09:30:00.000000071,100035,100,100019,100,100036,100,100011,100,100056,100,99968,100,100063,100,99962,100,100078,100,99953,100,100084,100,99947,100,100088,100,99942,100,100098,100,99941,100,100099,100,99940,100,100102,100,99931,100
2019-06-28 09:30:00.000000074,100035,100,100011,100,100036,100,99968,100,100056,100,99962,100,100063,100,99953,100,100078,100,99947,100,100084,100,99942,100,100088,100,99941,100,100098,100,99940,100,100099,100,99931,100,100102,100,99919,100
2019-06-28 09:30:00.000000076,100035,100,100011,100,100036,100,99968,100,100056,100,99967,100,100063,100,99962,100,100078,100,99953,100,100084,100,99947,100,100088,100,99942,100,100098,100,99941,100,100099,100,99940,100,100102,100,99931,100
2019-06-28 09:30:00.000000079,100035,100,100011,100,100036,100,99968,100,100056,100,99967,100,100063,100,99962,100,100078,100,99953,100,100084,100,99947,100,100088,100,99942,100,100098,100,99941,100,100099,100,99940,100,100102,100,99931,100
2019-06-28 09:30:00.000000080,100035,100,100011,100,100036,100,99968,100,100051,100,99967,100,100056,100,99962,100,100063,100,99953,100,100078,100,99947,100,100084,100,99942,100,100088,100,99941,100,100098,100,99940,100,100099,100,99931,100
2019-06-28 09:30:00.000000085,100035,100,100019,100,100036,100,100011,100,100051,100,99968,100,100056,100,99967,100,100063,100,99962,100,100078,100,99953,100,100084,100,99947,100,100088,100,99942,100,100098,100,99941,100,100099,100,99940,100
2019-06-28 09:30:00.000000087,100035,100,100019,200,100036,100,100011,100,100051,100,99968,100,100056,100,99967,100,100063,100,99962,100,100078,100,99953,100,100084,100,99947,100,100088,100,99942,100,100098,100,99941,100,100099,100,99940,100
2019-06-28 09:30:00.000000089,100035,100,100019,200,100036,100,100011,100,100051,100,99968,100,100056,100,99967,100,100063,100,99962,100,100078,100,99953,100,100084,100,99947,100,100088,100,99942,100,100098,100,99941,100,100099,100,99940,100
2019-06-28 09:30:00.000000090,100051,100,100019,200,100056,100,100011,100,100063,100,99968,100,100078,100,99967,100,100084,100,99962,100,100088,100,99953,100,100098,100,99947,100,100099,100,99942,100,100102,100,99941,100,100104,100,99940,100
2019-06-28 09:30:00.000000091,100051,100,100019,200,100056,100,100011,100,100063,100,99968,100,100078,100,99967,100,100084,100,99962,100,100088,100,99959,100,100098,100,99953,100,100099,100,99947,100,100102,100,99942,100,100104,100,99941,100
2019-06-28 09:30:00.000000096,100051,100,100019,200,100056,100,100011,100,100063,100,99968,100,100078,100,99967,100,100084,100,99962,100,100088,100,99959,100,100098,100,99953,100,100099,100,99947,100,100102,100,99942,100,100104,100,99941,100
2019-06-28 09:30:00.000000097,100051,100,100019,200,100056,100,100011,100,100063,100,99973,100,100078,100,99968,100,100084,100,99967,100,100088,100,99962,100,100098,100,99959,100,100099,100,99953,100,100102,100,99947,100,100104,100,99942,100
2019-06-28 09:30:10.000000000,100051,392,100019,492,100056,100,100011,100,100063,100,99973,100,100078,100,99968,100,100084,100,99967,100,100088,100,99962,100,100098,100,99959,100,100099,100,99953,100,100102,100,99947,100,100104,100,99942,100
2019-06-28 09:30:20.000000000,100051,199,100019,299,100056,196,100011,196,100063,196,99973,196,100078,100,99968,100,100084,100,99967,100,100088,100,99962,100,100098,100,99959,100,100099,100,99953,100,100102,100,99947,100,100104,100,99942,100
2019-06-28 09:30:28.781917684,100051,199,100019,299,100056,196,100011,196,100063,196,99973,196,100078,100,99968,100,100084,100,99967,100,100088,100,99962,100,100098,100,99959,100,100099,100,99953,100,100102,100,99947,100,100104,100,99942,100
2019-06-28 09:30:30.000000000,100051,158,100019,258,100056,158,100011,158,100063,158,99973,158,100078,158,99968,158,100084,158,99967,158,100088,100,99962,100,100098,100,99959,100,100099,100,99953,100,100102,100,99947,100,100104,100,99942,100
2019-06-28 09:30:35.951810201,100051,158,100019,258,100056,158,100011,158,100063,158,99973,158,100078,158,99968,158,100084,158,99967,158,100088,100,99962,100,100098,100,99959,100,100099,100,99953,100,100102,100,99947,100,100104,100,99942,100
2019-06-28 09:30:40.000000000,100051,199,100019,299,100056,196,100011,196,100063,196,99973,196,100078,100,99968,100,100084,100,99967,100,100088,100,99962,100,100098,100,99959,100,100099,100,99953,100,100102,100,99947,100,100104,100,99942,100
2019-06-28 09:30:43.295844244,100051,199,100019,299,100056,196,100011,196,100063,196,99973,196,100078,100,99968,100,100084,100,99967,100,100088,100,99962,100,100098,100,99959,100,100099,100,99953,100,100102,100,99947,100,100104,100,99942,100
2019-06-28 09:30:50.000000000,100051,158,100019,258,100056,158,100011,158,100063,158,99973,158,100078,158,99968,158,100084,158,99967,158,100088,100,99962,100,100098,100,99959,100,100099,100,99953,100,100102,100,99947,100,100104,100,99942,100
2019-06-28 09:30:51.011711176,100051,158,100019,258,100056,158,100018,100,100063,158,100011,158,100078,158,99973,158,100084,158,99968,158,100088,100,99967,158,100098,100,99962,100,100099,100,99959,100,100102,100,99953,100,100104,100,99947,100
2019-06-28 09:31:00.000000000,100051,173,100019,273,100056,173,100018,173,100063,173,100011,173,100078,173,99973,173,100084,100,99968,100,100088,100,99967,100,100098,100,99962,100,100099,100,99959,100,100102,100,99953,100,100104,100,99947,100
2019-06-28 09:31:04.183322044,100051,173,100019,273,100056,173,100018,173,100063,173,100011,173,100078,173,99973,73,100084,100,99968,100,100088,100,99967,100,100098,100,99962,100,100099,100,99959,100,100102,100,99953,100,100104,100,99947,100
2019-06-28 09:31:04.562176487,100051,73,100019,273,100056,173,100018,173,100063,173,100011,173,100078,173,99973,73,100084,100,99968,100,100088,100,99967,100,100098,100,99962,100,100099,100,99959,100,100102,100,99953,100,100104,100,99947,100
2019-06-28 09:31:07.201684601,100051,73,100036,100,100056,173,100019,273,100063,173,100018,173,100078,173,100011,173,100084,100,99973,73,100088,100,99968,100,100098,100,99967,100,100099,100,99962,100,100102,100,99959,100,100104,100,99953,100
2019-06-28 09:31:07.791065065,100051,73,100036,100,100056,173,100019,273,100063,173,100018,173,100078,173,100011,273,100084,100,99973,73,100098,100,99968,100,100099,100,99967,100,100102,100,99962,100,100104,100,99959,100,100106,100,99953,100
2019-06-28 09:31:10.000000000,100056,246,100036,246,100063,246,100019,346,100078,100,100018,100,100084,100,100011,200,100098,100,99968,100,100099,100,99967,100,100102,100,99962,100,100104,100,99959,100,100106,100,99953,100,100108,200,99947,100
2019-06-28 09:31:20.000000000,100056,173,100036,173,100063,173,100019,273,100078,173,100018,173,100084,173,100011,273,100098,100,99968,100,100099,100,99967,100,100102,100,99962,100,100104,100,99959,100,100106,100,99953,100,100108,200,99947,100
2019-06-28 09:31:20.738108483,100056,173,100036,173,100063,173,100019,273,100078,173,100018,173,100084,173,100016,100,100098,100,100011,273,100099,100,99968,100,100102,100,99967,100,100104,100,99962,100,100106,100,99959,100,100108,200,99953,100
2019-06-28 09:31:28.759127528,100050,100,100036,173,100056,173,100019,273,100063,173,100018,173,100078,173,100016,100,100084,173,100011,273,100098,100,99968,100,100099,100,99967,100,100102,100,99962,100,100104,100,99959,100,100106,100,99953,100
2019-06-28 09:31:30.000000000,100050,199,100036,199,100056,196,100019,296,100063,196,100018,196,100078,100,100016,100,100084,100,100011,200,100098,100,99968,100,100099,100,99967,100,100102,100,99962,100,100104,100,99959,100,100106,100,99953,100
2019-06-28 09:31:37.218914851,100050,199,100036,199,100056,196,100019,196,100063,196,100018,196,100078,100,100016,100,100084,100,100011,200,100098,100,99968,100,100099,100,99967,100,100102,100,99962,100,100104,100,99959,100,100106,100,99953,100
2019-06-28 09:31:40.000000000,100050,173,100036,173,100056,173,100019,173,100063,173,100018,173,100078,173,100016,173,100084,100,100011,200,100098,100,99968,100,100099,100,99967,100,100102,100,99962,100,100104,100,99959,100,100106,100,99953,100
2019-06-28 09:31:50.000000000,100050,246,100036,246,100056,246,100019,246,100063,100,100018,100,100078,100,100016,100,100084,100,100011,200,100098,100,99968,100,100099,100,99967,100,100102,100,99962,100,100104,100,99959,100,100106,100,99953,100
2019-06-28 09:32:00.000000000,100050,199,100036,199,100056,196,100019,196,100063,196,100018,196,100078,100,100016,100,100084,100,100011,200,100098,100,99968,100,100099,100,99967,100,100102,100,99962,100,100104,100,99959,100,100106,100,99953,100
2019-06-28 09:32:10.000000000,100050,246,100036,246,100056,246,100019,246,100063,100,100018,100,100078,100,100016,100,100084,100,100011,200,100098,100,99968,100,100099,100,99967,100,100102,100,99962,100,100104,100,99959,100,100106,100,99953,100
2019-06-28 09:32:12.961927590,100050,246,100036,246,100056,246,100019,246,100063,100,100018,100,100078,100,100016,100,100084,100,100011,200,100098,100,99968,100,100099,100,99967,100,100102,100,99962,100,100104,100,99959,100,100106,100,99953,100
2019-06-28 09:32:20.000000000,100050,199,100036,199,100056,196,100019,196,100063,196,100018,196,100078,100,100016,100,100084,100,100011,200,100098,100,99968,100,100099,100,99967,100,100102,100,99962,100,100104,100,99959,100,100106,100,99953,100
2019-06-28 09:32:30.000000000,100050,392,100036,392,100056,100,100019,100,100063,100,100018,100,100078,100,100016,100,100084,100,100011,200,100098,100,99968,100,100099,100,99967,100,100102,100,99962,100,100104,100,99959,100,100106,100,99953,100
2019-06-28 09:32:31.921289441,100050,492,100036,392,100056,100,100019,100,100063,100,100018,100,100078,100,100016,100,100084,100,100011,200,100098,100,99968,100,100099,100,99967,100,100102,100,99962,100,100104,100,99959,100,100106,100,99953,100
2019-06-28 09:32:38.794256261,100050,592,100036,392,100056,100,100019,100,100063,100,100018,100,100078,100,100016,100,100084,100,100011,200,100098,100,99968,100,100099,100,99967,100,100102,100,99959,100,100104,100,99953,100,100106,100,99947,100
2019-06-28 09:32:40.000000000,100050,399,100036,199,100056,196,100019,196,100063,196,100018,196,100078,100,100016,100,100084,100,100011,200,100098,100,99968,100,100099,100,99967,100,100102,100,99959,100,100104,100,99953,100,100106,100,99947,100
2019-06-28 09:32:50.000000000,100050,373,100036,173,100056,173,100019,173,100063,173,100018,173,100078,173,100016,173,100084,100,100011,200,100098,100,99968,100,100099,100,99967,100,100102,100,99959,100,100104,100,99953,100,100106,100,99947,100
2019-06-28 09:33:00.000000000,100050,358,100036,158,100056,158,100019,158,100063,158,100018,158,100078,158,100016,158,100084,158,100011,258,100098,100,99968,100,100099,100,99967,100,100102,100,99959,100,100104,100,99953,100,100106,100,99947,100
2019-06-28 09:33:04.110969338,100050,358,100036,58,100056,158,100019,158,100063,158,100018,158,100078,158,100016,158,100084,158,100011,258,100098,100,99968,100,100099,100,99967,100,100102,100,99959,100,100104,100,99953,100,100106,100,99942,100
2019-06-28 09:33:09.101961194,100050,358,100036,58,100056,158,100019,158,100063,158,100018,158,100078,158,100016,158,100084,158,100011,258,100098,100,99968,100,100099,100,99967,100,100102,100,99959,100,100104,100,99953,100,100106,100,99942,100
2019-06-28 09:33:10.000000000,100050,373,100019,173,100056,173,100018,173,100063,173,100016,173,100078,173,100011,273,100084,100,99968,100,100098,100,99967,100,100099,100,99959,100,100102,100,99953,100,100104,100,99942,100,100106,100,99941,100
2019-06-28 09:33:17.346798914,100050,373,100019,173,100056,173,100018,173,100063,173,100016,173,100078,173,100011,173,100084,100,99968,100,100098,100,99967,100,100099,100,99959,100,100102,100,99953,100,100104,100,99942,100,100106,100,99941,100
2019-06-28 09:33:20.000000000,100050,373,100019,173,100056,173,100018,173,100063,173,100016,173,100078,173,100011,173,100084,100,99968,100,100098,100,99967,100,100099,100,99959,100,100102,100,99953,100,100104,100,99942,100,100106,100,99941,100
2019-06-28 09:33:25.780359482,100050,373,100019,73,100056,173,100018,173,100063,173,100016,173,100078,173,100011,173,100084,100,99968,100,100099,100,99967,100,100102,100,99959,100,100104,100,99953,100,100106,100,99942,100,100108,200,99941,100
2019-06-28 09:33:29.369313713,100036,100,100019,73,100050,373,100018,173,100056,173,100016,173,100063,173,100011,173,100078,173,99968,100,100084,100,99967,100,100099,100,99959,100,100102,100,99953,100,100104,100,99942,100,100106,100,99941,100
2019-06-28 09:33:30.000000000,100036,173,100018,173,100050,373,100016,173,100056,173,100011,173,100063,173,99968,173,100078,100,99967,100,100084,100,99959,100,100099,100,99953,100,100102,100,99942,100,100104,100,99941,100,100106,100,99919,100
2019-06-28 09:33:40.000000000,100036,246,100018,246,100050,446,100016,246,100056,100,100011,100,100063,100,99968,100,100078,100,99967,100,100084,100,99959,100,100099,100,99953,100,100102,100,99942,100,100104,100,99941,100,100106,100,99919,100
2019-06-28 09:33:42.394042489,100036,246,100018,146,100050,446,100016,246,100056,100,99968,100,100063,100,99967,100,100078,100,99959,100,100084,100,99953,100,100099,100,99942,100,100102,100,99941,100,100104,100,99919,100,100106,100,99896,100
2019-06-28 09:33:50.000000000,100036,173,100016,173,100050,373,99968,173,100056,173,99967,173,100063,173,99959,173,100078,100,99953,100,100084,100,99942,100,100099,100,99941,100,100102,100,99919,100,100104,100,99896,100,100106,100,99891,200
2019-06-28 09:33:52.820111216,100036,173,100016,173,100050,373,99968,173,100056,173,99967,173,100063,173,99959,173,100078,100,99953,100,100084,100,99942,100,100099,100,99941,100,100102,100,99919,100,100104,100,99896,100,100106,100,99891,200
2019-06-28 09:34:00.000000000,100036,173,100016,173,100050,373,99968,173,100056,173,99967,173,100063,173,99959,173,100078,100,99953,100,100084,100,99942,100,100099,100,99941,100,100102,100,99919,100,100104,100,99896,100,100106,100,99891,200
2019-06-28 09:34:01.019419093,100019,100,100016,173,100036,173,99968,173,100050,373,99967,173,100056,173,99959,173,100063,173,99953,100,100078,100,99942,100,100084,100,99941,100,100099,100,99919,100,100102,100,99896,100,100104,100,99891,200
2019-06-28 09:34:02.017383995,100019,200,100016,173,100036,173,99968,173,100050,273,99967,173,100056,173,99959,173,100063,173,99953,100,100078,100,99942,100,100084,100,99941,100,100099,100,99919,100,100102,100,99896,100,100104,100,99891,200
2019-06-28 09:34:05.538527176,100019,200,100016,73,100036,173,99968,173,100050,273,99967,173,100056,173,99959,173,100063,173,99953,100,100078,100,99942,100,100084,100,99941,100,100099,100,99919,100,100102,100,99896,100,100104,100,99891,200
2019-06-28 09:34:10.000000000,100019,273,99968,173,100036,173,99967,173,100050,273,99959,173,100056,173,99953,173,100063,100,99942,100,100078,100,99941,100,100084,100,99919,100,100099,100,99896,100,100102,100,99891,200,100104,100,99877,100
2019-06-28 09:34:10.813096030,100019,273,99968,173,100036,173,99967,173,100050,273,99959,173,100056,173,99953,173,100063,100,99942,100,100084,100,99941,100,100099,100,99919,100,100102,100,99896,100,100104,100,99891,200,100106,100,99877,100
2019-06-28 09:34:12.411966404,100019,273,99968,73,100036,173,99967,173,100050,273,99959,173,100056,173,99953,173,100063,100,99942,100,100084,100,99941,100,100099,100,99919,100,100102,100,99896,100,100104,100,99891,200,100106,100,99877,100
2019-06-28 09:34:20.000000000,100019,299,99967,199,100036,196,99959,196,100050,296,99953,196,100056,100,99942,100,100063,100,99941,100,100084,100,99919,100,100099,100,99896,100,100102,100,99891,200,100104,100,99877,100,100106,100,99865,200
2019-06-28 09:34:26.687138825,100016,100,99967,199,100019,299,99959,196,100036,96,99953,196,100050,296,99942,100,100056,100,99941,100,100063,100,99919,100,100084,100,99896,100,100099,100,99891,200,100102,100,99877,100,100104,100,99865,200
2019-06-28 09:34:30.000000000,100016,246,99967,246,100019,346,99959,246,100050,200,99953,100,100056,100,99942,100,100063,100,99941,100,100084,100,99919,100,100099,100,99896,100,100102,100,99891,200,100104,100,99877,100,100106,100,99865,200
2019-06-28 09:34:30.351556143,100016,146,99967,246,100019,346,99959,246,100050,200,99953,100,100056,100,99942,100,100063,100,99941,100,100084,100,99919,100,100099,100,99896,100,100102,100,99891,200,100104,100,99877,100,100106,100,99865,200
2019-06-28 09:34:40.000000000,100019,258,99967,158,100050,258,99959,158,100056,158,99953,158,100063,158,99942,158,100084,158,99941,158,100099,100,99919,100,100102,100,99896,100,100104,100,99891,200,100106,100,99877,100,100108,200,99865,200
2019-06-28 09:34:50.000000000,100019,273,99967,173,100050,273,99959,173,100056,173,99953,173,100063,173,99942,173,100084,100,99941,100,100099,100,99919,100,100102,100,99896,100,100104,100,99891,200,100106,100,99877,100,100108,200,99865,200
2019-06-28 09:35:00.000000000,100019,258,99967,158,100050,258,99959,158,100056,158,99953,158,100063,158,99942,158,100084,158,99941,158,100099,100,99919,100,100102,100,99896,100,100104,100,99891,200,100106,100,99877,100,100108,200,99865,200
2019-06-28 09:35:10.000000000,100019,258,99967,158,100050,258,99959,158,100056,158,99953,158,100063,158,99942,158,100084,158,99941,158,100099,100,99919,100,100102,100,99896,100,100104,100,99891,200,100106,100,99877,100,100108,200,99865,200
2019-06-28 09:35:11.074788535,100015,100,99967,158,100019,258,99959,158,100050,258,99953,158,100056,158,99942,158,100063,158,99941,158,100084,158,99919,100,100099,100,99896,100,100102,100,99891,200,100104,100,99877,100,100106,100,99865,200
2019-06-28 09:35:20.000000000,100015,158,99967,158,100019,258,99959,158,100050,258,99953,158,100056,158,99942,158,100063,158,99941,158,100084,100,99919,100,100099,100,99896,100,100102,100,99891,200,100104,100,99877,100,100106,100,99865,200
2019-06-28 09:35:29.373121246,100015,158,99967,158,100019,258,99959,158,100050,258,99953,158,100056,158,99942,158,100063,158,99941,158,100084,100,99919,100,100099,100,99896,100,100102,100,99891,200,100104,100,99877,100,100106,100,99865,200
2019-06-28 09:35:30.000000000,100015,392,99967,392,100019,200,99959,100,100050,200,99953,100,100056,100,99942,100,100063,100,99941,100,100084,100,99919,100,100099,100,99896,100,100102,100,99891,200,100104,100,99877,100,100106,100,99865,200
2019-06-28 09:35:35.262053621,100015,392,99967,392,100019,200,99959,100,100050,200,99953,100,100056,100,99942,100,100063,100,99919,100,100084,100,99896,100,100099,100,99891,200,100102,100,99877,100,100104,100,99865,200,100106,100,99825,100
2019-06-28 09:35:40.000000000,100015,199,99967,199,100019,296,99959,196,100050,296,99953,196,100056,100,99942,100,100063,100,99919,100,100084,100,99896,100,100099,100,99891,200,100102,100,99877,100,100104,100,99865,200,100106,100,99825,100
2019-06-28 09:35:50.000000000,100015,173,99967,173,100019,273,99959,173,100050,273,99953,173,100056,173,99942,173,100063,100,99919,100,100084,100,99896,100,100099,100,99891,200,100102,100,99877,100,100104,100,99865,200,100106,100,99825,100
2019-06-28 09:36:00.000000000,100015,173,99967,173,100019,273,99959,173,100050,273,99953,173,100056,173,99942,173,100063,100,99919,100,100084,100,99896,100,100099,100,99891,200,100102,100,99877,100,100104,100,99865,200,100106,100,99825,100
2019-06-28 09:36:03.607602714,100015,173,99967,73,100019,273,99959,173,100050,273,99953,173,100056,173,99942,173,100063,100,99919,100,100084,100,99896,100,100099,100,99891,200,100102,100,99877,100,100104,100,99865,200,100106,100,99825,100
2019-06-28 09:36:10.000000000,100015,173,99959,173,100019,273,99953,173,100050,273,99942,173,100056,173,99919,173,100063,100,99896,100,100084,100,99891,200,100099,100,99877,100,100102,100,99865,200,100104,100,99825,100,100106,100,99822,100
2019-06-28 09:36:12.317817702,100015,173,99959,73,100019,273,99953,173,100050,273,99942,173,100056,173,99919,173,100063,100,99896,100,100084,100,99891,200,100099,100,99877,100,100102,100,99865,200,100104,100,99825,100,100106,100,99822,100
2019-06-28 09:36:20.000000000,100015,392,99953,392,100019,200,99942,100,100050,200,99919,100,100056,100,99896,100,100063,100,99891,200,100084,100,99877,100,100099,100,99865,200,100102,100,99825,100,100104,100,99822,100,100106,100,99610,100
2019-06-28 09:36:22.099396853,100015,392,99953,392,100019,200,99942,100,100050,200,99919,100,100056,100,99896,100,100063,100,99891,100,100084,100,99877,100,100099,100,99865,200,100102,100,99825,100,100104,100,99822,100,100106,100,99610,100
2019-06-28 09:36:30.000000000,100015,158,99953,158,100019,258,99942,158,100050,258,99919,158,100056,158,99896,158,100063,158,99891,158,100084,100,99877,100,100099,100,99865,200,100102,100,99825,100,100104,100,99822,100,100106,100,99610,100
2019-06-28 09:36:37.343355827,100015,158,99953,58,100019,258,99942,158,100050,258,99919,158,100056,158,99896,158,100063,158,99891,158,100084,100,99877,100,100099,100,99865,200,100102,100,99825,100,100104,100,99822,100,100106,100,99610,100
2019-06-28 09:36:40.000000000,100015,158,99942,158,100019,258,99919,158,100050,258,99896,158,100056,158,99891,158,100063,158,99877,158,100084,100,99865,200,100099,100,99825,100,100102,100,99822,100,100104,100,99610,100,100106,100,99571,100
2019-06-28 09:36:50.000000000,100015,173,99942,173,100019,273,99919,173,100050,273,99896,173,100056,173,99891,173,100063,100,99877,100,100084,100,99865,200,100099,100,99825,100,100102,100,99822,100,100104,100,99610,100,100106,100,99571,100
2019-06-28 09:37:00.000000000,100015,392,99942,392,100019,200,99919,100,100050,200,99896,100,100056,100,99891,100,100063,100,99877,100,100084,100,99865,200,100099,100,99825,100,100102,100,99822,100,100104,100,99610,100,100106,100,99571,100
2019-06-28 09:37:10.000000000,100015,199,99942,199,100019,296,99919,196,100050,296,99896,196,100056,100,99891,100,100063,100,99877,100,100084,100,99865,200,100099,100,99825,100,100102,100,99822,100,100104,100,99610,100,100106,100,99571,100
2019-06-28 09:37:20.000000000,100015,199,99942,199,100019,296,99919,196,100050,296,99896,196,100056,100,99891,100,100063,100,99877,100,100084,100,99865,200,100099,100,99825,100,100102,100,99822,100,100104,100,99610,100,100106,100,99571,100
2019-06-28 09:37:30.000000000,100015,392,99942,392,100019,200,99919,100,100050,200,99896,100,100056,100,99891,100,100063,100,99877,100,100084,100,99865,200,100099,100,99825,100,100102,100,99822,100,100104,100,99610,100,100106,100,99571,100
2019-06-28 09:37:40.000000000,100015,199,99942,199,100019,296,99919,196,100050,296,99896,196,100056,100,99891,100,100063,100,99877,100,100084,100,99865,200,100099,100,99825,100,100102,100,99822,100,100104,100,99610,100,100106,100,99571,100
2019-06-28 09:37:50.000000000,100015,392,99942,392,100019,200,99919,100,100050,200,99896,100,100056,100,99891,100,100063,100,99877,100,100084,100,99865,200,100099,100,99825,100,100102,100,99822,100,100104,100,99610,100,100106,100,99571,100
2019-06-28 09:38:00.000000000,100015,173,99942,173,100019,273,99919,173,100050,273,99896,173,100056,173,99891,173,100063,100,99877,100,100084,100,99865,200,100099,100,99825,100,100102,100,99822,100,100104,100,99610,100,100106,100,99571,100
2019-06-28 09:38:10.000000000,100015,392,99942,392,100019,200,99919,100,100050,200,99896,100,100056,100,99891,100,100063,100,99877,100,100084,100,99865,200,100099,100,99825,100,100102,100,99822,100,100104,100,99610,100,100106,100,99571,100
2019-06-28 09:38:20.000000000,100015,158,99942,158,100019,258,99919,158,100050,258,99896,158,100056,158,99891,158,100063,158,99877,158,100084,100,99865,200,100099,100,99825,100,100102,100,99822,100,100104,100,99610,100,100106,100,99571,100
2019-06-28 09:38:25.687647088,100015,158,99942,158,100019,258,99919,158,100050,258,99896,158,100056,158,99891,158,100063,158,99877,58,100084,100,99865,200,100099,100,99825,100,100102,100,99822,100,100104,100,99610,100,100106,100,99571,100
2019-06-28 09:38:30.000000000,100015,158,99942,158,100019,258,99919,158,100050,258,99896,158,100056,158,99891,158,100063,158,99865,258,100084,100,99825,100,100099,100,99822,100,100102,100,99610,100,100104,100,99571,100,100106,100,99406,100
2019-06-28 09:38:35.591303792,100015,158,99942,58,100019,258,99919,158,100050,258,99896,158,100056,158,99891,158,100063,158,99865,258,100084,100,99822,100,100099,100,99610,100,100102,100,99571,100,100104,100,99406,100,100106,100,99368,100
2019-06-28 09:38:40.000000000,100015,246,99919,246,100019,346,99896,246,100050,200,99891,100,100056,100,99865,200,100063,100,99822,100,100084,100,99610,100,100099,100,99571,100,100102,100,99406,100,100104,100,99368,100,100106,100,99341,100
2019-06-28 09:38:50.000000000,100015,246,99919,246,100019,346,99896,246,100050,200,99891,100,100056,100,99865,200,100063,100,99822,100,100084,100,99610,100,100099,100,99571,100,100102,100,99406,100,100104,100,99368,100,100106,100,99341,100
2019-06-28 09:39:00.000000000,100015,173,99919,173,100019,273,99896,173,100050,273,99891,173,100056,173,99865,273,100063,100,99822,100,100084,100,99610,100,100099,100,99571,100,100102,100,99406,100,100104,100,99368,100,100106,100,99341,100
2019-06-28 09:39:05.039344253,100015,173,99919,73,100019,273,99896,173,100050,273,99891,173,100056,173,99865,273,100063,100,99822,100,100084,100,99610,100,100099,100,99571,100,100102,100,99406,100,100104,100,99368,100,100106,100,99341,100
2019-06-28 09:39:05.492913104,99919,27,99896,173,100015,173,99891,173,100019,273,99865,273,100050,273,99610,100,100056,173,99571,100,100063,100,99406,100,100084,100,99368,100,100099,100,99341,100,100102,100,,,100104,100,,
2019-06-28 09:39:10.000000000,99919,100,99896,173,100015,173,99891,173,100019,273,99865,273,100050,273,99610,173,100056,100,99571,100,100063,100,99406,100,100084,100,99368,100,100099,100,99341,100,100102,100,,,100104,100,,
2019-06-28 09:39:11.897784416,99919,100,99896,173,100015,173,99891,173,100019,273,99865,273,100050,273,99610,173,100056,100,99571,100,100063,100,99406,100,100099,100,99368,100,100102,100,99341,100,100104,100,98814,100,100106,100,,
2019-06-28 09:39:18.491347285,99919,200,99896,173,100015,173,99891,173,100019,273,99865,273,100050,273,99610,173,100056,100,99571,100,100063,100,99406,100,100099,100,99368,100,100102,100,99341,100,100104,100,98814,100,100106,100,,
2019-06-28 09:39:20.000000000,99919,200,99896,173,100015,173,99891,173,100019,273,99865,273,100050,273,99610,173,100056,100,99571,100,100063,100,99406,100,100099,100,99368,100,100102,100,99341,100,100104,100,98814,100,100106,100,,
2019-06-28 09:39:30.000000000,99919,273,99896,246,100015,246,99891,246,100019,200,99865,200,100050,200,99610,100,100056,100,99571,100,100063,100,99406,100,100099,100,99368,100,100102,100,99341,100,100104,100,98814,100,100106,100,,
2019-06-28 09:39:32.216079996,99919,273,99896,246,100015,246,99891,246,100019,200,99865,200,100050,200,99610,100,100056,100,99571,100,100063,100,99406,100,100099,100,99368,100,100102,100,99341,100,100104,100,98814,100,100106,100,98768,100
2019-06-28 09:39:40.000000000,99919,226,99896,199,100015,196,99891,196,100019,296,99865,296,100050,200,99610,100,100056,100,99571,100,100063,100,99406,100,100099,100,99368,100,100102,100,99341,100,100104,100,98814,100,100106,100,98768,100
2019-06-28 09:39:47.354387173,99919,226,99896,99,100015,196,99891,196,100019,296,99865,296,100050,200,99610,100,100056,100,99571,100,100063,100,99406,100,100099,100,99368,100,100102,100,99341,100,100104,100,98814,100,100106,100,98768,100
2019-06-28 09:39:50.000000000,99919,419,99891,392,100015,100,99865,200,100019,200,99610,100,100050,200,99571,100,100056,100,99406,100,100063,100,99368,100,100099,100,99341,100,100102,100,98814,100,100104,100,98768,100,100106,100,,
2019-06-28 09:39:56.379598914,99919,419,99891,292,100015,100,99865,200,100019,200,99610,100,100050,200,99571,100,100056,100,99406,100,100063,100,99368,100,100099,100,99341,100,100102,100,98814,100,100104,100,98768,100,100106,100,,
2019-06-28 09:40:00.000000000,99919,185,99865,258,100015,158,99610,158,100019,258,99571,158,100050,258,99406,158,100056,158,99368,158,100063,100,99341,100,100099,100,98814,100,100102,100,98768,100,100104,100,,,100106,100,,
2019-06-28 09:40:05.041796980,99919,185,99865,258,100015,158,99610,158,100019,258,99571,158,100050,258,99406,158,100056,158,99368,158,100063,100,99341,100,100099,100,98934,100,100102,100,98814,100,100104,100,98768,100,100106,100,,
2019-06-28 09:40:08.361410634,99919,185,99865,258,100015,158,99610,158,100019,258,99571,158,100050,258,99406,158,100056,158,99368,158,100063,100,99341,100,100099,100,99152,100,100102,100,98934,100,100104,100,98814,100,100106,100,98768,100
2019-06-28 09:40:10.000000000,99919,185,99865,258,100015,158,99610,158,100019,258,99571,158,100050,258,99406,158,100056,158,99368,158,100063,100,99341,100,100099,100,99152,100,100102,100,98934,100,100104,100,98814,100,100106,100,98768,100
2019-06-28 09:40:20.000000000,99919,419,99865,492,100015,100,99610,100,100019,200,99571,100,100050,200,99406,100,100056,100,99368,100,100063,100,99341,100,100099,100,99152,100,100102,100,98934,100,100104,100,98814,100,100106,100,98768,100
2019-06-28 09:40:30.000000000,99919,226,99865,299,100015,196,99610,196,100019,296,99571,196,100050,200,99406,100,100056,100,99368,100,100063,100,99341,100,100099,100,99152,100,100102,100,98934,100,100104,100,98814,100,100106,100,98768,100
2019-06-28 09:40:37.105247398,99919,226,99865,199,100015,196,99610,196,100019,296,99571,196,100050,200,99406,100,100056,100,99368,100,100063,100,99341,100,100099,100,99152,100,100102,100,98934,100,100104,100,98814,100,100106,100,98768,100
2019-06-28 09:40:40.000000000,99919,185,99865,158,100015,158,99610,158,100019,258,99571,158,100050,258,99406,158,100056,158,99368,158,100063,100,99341,100,100099,100,99152,100,100102,100,98934,100,100104,100,98814,100,100106,100,98768,100
2019-06-28 09:40:43.665787219,99919,185,99865,158,100015,158,99610,158,100019,258,99571,158,100050,258,99408,100,100056,158,99406,158,100063,100,99368,158,100099,100,99341,100,100102,100,99152,100,100104,100,98934,100,100106,100,98814,100
2019-06-28 09:40:44.791918951,99919,185,99865,158,100015,158,99610,158,100019,258,99571,158,100050,258,99408,100,100056,158,99406,158,100063,100,99368,158,100099,100,99341,100,100102,100,99254,100,100104,100,99152,100,100106,100,98934,100
2019-06-28 09:40:47.484361771,99919,185,99865,58,100015,158,99610,158,100019,258,99571,158,100050,258,99408,100,100056,158,99406,158,100063,100,99368,158,100099,100,99341,100,100102,100,99254,100,100104,100,99152,100,100106,100,98934,100
2019-06-28 09:40:50.000000000,99919,419,99610,392,100015,100,99571,100,100019,200,99408,100,100050,200,99406,100,100056,100,99368,100,100063,100,99341,100,100099,100,99254,100,100102,100,99152,100,100104,100,98934,100,100106,100,98814,100
2019-06-28 09:40:59.251345277,99919,419,99610,292,100015,100,99571,100,100019,200,99408,100,100050,200,99406,100,100056,100,99368,100,100063,100,99341,100,100099,100,99254,100,100102,100,99152,100,100104,100,98934,100,100106,100,98814,100
2019-06-28 09:41:00.000000000,99919,419,99571,392,100015,100,99408,100,100019,200,99406,100,100050,200,99368,100,100056,100,99341,100,100063,100,99254,100,100099,100,99152,100,100102,100,98934,100,100104,100,98814,100,100106,100,98768,100
2019-06-28 09:41:01.546260699,99919,419,99604,100,100015,100,99571,392,100019,200,99408,100,100050,200,99406,100,100056,100,99368,100,100063,100,99341,100,100099,100,99254,100,100102,100,99152,100,100104,100,98934,100,100106,100,98814,100
2019-06-28 09:41:10.000000000,99919,185,99604,158,100015,158,99571,158,100019,258,99408,158,100050,258,99406,158,100056,158,99368,158,100063,100,99341,100,100099,100,99254,100,100102,100,99152,100,100104,100,98934,100,100106,100,98814,100
2019-06-28 09:41:16.134741820,99919,185,99604,58,100015,158,99571,158,100019,258,99408,158,100050,258,99406,158,100056,158,99368,158,100063,100,99341,100,100099,100,99254,100,100102,100,99152,100,100104,100,98934,100,100106,100,98814,100
2019-06-28 09:41:20.000000000,99919,185,99571,158,100015,158,99408,158,100019,258,99406,158,100050,258,99368,158,100056,158,99341,158,100063,100,99254,100,100099,100,99152,100,100102,100,98934,100,100104,100,98814,100,100106,100,98768,100
2019-06-28 09:41:30.000000000,99919,419,99571,392,100015,100,99408,100,100019,200,99406,100,100050,200,99368,100,100056,100,99341,100,100063,100,99254,100,100099,100,99152,100,100102,100,98934,100,100104,100,98814,100,100106,100,98768,100
2019-06-28 09:41:33.681478032,99919,392,99571,392,100015,100,99408,100,100019,200,99406,100,100050,200,99368,100,100056,100,99367,100,100063,100,99341,100,100099,100,99254,100,100102,100,99152,100,100104,100,98934,100,100106,100,98814,100
2019-06-28 09:41:40.000000000,99919,246,99571,246,100015,246,99408,246,100019,200,99406,100,100050,200,99368,100,100056,100,99367,100,100063,100,99341,100,100099,100,99254,100,100102,100,99152,100,100104,100,98934,100,100106,100,98814,100
2019-06-28 09:41:50.000000000,99919,158,99571,158,100015,158,99408,158,100019,258,99406,158,100050,258,99368,158,100056,158,99367,158,100063,100,99341,100,100099,100,99254,100,100102,100,99152,100,100104,100,98934,100,100106,100,98814,100
2019-06-28 09:41:52.697731138,99789,100,99571,158,99919,158,99408,158,100015,158,99406,158,100019,258,99368,158,100050,258,99367,158,100056,158,99341,100,100063,100,99254,100,100099,100,99152,100,100102,100,98934,100,100104,100,98814,100
2019-06-28 09:42:00.000000000,99789,158,99571,158,99919,158,99408,158,100015,158,99406,158,100019,258,99368,158,100050,258,99367,158,100056,100,99341,100,100063,100,99254,100,100099,100,99152,100,100102,100,98934,100,100104,100,98814,100
2019-06-28 09:42:05.110307604,99789,158,99595,100,99919,158,99571,158,100015,158,99408,158,100019,258,99406,158,100050,258,99368,158,100056,100,99367,158,100063,100,99341,100,100099,100,99254,100,100102,100,99152,100,100104,100,98934,100
2019-06-28 09:42:06.795919988,99709,100,99595,100,99789,158,99571,158,99919,158,99408,158,100015,158,99406,158,100019,258,99368,158,100050,258,99367,158,100056,100,99341,100,100063,100,99254,100,100099,100,98934,100,100102,100,98814,100
2019-06-28 09:42:10.000000000,99709,199,99595,199,99789,196,99571,196,99919,196,99408,196,100015,100,99406,100,100019,200,99368,100,100050,200,99367,100,100056,100,99341,100,100063,100,99254,100,100099,100,98934,100,100102,100,98814,100
2019-06-28 09:42:20.000000000,99709,246,99595,246,99789,246,99571,246,99919,100,99408,100,100015,100,99406,100,100019,200,99368,100,100050,200,99367,100,100056,100,99341,100,100063,100,99254,100,100099,100,98934,100,100102,100,98814,100
2019-06-28 09:42:30.000000000,99709,199,99595,199,99789,196,99571,196,99919,196,99408,196,100015,100,99406,100,100019,200,99368,100,100050,200,99367,100,100056,100,99341,100,100063,100,99254,100,100099,100,98934,100,100102,100,98814,100
2019-06-28 09:42:30.197107215,99709,199,99595,199,99789,196,99571,196,99919,196,99408,196,99972,100,99406,100,100015,100,99368,100,100019,200,99367,100,100050,200,99341,100,100056,100,99254,100,100063,100,98934,100,100099,100,,
2019-06-28 09:42:36.935753160,99709,199,99595,199,99756,100,99571,196,99789,196,99408,196,99919,196,99406,100,99972,100,99368,100,100015,100,99367,100,100019,200,99341,100,100050,200,99254,100,100056,100,98934,100,100063,100,,
2019-06-28 09:42:40.000000000,99709,392,99595,392,99756,100,99571,100,99789,100,99408,100,99919,100,99406,100,99972,100,99368,100,100015,100,99367,100,100019,200,99341,100,100050,200,99254,100,100056,100,98934,100,100063,100,,
2019-06-28 09:42:41.461037808,99709,392,99611,100,99756,100,99595,392,99789,100,99571,100,99972,100,99408,100,100015,100,99406,100,100019,200,99368,100,100050,200,99367,100,100056,100,99341,100,100063,100,99254,100,100099,100,98934,100
2019-06-28 09:42:50.000000000,99709,173,99611,173,99756,173,99595,173,99789,173,99571,173,99972,173,99408,173,100015,100,99406,100,100019,200,99368,100,100050,200,99367,100,100056,100,99341,100,100063,100,99254,100,100099,100,98934,100
2019-06-28 09:43:00.000000000,99709,173,99611,173,99756,173,99595,173,99789,173,99571,173,99972,173,99408,173,100015,100,99406,100,100019,200,99368,100,100050,200,99367,100,100056,100,99341,100,100063,100,99254,100,100099,100,98934,100
2019-06-28 09:43:10.000000000,99709,158,99611,158,99756,158,99595,158,99789,158,99571,158,99972,158,99408,158,100015,158,99406,158,100019,200,99368,100,100050,200,99367,100,100056,100,99341,100,100063,100,99254,100,100099,100,98934,100
2019-06-28 09:43:18.034474022,99709,158,99624,100,99756,158,99611,158,99789,158,99595,158,99972,158,99571,158,100015,158,99408,158,100019,200,99406,158,100050,200,99368,100,100056,100,99367,100,100063,100,99341,100,100099,100,99254,100
2019-06-28 09:43:20.000000000,99709,246,99624,246,99756,246,99611,246,99789,100,99595,100,99972,100,99571,100,100015,100,99408,100,100019,200,99406,100,100050,200,99368,100,100056,100,99367,100,100063,100,99341,100,100099,100,99254,100
2019-06-28 09:43:26.305346511,99709,246,99624,246,99756,246,99611,246,99789,100,99595,100,99972,100,99571,100,100015,100,99408,100,100019,200,99406,100,100050,200,99368,100,100056,100,99367,100,100063,100,99341,100,100099,100,98934,100
2019-06-28 09:43:30.000000000,99709,158,99624,158,99756,158,99611,158,99789,158,99595,158,99972,158,99571,158,100015,158,99408,158,100019,200,99406,100,100050,200,99368,100,100056,100,99367,100,100063,100,99341,100,100099,100,98934,100
2019-06-28 09:43:36.046042297,99709,158,99624,158,99756,158,99611,158,99789,58,99595,158,99972,158,99571,158,100015,158,99408,158,100019,200,99406,100,100050,200,99368,100,100056,100,99367,100,100063,100,99341,100,100099,100,98934,100
2019-06-28 09:43:40.000000000,99709,158,99624,158,99756,158,99611,158,99972,158,99595,158,100015,158,99571,158,100019,258,99408,158,100050,200,99406,100,100056,100,99368,100,100063,100,99367,100,100099,100,99341,100,100102,100,98934,100
2019-06-28 09:43:50.000000000,99709,246,99624,246,99756,246,99611,246,99972,100,99595,100,100015,100,99571,100,100019,200,99408,100,100050,200,99406,100,100056,100,99368,100,100063,100,99367,100,100099,100,99341,100,100102,100,98934,100
2019-06-28 09:43:50.924076870,99709,246,99624,246,99756,246,99611,246,99810,100,99595,100,99972,100,99571,100,100015,100,99408,100,100019,200,99406,100,100050,200,99368,100,100056,100,99367,100,100063,100,99341,100,100099,100,98934,100
2019-06-28 09:44:00.000000000,99709,392,99624,392,99756,100,99611,100,99810,100,99595,100,99972,100,99571,100,100015,100,99408,100,100019,200,99406,100,100050,200,99368,100,100056,100,99367,100,100063,100,99341,100,100099,100,98934,100
2019-06-28 09:44:08.436112363,99709,392,99624,392,99756,100,99611,100,99810,100,99595,100,99863,100,99571,100,99972,100,99408,100,100015,100,99406,100,100019,200,99368,100,100050,200,99367,100,100056,100,99341,100,100063,100,98934,100
2019-06-28 09:44:10.000000000,99709,246,99624,246,99756,246,99611,246,99810,100,99595,100,99863,100,99571,100,99972,100,99408,100,100015,100,99406,100,100019,200,99368,100,100050,200,99367,100,100056,100,99341,100,100063,100,98934,100
2019-06-28 09:44:20.000000000,99709,199,99624,199,99756,196,99611,196,99810,196,99595,196,99863,100,99571,100,99972,100,99408,100,100015,100,99406,100,100019,200,99368,100,100050,200,99367,100,100056,100,99341,100,100063,100,98934,100
2019-06-28 09:44:22.393027080,99709,99,99624,199,99756,196,99611,196,99810,196,99595,196,99863,100,99571,100,99972,100,99408,100,100015,100,99406,100,100019,200,99368,100,100050,200,99367,100,100056,100,99341,100,100063,100,98934,100
2019-06-28 09:44:24.173643115,99709,99,99624,99,99756,196,99611,196,99810,196,99595,96,99863,100,99571,100,99972,100,99408,100,100015,100,99406,100,100019,200,99368,100,100050,200,99367,100,100056,100,99341,100,100063,100,98934,100
2019-06-28 09:44:24.397700588,99624,1,99611,196,99709,99,99595,96,99756,196,99571,100,99810,196,99408,100,99863,100,99406,100,99972,100,99368,100,100015,100,99341,100,100019,200,98934,100,100050,200,,,100056,100,,
2019-06-28 09:44:30.000000000,99624,293,99611,392,99756,100,99571,100,99810,100,99408,100,99863,100,99406,100,99972,100,99368,100,100015,100,99341,100,100019,200,98934,100,100050,200,,,100056,100,,,100063,100,,
2019-06-28 09:44:30.100965657,99624,193,99611,392,99810,100,99571,100,99863,100,99408,100,99972,100,99406,100,100015,100,99368,100,100019,200,99341,100,100050,200,98934,100,100056,100,,,100063,100,,,100099,100,,
2019-06-28 09:44:40.000000000,99810,246,99611,246,99863,246,99571,246,99972,100,99408,100,100015,100,99406,100,100019,200,99368,100,100050,200,99341,100,100056,100,98934,100,100063,100,,,100099,100,,,100102,100,,
2019-06-28 09:44:50.000000000,99810,158,99611,158,99863,158,99571,158,99972,158,99408,158,100015,158,99406,158,100019,258,99368,158,100050,200,99341,100,100056,100,98934,100,100063,100,,,100099,100,,,100102,100,,
2019-06-28 09:45:00.000000000,99810,246,99611,246,99863,246,99571,246,99972,100,99408,100,100015,100,99406,100,100019,200,99368,100,100050,200,99341,100,100056,100,98934,100,100063,100,,,100099,100,,,100102,100,,
2019-06-28 09:45:10.000000000,99810,199,99611,199,99863,196,99571,196,99972,196,99408,196,100015,100,99406,100,100019,200,99368,100,100050,200,99341,100,100056,100,98934,100,100063,100,,,100099,100,,,100102,100,,
2019-06-28 09:45:20.000000000,99810,173,99611,173,99863,173,99571,173,99972,173,99408,173,100015,173,99406,173,100019,200,99368,100,100050,200,99341,100,100056,100,98934,100,100063,100,,,100099,100,,,100102,100,,
2019-06-28 09:45:30.000000000,99810,199,99611,199,99863,196,99571,196,99972,196,99408,196,100015,100,99406,100,100019,200,99368,100,100050,200,99341,100,100056,100,98934,100,100063,100,,,100099,100,,,100102,100,,
2019-06-28 09:45:40.000000000,99810,246,99611,246,99863,246,99571,246,99972,100,99408,100,100015,100,99406,100,100019,200,99368,100,100050,200,99341,100,100056,100,98934,100,100063,100,,,100099,100,,,100102,100,,
2019-06-28 09:45:41.470837782,99639,100,99611,246,99810,246,99571,246,99863,246,99408,100,99972,100,99406,100,100015,100,99368,100,100019,200,99341,100,100050,200,98934,100,100056,100,,,100063,100,,,100099,100,,
2019-06-28 09:45:50.000000000,99639,392,99611,392,99810,100,99571,100,99863,100,99408,100,99972,100,99406,100,100015,100,99368,100,100019,200,99341,100,100050,200,98934,100,100056,100,,,100063,100,,,100099,100,,
2019-06-28 09:46:00.000000000,99639,199,99611,199,99810,196,99571,196,99863,196,99408,196,99972,100,99406,100,100015,100,99368,100,100019,200,99341,100,100050,200,98934,100,100056,100,,,100063,100,,,100099,100,,
2019-06-28 09:46:10.000000000,99639,246,99611,246,99810,246,99571,246,99863,100,99408,100,99972,100,99406,100,100015,100,99368,100,100019,200,99341,100,100050,200,98934,100,100056,100,,,100063,100,,,100099,100,,
2019-06-28 09:46:20.000000000,99639,392,99611,392,99810,100,99571,100,99863,100,99408,100,99972,100,99406,100,100015,100,99368,100,100019,200,99341,100,100050,200,98934,100,100056,100,,,100063,100,,,100099,100,,
2019-06-28 09:46:22.123329509,99639,292,99611,392,99810,100,99571,100,99863,100,99408,100,99972,100,99406,100,100015,100,99368,100,100019,200,99341,100,100050,200,98934,100,100056,100,,,100063,100,,,100099,100,,
2019-06-28 09:46:30.000000000,99810,392,99611,392,99863,100,99571,100,99972,100,99408,100,100015,100,99406,100,100019,200,99368,100,100050,200,99341,100,100056,100,98934,100,100063,100,,,100099,100,,,100102,100,,
2019-06-28 09:46:31.746737490,99810,292,99611,392,99863,100,99571,100,99972,100,99408,100,100015,100,99406,100,100019,200,99368,100,100050,200,99341,100,100056,100,98934,100,100063,100,,,100099,100,,,100102,100,,
2019-06-28 09:46:36.146053221,99810,192,99611,392,99863,100,99571,100,99972,100,99408,100,100015,100,99406,100,100019,200,99368,100,100050,200,99341,100,100056,100,98934,100,100063,100,,,100099,100,,,100102,100,,
2019-06-28 09:46:40.000000000,99863,392,99611,392,99972,100,99571,100,100015,100,99408,100,100019,200,99406,100,100050,200,99368,100,100056,100,99341,100,100063,100,98934,100,100099,100,,,100102,100,,,100104,100,,
2019-06-28 09:46:46.074162202,99863,292,99611,392,99972,100,99571,100,100015,100,99408,100,100019,200,99406,100,100050,200,99368,100,100056,100,99341,100,100063,100,98934,100,100099,100,,,100102,100,,,100104,100,,
2019-06-28 09:46:50.000000000,99972,392,99611,392,100015,100,99571,100,100019,200,99408,100,100050,200,99406,100,100056,100,99368,100,100063,100,99341,100,100099,100,98934,100,100102,100,,,100104,100,,,100111,100,,
2019-06-28 09:47:00.000000000,99972,246,99611,246,100015,246,99571,246,100019,200,99408,100,100050,200,99406,100,100056,100,99368,100,100063,100,99341,100,100099,100,98934,100,100102,100,,,100104,100,,,100111,100,,
2019-06-28 09:47:10.000000000,99972,246,99611,246,100015,246,99571,246,100019,200,99408,100,100050,200,99406,100,100056,100,99368,100,100063,100,99341,100,100099,100,98934,100,100102,100,,,100104,100,,,100111,100,,
2019-06-28 09:47:20.000000000,99972,173,99611,173,100015,173,99571,173,100019,273,99408,173,100050,273,99406,173,100056,100,99368,100,100063,100,99341,100,100099,100,98934,100,100102,100,,,100104,100,,,100111,100,,
2019-06-28 09:47:25.874071834,99972,173,99611,173,100015,73,99571,173,100019,273,99408,173,100050,273,99406,173,100056,100,99368,100,100063,100,99341,100,100099,100,98934,100,100102,100,,,100104,100,,,100111,100,,
2019-06-28 09:47:30.000000000,99972,246,99611,246,100019,346,99571,246,100050,200,99408,100,100056,100,99406,100,100063,100,99368,100,100099,100,99341,100,100102,100,98934,100,100104,100,,,100111,100,,,100114,100,,
2019-06-28 09:47:40.000000000,99972,173,99611,173,100019,273,99571,173,100050,273,99408,173,100056,173,99406,173,100063,100,99368,100,100099,100,99341,100,100102,100,98934,100,100104,100,,,100111,100,,,100114,100,,
2019-06-28 09:47:45.091258223,99972,173,99611,73,100019,273,99571,173,100050,273,99408,173,100056,173,99406,173,100063,100,99368,100,100099,100,99341,100,100102,100,98934,100,100104,100,,,100111,100,,,100114,100,,
2019-06-28 09:47:48.810125361,99972,173,99611,73,100019,273,99571,173,100050,273,99408,173,100056,173,99406,173,100063,100,99368,100,100099,100,99341,100,100102,100,98934,100,100111,100,98660,100,100114,100,,,100122,100,,
2019-06-28 09:47:49.021786489,99972,173,99611,73,100019,273,99571,173,100050,273,99408,173,100056,173,99406,173,100063,100,99341,100,100099,100,98934,100,100102,100,98683,100,100111,100,98660,100,100114,100,,,100122,100,,
2019-06-28 09:47:49.773973157,99862,100,99611,73,99972,173,99571,173,100019,273,99408,173,100050,273,99406,173,100056,173,99341,100,100063,100,98934,100,100099,100,98683,100,100102,100,98660,100,100111,100,,,100114,100,,
2019-06-28 09:47:50.000000000,99862,199,99571,199,99972,196,99408,196,100019,296,99406,196,100050,200,99341,100,100056,100,98934,100,100063,100,98683,100,100099,100,98660,100,100102,100,,,100111,100,,,100114,100,,
2019-06-28 09:48:00.000000000,99862,199,99571,199,99972,196,99408,196,100019,296,99406,196,100050,200,99341,100,100056,100,98934,100,100063,100,98683,100,100099,100,98660,100,100102,100,,,100111,100,,,100114,100,,
2019-06-28 09:48:08.354461168,99862,199,99571,199,99972,196,99408,196,100019,296,99406,196,100050,200,99341,100,100056,100,98934,100,100063,100,98869,100,100099,100,98683,100,100102,100,98660,100,100111,100,,,100114,100,,
2019-06-28 09:48:10.000000000,99862,158,99571,158,99972,158,99408,158,100019,258,99406,158,100050,258,99341,158,100056,158,98934,158,100063,100,98869,100,100099,100,98683,100,100102,100,98660,100,100111,100,,,100114,100,,
2019-06-28 09:48:20.000000000,99862,199,99571,199,99972,196,99408,196,100019,296,99406,196,100050,200,99341,100,100056,100,98934,100,100063,100,98869,100,100099,100,98683,100,100102,100,98660,100,100111,100,,,100114,100,,
2019-06-28 09:48:27.757978981,99862,299,99571,199,99972,196,99408,196,100019,296,99406,196,100050,100,99341,100,100056,100,98934,100,100063,100,98869,100,100099,100,98683,100,100102,100,98660,100,100111,100,,,100114,100,,
2019-06-28 09:48:30.000000000,99862,346,99571,246,99972,246,99408,246,100019,200,99406,100,100050,100,99341,100,100056,100,98934,100,100063,100,98869,100,100099,100,98683,100,100102,100,98660,100,100111,100,,,100114,100,,
2019-06-28 09:48:32.489418843,99862,346,99571,246,99972,246,99408,246,100019,200,99406,100,100050,100,99341,100,100056,100,98934,100,100063,100,98913,100,100099,100,98869,100,100102,100,98683,100,100111,100,98660,100,100114,100,,
2019-06-28 09:48:40.000000000,99862,273,99571,173,99972,173,99408,173,100019,273,99406,173,100050,173,99341,173,100056,100,98934,100,100063,100,98913,100,100099,100,98869,100,100102,100,98683,100,100111,100,98660,100,100114,100,,
2019-06-28 09:48:48.928095249,99862,273,99571,173,99972,173,99408,173,100019,273,99406,173,100050,173,99341,173,100056,100,98934,100,100063,100,98916,100,100099,100,98913,100,100102,100,98869,100,100111,100,98683,100,100114,100,98660,100
2019-06-28 09:48:50.000000000,99862,492,99571,392,99972,100,99408,100,100019,200,99406,100,100050,100,99341,100,100056,100,98934,100,100063,100,98916,100,100099,100,98913,100,100102,100,98869,100,100111,100,98683,100,100114,100,98660,100
2019-06-28 09:48:53.980081961,99862,592,99571,392,99972,100,99408,100,100019,200,99406,100,100050,100,99341,100,100056,100,98934,100,100063,100,98916,100,100099,100,98913,100,100102,100,98869,100,100111,100,98683,100,100114,100,98660,100
2019-06-28 09:48:55.829593759,99862,592,99571,292,99972,100,99408,100,100019,200,99406,100,100050,100,99341,100,100056,100,98934,100,100063,100,98916,100,100099,100,98913,100,100102,100,98869,100,100111,100,98683,100,100114,100,98660,100
2019-06-28 09:49:00.000000000,99862,373,99408,173,99972,173,99406,173,100019,273,99341,173,100050,173,98934,173,100056,100,98916,100,100063,100,98913,100,100099,100,98869,100,100102,100,98683,100,100111,100,98660,100,100114,100,,
2019-06-28 09:49:10.000000000,99862,373,99408,173,99972,173,99406,173,100019,273,99341,173,100050,173,98934,173,100056,100,98916,100,100063,100,98913,100,100099,100,98869,100,100102,100,98683,100,100111,100,98660,100,100114,100,,
2019-06-28 09:49:20.000000000,99862,373,99408,173,99972,173,99406,173,100019,273,99341,173,100050,173,98934,173,100056,100,98916,100,100063,100,98913,100,100099,100,98869,100,100102,100,98683,100,100111,100,98660,100,100114,100,,
2019-06-28 09:49:23.363055744,99862,373,99408,173,99972,173,99406,173,100019,273,99341,173,100050,173,99047,100,100056,100,98934,173,100063,100,98916,100,100099,100,98913,100,100102,100,98869,100,100111,100,98683,100,100114,100,98660,100
2019-06-28 09:49:28.593189238,99611,100,99408,173,99862,373,99406,173,99972,173,99341,173,100019,273,99047,100,100050,173,98934,173,100056,100,98916,100,100063,100,98913,100,100099,100,98869,100,100102,100,98683,100,100111,100,98660,100
2019-06-28 09:49:30.000000000,99611,392,99408,392,99862,300,99406,100,99972,100,99341,100,100019,200,99047,100,100050,100,98934,100,100056,100,98916,100,100063,100,98913,100,100099,100,98869,100,100102,100,98683,100,100111,100,98660,100
2019-06-28 09:49:30.346569622,99611,392,99408,292,99862,300,99406,100,99972,100,99341,100,100019,200,99047,100,100050,100,98934,100,100056,100,98916,100,100063,100,98913,100,100099,100,98869,100,100102,100,98683,100,100111,100,98660,100
2019-06-28 09:49:39.247135745,99611,392,99408,292,99862,300,99406,100,99972,100,99341,100,100019,200,99336,100,100050,100,99047,100,100056,100,98934,100,100063,100,98916,100,100099,100,98913,100,100102,100,98869,100,100111,100,98683,100
2019-06-28 09:49:40.000000000,99611,199,99406,199,99862,396,99341,196,99972,196,99336,196,100019,200,99047,100,100050,100,98934,100,100056,100,98916,100,100063,100,98913,100,100099,100,98869,100,100102,100,98683,100,100111,100,98660,100
2019-06-28 09:49:42.952958646,99611,199,99406,199,99862,396,99341,196,99972,196,99336,196,100019,200,99047,100,100050,100,98934,100,100056,100,98916,100,100063,100,98913,100,100099,100,98895,100,100102,100,98869,100,100111,100,98683,100
2019-06-28 09:49:50.000000000,99611,246,99406,246,99862,446,99341,246,99972,100,99336,100,100019,200,99047,100,100050,100,98934,100,100056,100,98916,100,100063,100,98913,100,100099,100,98895,100,100102,100,98869,100,100111,100,98683,100
2019-06-28 09:50:00.000000000,99611,158,99406,158,99862,358,99341,158,99972,158,99336,158,100019,258,99047,158,100050,158,98934,158,100056,100,98916,100,100063,100,98913,100,100099,100,98895,100,100102,100,98869,100,100111,100,98683,100
2019-06-28 09:50:10.000000000,99611,246,99406,246,99862,446,99341,246,99972,100,99336,100,100019,200,99047,100,100050,100,98934,100,100056,100,98916,100,100063,100,98913,100,100099,100,98895,100,100102,100,98869,100,100111,100,98683,100
2019-06-28 09:50:10.811024974,99611,246,99406,146,99862,446,99341,246,99972,100,99336,100,100019,200,99047,100,100050,100,98934,100,100056,100,98913,100,100063,100,98895,100,100099,100,98869,100,100102,100,98683,100,100111,100,98660,100
2019-06-28 09:50:19.676672298,99408,100,99406,146,99611,246,99341,246,99862,446,99336,100,99972,100,99047,100,100019,200,98934,100,100050,100,98913,100,100056,100,98895,100,100063,100,98869,100,100099,100,98683,100,100102,100,98660,100
2019-06-28 09:50:20.000000000,99408,158,99341,158,99611,158,99336,158,99862,358,99047,158,99972,158,98934,158,100019,258,98913,158,100050,100,98895,100,100056,100,98869,100,100063,100,98683,100,100099,100,98660,100,100102,100,,
2019-06-28 09:50:30.000000000,99408,158,99341,158,99611,158,99336,158,99862,358,99047,158,99972,158,98934,158,100019,258,98913,158,100050,100,98895,100,100056,100,98869,100,100063,100,98683,100,100099,100,98660,100,100102,100,,
2019-06-28 09:50:34.851033142,99408,158,99341,58,99611,158,99336,158,99862,358,99047,158,99972,158,98934,158,100019,258,98913,158,100050,100,98895,100,100056,100,98869,100,100063,100,98683,100,100099,100,98660,100,100102,100,,
2019-06-28 09:50:40.000000000,99408,173,99336,173,99611,173,99047,173,99862,373,98934,173,99972,173,98913,173,100019,200,98895,100,100050,100,98869,100,100056,100,98683,100,100063,100,98660,100,100099,100,,,100102,100,,
2019-06-28 09:50:50.000000000,99408,173,99336,173,99611,173,99047,173,99862,373,98934,173,99972,173,98913,173,100019,200,98895,100,100050,100,98869,100,100056,100,98683,100,100063,100,98660,100,100099,100,,,100102,100,,
2019-06-28 09:50:52.095407078,99408,173,99336,173,99503,100,99047,173,99611,173,98934,173,99862,373,98913,173,99972,173,98895,100,100019,200,98869,100,100050,100,98683,100,100056,100,98660,100,100063,100,,,100099,100,,
2019-06-28 09:51:00.000000000,99408,246,99336,246,99503,246,99047,246,99611,100,98934,100,99862,300,98913,100,99972,100,98895,100,100019,200,98869,100,100050,100,98683,100,100056,100,98660,100,100063,100,,,100099,100,,
2019-06-28 09:51:00.920760015,99408,246,99407,100,99503,246,99336,246,99611,100,99047,246,99862,300,98934,100,99972,100,98913,100,100019,200,98895,100,100050,100,98869,100,100056,100,98683,100,100063,100,98660,100,100099,100,,
2019-06-28 09:51:10.000000000,99408,246,99407,246,99503,246,99336,246,99611,100,99047,100,99862,300,98934,100,99972,100,98913,100,100019,200,98895,100,100050,100,98869,100,100056,100,98683,100,100063,100,98660,100,100099,100,,
2019-06-28 09:51:10.398067902,99408,246,99407,146,99503,246,99336,246,99611,100,99047,100,99862,300,98934,100,99972,100,98913,100,100019,200,98895,100,100050,100,98869,100,100056,100,98683,100,100063,100,98660,100,100099,100,,
2019-06-28 09:51:20.000000000,99408,246,99336,246,99503,246,99047,246,99611,100,98934,100,99862,300,98913,100,99972,100,98895,100,100019,200,98869,100,100050,100,98683,100,100056,100,98660,100,100063,100,,,100099,100,,
2019-06-28 09:51:30.000000000,99408,246,99336,246,99503,246,99047,246,99611,100,98934,100,99862,300,98913,100,99972,100,98895,100,100019,200,98869,100,100050,100,98683,100,100056,100,98660,100,100063,100,,,100099,100,,
2019-06-28 09:51:40.000000000,99408,158,99336,158,99503,158,99047,158,99611,158,98934,158,99862,358,98913,158,99972,158,98895,158,100019,200,98869,100,100050,100,98683,100,100056,100,98660,100,100063,100,,,100099,100,,
2019-06-28 09:51:50.000000000,99408,199,99336,199,99503,196,99047,196,99611,196,98934,196,99862,300,98913,100,99972,100,98895,100,100019,200,98869,100,100050,100,98683,100,100056,100,98660,100,100063,100,,,100099,100,,
2019-06-28 09:52:00.000000000,99408,173,99336,173,99503,173,99047,173,99611,173,98934,173,99862,373,98913,173,99972,100,98895,100,100019,200,98869,100,100050,100,98683,100,100056,100,98660,100,100063,100,,,100099,100,,
2019-06-28 09:52:10.000000000,99408,199,99336,199,99503,196,99047,196,99611,196,98934,196,99862,300,98913,100,99972,100,98895,100,100019,200,98869,100,100050,100,98683,100,100056,100,98660,100,100063,100,,,100099,100,,
2019-06-28 09:52:11.027950503,99408,199,99336,99,99503,196,99047,196,99611,196,98934,196,99862,300,98913,100,99972,100,98895,100,100019,200,98869,100,100050,100,98683,100,100056,100,98660,100,100063,100,,,100099,100,,
2019-06-28 09:52:20.000000000,99408,158,99047,158,99503,158,98934,158,99611,158,98913,158,99862,358,98895,158,99972,158,98869,158,100019,200,98683,100,100050,100,98660,100,100056,100,,,100063,100,,,100099,100,,
2019-06-28 09:52:30.000000000,99408,392,99047,392,99503,100,98934,100,99611,100,98913,100,99862,300,98895,100,99972,100,98869,100,100019,200,98683,100,100050,100,98660,100,100056,100,,,100063,100,,,100099,100,,
2019-06-28 09:52:32.223094876,99407,100,99047,392,99408,392,98934,100,99503,100,98913,100,99611,100,98895,100,99862,300,98869,100,99972,100,98683,100,100019,200,98660,100,100050,100,,,100056,100,,,100063,100,,
2019-06-28 09:52:40.000000000,99407,158,99047,158,99408,158,98934,158,99503,158,98913,158,99611,158,98895,158,99862,358,98869,158,99972,100,98683,100,100019,200,98660,100,100050,100,,,100056,100,,,100063,100,,
2019-06-28 09:52:45.521562456,99407,258,99047,158,99408,158,98934,158,99503,158,98913,158,99611,158,98895,158,99862,358,98869,158,99972,100,98683,100,100019,200,98660,100,100050,100,,,100056,100,,,100063,100,,
2019-06-28 09:52:48.681660479,99407,358,99047,158,99408,158,98934,158,99503,158,98913,158,99611,158,98895,158,99862,358,98869,158,99972,100,98683,100,100019,200,98660,100,100050,100,,,100056,100,,,100063,100,,
2019-06-28 09:52:50.000000000,99407,399,99047,199,99408,196,98934,196,99503,196,98913,196,99611,100,98895,100,99862,300,98869,100,99972,100,98683,100,100019,200,98660,100,100050,100,,,100056,100,,,100063,100,,
2019-06-28 09:53:00.000000000,99407,373,99047,173,99408,173,98934,173,99503,173,98913,173,99611,173,98895,173,99862,300,98869,100,99972,100,98683,100,100019,200,98660,100,100050,100,,,100056,100,,,100063,100,,
2019-06-28 09:53:10.000000000,99407,592,99047,392,99408,100,98934,100,99503,100,98913,100,99611,100,98895,100,99862,300,98869,100,99972,100,98683,100,100019,200,98660,100,100050,100,,,100056,100,,,100063,100,,
2019-06-28 09:53:20.000000000,99407,358,99047,158,99408,158,98934,158,99503,158,98913,158,99611,158,98895,158,99862,358,98869,158,99972,100,98683,100,100019,200,98660,100,100050,100,,,100056,100,,,100063,100,,
2019-06-28 09:53:30.000000000,99407,399,99047,199,99408,196,98934,196,99503,196,98913,196,99611,100,98895,100,99862,300,98869,100,99972,100,98683,100,100019,200,98660,100,100050,100,,,100056,100,,,100063,100,,
2019-06-28 09:53:30.810947270,99407,399,99047,199,99408,196,98934,196,99503,196,98913,196,99611,100,98895,100,99862,300,98869,100,99972,100,98738,100,100019,200,98683,100,100050,100,98660,100,100056,100,,,100063,100,,
2019-06-28 09:53:40.000000000,99407,358,99047,158,99408,158,98934,158,99503,158,98913,158,99611,158,98895,158,99862,358,98869,158,99972,100,98738,100,100019,200,98683,100,100050,100,98660,100,100056,100,,,100063,100,,
2019-06-28 09:53:40.937940598,99407,358,99047,158,99408,158,98934,158,99503,158,98913,158,99611,158,98895,158,99862,358,98869,158,99972,100,98754,100,100019,200,98738,100,100050,100,98683,100,100056,100,98660,100,100063,100,,
2019-06-28 09:53:50.000000000,99407,399,99047,199,99408,196,98934,196,99503,196,98913,196,99611,100,98895,100,99862,300,98869,100,99972,100,98754,100,100019,200,98738,100,100050,100,98683,100,100056,100,98660,100,100063,100,,
2019-06-28 09:54:00.000000000,99407,592,99047,392,99408,100,98934,100,99503,100,98913,100,99611,100,98895,100,99862,300,98869,100,99972,100,98754,100,100019,200,98738,100,100050,100,98683,100,100056,100,98660,100,100063,100,,
2019-06-28 09:54:10.000000000,99407,399,99047,199,99408,196,98934,196,99503,196,98913,196,99611,100,98895,100,99862,300,98869,100,99972,100,98754,100,100019,200,98738,100,100050,100,98683,100,100056,100,98660,100,100063,100,,
2019-06-28 09:54:20.000000000,99407,399,99047,199,99408,196,98934,196,99503,196,98913,196,99611,100,98895,100,99862,300,98869,100,99972,100,98754,100,100019,200,98738,100,100050,100,98683,100,100056,100,98660,100,100063,100,,
2019-06-28 09:54:30.000000000,99407,358,99047,158,99408,158,98934,158,99503,158,98913,158,99611,158,98895,158,99862,358,98869,158,99972,100,98754,100,100019,200,98738,100,100050,100,98683,100,100056,100,98660,100,100063,100,,
2019-06-28 09:54:31.392644052,99407,358,99047,158,99408,158,98934,158,99503,158,98913,158,99611,158,98895,158,99862,358,98869,158,99972,100,98754,100,100019,200,98738,100,100050,100,98683,100,100056,100,98660,100,100063,100,98641,100
2019-06-28 09:54:40.000000000,99407,358,99047,158,99408,158,98934,158,99503,158,98913,158,99611,158,98895,158,99862,358,98869,158,99972,100,98754,100,100019,200,98738,100,100050,100,98683,100,100056,100,98660,100,100063,100,98641,100
2019-06-28 09:54:50.000000000,99407,399,99047,199,99408,196,98934,196,99503,196,98913,196,99611,100,98895,100,99862,300,98869,100,99972,100,98754,100,100019,200,98738,100,100050,100,98683,100,100056,100,98660,100,100063,100,98641,100
2019-06-28 09:55:00.000000000,99407,373,99047,173,99408,173,98934,173,99503,173,98913,173,99611,173,98895,173,99862,300,98869,100,99972,100,98754,100,100019,200,98738,100,100050,100,98683,100,100056,100,98660,100,100063,100,98641,100
2019-06-28 09:55:10.000000000,99407,399,99047,199,99408,196,98934,196,99503,196,98913,196,99611,100,98895,100,99862,300,98869,100,99972,100,98754,100,100019,200,98738,100,100050,100,98683,100,100056,100,98660,100,100063,100,98641,100
2019-06-28 09:55:14.108482365,99407,399,99047,199,99408,196,98934,196,99503,196,98913,196,99611,100,98895,100,99862,300,98869,100,99972,100,98754,100,100019,200,98738,100,100050,100,98722,100,100056,100,98683,100,100063,100,98660,100
2019-06-28 09:55:16.271622852,99407,399,99047,199,99408,196,98934,196,99503,196,98913,196,99611,100,98895,100,99862,300,98869,100,99972,100,98754,100,100019,200,98738,100,100050,100,98722,100,100056,100,98683,100,100063,100,98660,100
2019-06-28 09:55:20.000000000,99407,399,99047,199,99408,196,98934,196,99503,196,98913,196,99611,100,98895,100,99862,300,98869,100,99972,100,98754,100,100019,200,98738,100,100050,100,98722,100,100056,100,98683,100,100063,100,98660,100
2019-06-28 09:55:30.000000000,99407,446,99047,246,99408,246,98934,246,99503,100,98913,100,99611,100,98895,100,99862,300,98869,100,99972,100,98754,100,100019,200,98738,100,100050,100,98722,100,100056,100,98683,100,100063,100,98660,100
2019-06-28 09:55:30.894148720,99407,446,99047,246,99408,246,98934,246,99503,100,98913,100,99611,100,98895,100,99862,300,98869,100,99972,100,98754,100,100019,200,98739,100,100050,100,98738,100,100056,100,98683,100,100063,100,98660,100
2019-06-28 09:55:40.000000000,99407,373,99047,173,99408,173,98934,173,99503,173,98913,173,99611,173,98895,173,99862,300,98869,100,99972,100,98754,100,100019,200,98739,100,100050,100,98738,100,100056,100,98683,100,100063,100,98660,100
2019-06-28 09:55:50.000000000,99407,446,99047,246,99408,246,98934,246,99503,100,98913,100,99611,100,98895,100,99862,300,98869,100,99972,100,98754,100,100019,200,98739,100,100050,100,98738,100,100056,100,98683,100,100063,100,98660,100
2019-06-28 09:56:00.000000000,99407,592,99047,392,99408,100,98934,100,99503,100,98913,100,99611,100,98895,100,99862,300,98869,100,99972,100,98754,100,100019,200,98739,100,100050,100,98738,100,100056,100,98683,100,100063,100,98660,100
2019-06-28 09:56:03.644095809,99407,592,99047,292,99408,100,98934,100,99503,100,98913,100,99611,100,98895,100,99862,300,98869,100,99972,100,98754,100,100019,200,98739,100,100050,100,98738,100,100056,100,98683,100,100063,100,98660,100
2019-06-28 09:56:10.000000000,99407,358,98934,158,99408,158,98913,158,99503,158,98895,158,99611,158,98869,158,99862,358,98754,158,99972,100,98739,100,100019,200,98738,100,100050,100,98683,100,100056,100,98660,100,100063,100,98641,100
2019-06-28 09:56:20.000000000,99407,446,98934,246,99408,246,98913,246,99503,100,98895,100,99611,100,98869,100,99862,300,98754,100,99972,100,98739,100,100019,200,98738,100,100050,100,98683,100,100056,100,98660,100,100063,100,98641,100
2019-06-28 09:56:23.056615383,99407,446,98934,146,99408,246,98913,246,99503,100,98895,100,99611,100,98869,100,99862,300,98754,100,99972,100,98739,100,100019,200,98738,100,100050,100,98683,100,100056,100,98660,100,100063,100,98641,100
2019-06-28 09:56:30.000000000,99407,399,98913,199,99408,196,98895,196,99503,196,98869,196,99611,100,98754,100,99862,300,98739,100,99972,100,98738,100,100019,200,98683,100,100050,100,98660,100,100056,100,98641,100,100063,100,98582,100
2019-06-28 09:56:40.000000000,99407,592,98913,392,99408,100,98895,100,99503,100,98869,100,99611,100,98754,100,99862,300,98739,100,99972,100,98738,100,100019,200,98683,100,100050,100,98660,100,100056,100,98641,100,100063,100,98582,100
2019-06-28 09:56:50.000000000,99407,446,98913,246,99408,246,98895,246,99503,100,98869,100,99611,100,98754,100,99862,300,98739,100,99972,100,98738,100,100019,200,98683,100,100050,100,98660,100,100056,100,98641,100,100063,100,98582,100
2019-06-28 09:56:55.249467666,99407,446,98913,146,99408,246,98895,246,99503,100,98754,100,99611,100,98739,100,99862,300,98738,100,99972,100,98683,100,100019,200,98660,100,100050,100,98641,100,100056,100,98582,100,100063,100,98275,100
2019-06-28 09:56:58.849309213,99407,446,98913,146,99408,246,98895,246,99503,100,98754,100,99611,100,98739,100,99862,300,98738,100,99972,100,98683,100,100019,200,98660,100,100050,100,98641,100,100056,100,98601,100,100063,100,98582,100
2019-06-28 09:57:00.000000000,99407,358,98895,158,99408,158,98754,158,99503,158,98739,158,99611,158,98738,158,99862,358,98683,158,99972,100,98660,100,100019,200,98641,100,100050,100,98601,100,100056,100,98582,100,100063,100,98275,100
2019-06-28 09:57:10.000000000,99407,358,98895,158,99408,158,98754,158,99503,158,98739,158,99611,158,98738,158,99862,358,98683,158,99972,100,98660,100,100019,200,98641,100,100050,100,98601,100,100056,100,98582,100,100063,100,98275,100
2019-06-28 09:57:11.709071269,99407,358,98895,58,99408,158,98754,158,99503,158,98739,158,99611,158,98738,158,99862,358,98683,158,99972,100,98660,100,100019,200,98641,100,100050,100,98601,100,100063,100,98582,100,100099,100,98275,100
2019-06-28 09:57:12.088955909,99407,358,98895,58,99408,158,98754,158,99503,158,98739,158,99611,158,98738,158,99862,358,98683,58,99972,100,98660,100,100019,200,98641,100,100050,100,98601,100,100063,100,98582,100,100099,100,98337,100
2019-06-28 09:57:16.048413194,99407,358,98895,58,99408,158,98754,158,99503,158,98739,158,99611,158,98738,158,99862,358,98683,58,99972,100,98660,100,100019,200,98641,100,100050,100,98582,100,100063,100,98337,100,100099,100,98303,100
2019-06-28 09:57:20.000000000,99407,592,98754,392,99408,100,98739,100,99503,100,98738,100,99611,100,98660,100,99862,300,98641,100,99972,100,98582,100,100019,200,98337,100,100050,100,98303,100,100063,100,98275,100,100099,100,,
2019-06-28 09:57:27.665817992,99407,592,98754,392,99408,100,98739,100,99503,100,98738,100,99611,100,98660,100,99862,300,98641,100,99972,100,98582,100,100019,200,98516,100,100050,100,98337,100,100063,100,98303,100,100099,100,98275,100
2019-06-28 09:57:30.000000000,99407,446,98754,246,99408,246,98739,246,99503,100,98738,100,99611,100,98660,100,99862,300,98641,100,99972,100,98582,100,100019,200,98516,100,100050,100,98337,100,100063,100,98303,100,100099,100,98275,100
2019-06-28 09:57:30.765720456,98913,100,98754,246,99407,446,98739,246,99408,246,98738,100,99503,100,98660,100,99611,100,98641,100,99862,300,98582,100,99972,100,98516,100,100019,200,98337,100,100050,100,98303,100,100063,100,98275,100
2019-06-28 09:57:40.000000000,98913,158,98754,158,99407,358,98739,158,99408,158,98738,158,99503,158,98660,158,99611,158,98641,158,99862,300,98582,100,99972,100,98516,100,100019,200,98337,100,100050,100,98303,100,100063,100,98275,100
2019-06-28 09:57:50.000000000,98913,246,98754,246,99407,446,98739,246,99408,100,98738,100,99503,100,98660,100,99611,100,98641,100,99862,300,98582,100,99972,100,98516,100,100019,200,98337,100,100050,100,98303,100,100063,100,98275,100
2019-06-28 09:57:51.876344808,98913,346,98754,246,99407,446,98739,246,99408,100,98738,100,99503,100,98660,100,99611,100,98641,100,99862,300,98582,100,99972,100,98516,100,100019,100,98337,100,100050,100,98303,100,100063,100,98275,100
2019-06-28 09:57:56.811552828,98913,446,98754,246,99407,446,98739,246,99408,100,98738,100,99503,100,98660,100,99611,100,98641,100,99862,300,98582,100,99972,100,98516,100,100019,100,98337,100,100050,100,98303,100,100063,100,98275,100
2019-06-28 09:58:00.000000000,98913,592,98754,392,99407,300,98739,100,99408,100,98738,100,99503,100,98660,100,99611,100,98641,100,99862,300,98582,100,99972,100,98516,100,100019,100,98337,100,100050,100,98303,100,100063,100,98275,100
2019-06-28 09:58:10.000000000,98913,358,98754,158,99407,358,98739,158,99408,158,98738,158,99503,158,98660,158,99611,158,98641,158,99862,300,98582,100,99972,100,98516,100,100019,100,98337,100,100050,100,98303,100,100063,100,98275,100
2019-06-28 09:58:20.000000000,98913,592,98754,392,99407,300,98739,100,99408,100,98738,100,99503,100,98660,100,99611,100,98641,100,99862,300,98582,100,99972,100,98516,100,100019,100,98337,100,100050,100,98303,100,100063,100,98275,100
2019-06-28 09:58:30.000000000,98913,399,98754,199,99407,396,98739,196,99408,196,98738,196,99503,100,98660,100,99611,100,98641,100,99862,300,98582,100,99972,100,98516,100,100019,100,98337,100,100050,100,98303,100,100063,100,98275,100
2019-06-28 09:58:31.761415327,98913,399,98754,199,99407,296,98739,196,99408,196,98738,196,99503,100,98660,100,99611,100,98641,100,99862,300,98582,100,99972,100,98516,100,100019,100,98337,100,100050,100,98303,100,100063,100,98275,100
2019-06-28 09:58:40.000000000,98913,358,98754,158,99407,258,98739,158,99408,158,98738,158,99503,158,98660,158,99611,158,98641,158,99862,300,98582,100,99972,100,98516,100,100019,100,98337,100,100050,100,98303,100,100063,100,98275,100
2019-06-28 09:58:50.000000000,98913,373,98754,173,99407,273,98739,173,99408,173,98738,173,99503,173,98660,173,99611,100,98641,100,99862,300,98582,100,99972,100,98516,100,100019,100,98337,100,100050,100,98303,100,100063,100,98275,100
2019-06-28 09:59:00.000000000,98913,373,98754,173,99407,273,98739,173,99408,173,98738,173,99503,173,98660,173,99611,100,98641,100,99862,300,98582,100,99972,100,98516,100,100019,100,98337,100,100050,100,98303,100,100063,100,98275,100
2019-06-28 09:59:03.349489998,98913,373,98754,173,99184,100,98739,173,99407,273,98738,173,99408,173,98660,173,99503,173,98641,100,99611,100,98582,100,99862,300,98516,100,99972,100,98337,100,100019,100,98303,100,100050,100,,
2019-06-28 09:59:10.000000000,98913,399,98754,199,99184,196,98739,196,99407,296,98738,196,99408,100,98660,100,99503,100,98641,100,99611,100,98582,100,99862,300,98516,100,99972,100,98337,100,100019,100,98303,100,100050,100,,
2019-06-28 09:59:20.000000000,98913,399,98754,199,99184,196,98739,196,99407,296,98738,196,99408,100,98660,100,99503,100,98641,100,99611,100,98582,100,99862,300,98516,100,99972,100,98337,100,100019,100,98303,100,100050,100,,
2019-06-28 09:59:30.000000000,98913,399,98754,199,99184,196,98739,196,99407,296,98738,196,99408,100,98660,100,99503,100,98641,100,99611,100,98582,100,99862,300,98516,100,99972,100,98337,100,100019,100,98303,100,100050,100,,
2019-06-28 09:59:35.730907118,98913,299,98754,199,99184,196,98739,196,99407,296,98738,196,99408,100,98660,100,99503,100,98641,100,99611,100,98582,100,99862,300,98516,100,99972,100,98337,100,100019,100,98303,100,100050,100,,
2019-06-28 09:59:40.000000000,98913,273,98754,173,99184,173,98739,173,99407,273,98738,173,99408,173,98660,173,99503,100,98641,100,99611,100,98582,100,99862,300,98516,100,99972,100,98337,100,100019,100,98303,100,100050,100,,
2019-06-28 09:59:40.784507502,98913,273,98754,173,99184,173,98739,173,99407,273,98738,173,99408,173,98660,173,99503,100,98641,100,99611,100,98582,100,99805,100,98516,100,99862,300,98337,100,99972,100,98303,100,100019,100,,
2019-06-28 09:59:50.000000000,98913,273,98754,173,99184,173,98739,173,99407,273,98738,173,99408,173,98660,173,99503,100,98641,100,99611,100,98582,100,99805,100,98516,100,99862,300,98337,100,99972,100,98303,100,100019,100,,
2019-06-28 10:00:00.000000000,98913,346,98754,246,99184,246,98739,246,99407,200,98738,100,99408,100,98660,100,99503,100,98641,100,99611,100,98582,100,99805,100,98516,100,99862,300,98337,100,99972,100,98303,100,100019,100,,
2019-06-28 10:00:10.000000000,98913,346,98754,246,99184,246,98739,246,99407,200,98738,100,99408,100,98660,100,99503,100,98641,100,99611,100,98582,100,99805,100,98516,100,99862,300,98337,100,99972,100,98303,100,100019,100,,
2019-06-28 10:00:20.000000000,98913,492,98754,392,99184,100,98739,100,99407,200,98738,100,99408,100,98660,100,99503,100,98641,100,99611,100,98582,100,99805,100,98516,100,99862,300,98337,100,99972,100,98303,100,100019,100,,
2019-06-28 10:00:30.000000000,98913,346,98754,246,99184,246,98739,246,99407,200,98738,100,99408,100,98660,100,99503,100,98641,100,99611,100,98582,100,99805,100,98516,100,99862,300,98337,100,99972,100,98303,100,100019,100,,
2019-06-28 10:00:33.910946552,98913,346,98754,246,99184,246,98739,246,99407,200,98738,100,99408,100,98660,100,99503,100,98641,100,99611,100,98582,100,99805,100,98516,100,99862,300,98337,100,99944,100,98303,100,99972,100,,
2019-06-28 10:00:34.356327815,98913,346,98754,246,99184,246,98739,246,99407,100,98738,100,99408,100,98660,100,99503,100,98641,100,99611,100,98582,100,99805,100,98516,100,99862,300,98337,100,99944,100,98303,100,99972,100,,
2019-06-28 10:00:40.000000000,98913,492,98754,392,99184,100,98739,100,99407,100,98738,100,99408,100,98660,100,99503,100,98641,100,99611,100,98582,100,99805,100,98516,100,99862,300,98337,100,99944,100,98303,100,99972,100,,
2019-06-28 10:00:50.000000000,98913,258,98754,158,99184,158,98739,158,99407,158,98738,158,99408,158,98660,158,99503,158,98641,158,99611,100,98582,100,99805,100,98516,100,99862,300,98337,100,99944,100,98303,100,99972,100,,
2019-06-28 10:01:00.000000000,98913,299,98754,199,99184,196,98739,196,99407,196,98738,196,99408,100,98660,100,99503,100,98641,100,99611,100,98582,100,99805,100,98516,100,99862,300,98337,100,99944,100,98303,100,99972,100,,
2019-06-28 10:01:10.000000000,98913,273,98754,173,99184,173,98739,173,99407,173,98738,173,99408,173,98660,173,99503,100,98641,100,99611,100,98582,100,99805,100,98516,100,99862,300,98337,100,99944,100,98303,100,99972,100,,
2019-06-28 10:01:20.000000000,98913,273,98754,173,99184,173,98739,173,99407,173,98738,173,99408,173,98660,173,99503,100,98641,100,99611,100,98582,100,99805,100,98516,100,99862,300,98337,100,99944,100,98303,100,99972,100,,
2019-06-28 10:01:30.000000000,98913,258,98754,158,99184,158,98739,158,99407,158,98738,158,99408,158,98660,158,99503,158,98641,158,99611,100,98582,100,99805,100,98516,100,99862,300,98337,100,99944,100,98303,100,99972,100,,
2019-06-28 10:01:40.000000000,98913,346,98754,246,99184,246,98739,246,99407,100,98738,100,99408,100,98660,100,99503,100,98641,100,99611,100,98582,100,99805,100,98516,100,99862,300,98337,100,99944,100,98303,100,99972,100,,
2019-06-28 10:01:50.000000000,98913,346,98754,246,99184,246,98739,246,99407,100,98738,100,99408,100,98660,100,99503,100,98641,100,99611,100,98582,100,99805,100,98516,100,99862,300,98337,100,99944,100,98303,100,99972,100,,
2019-06-28 10:02:00.000000000,98913,273,98754,173,99184,173,98739,173,99407,173,98738,173,99408,173,98660,173,99503,100,98641,100,99611,100,98582,100,99805,100,98516,100,99862,300,98337,100,99944,100,98303,100,99972,100,,
2019-06-28 10:02:02.938864105,98913,273,98754,173,99184,173,98739,173,99407,173,98738,173,99408,173,98660,173,99503,100,98641,100,99611,100,98582,100,99805,100,98516,100,99862,300,98337,100,99944,100,98303,100,99972,100,,
2019-06-28 10:02:07.238469856,98913,273,98754,173,99184,173,98739,173,99407,173,98738,173,99408,173,98660,173,99503,100,98641,100,99611,100,98582,100,99805,100,98516,100,99862,300,98337,100,99944,100,98303,100,99972,100,,
2019-06-28 10:02:10.000000000,98913,346,98754,246,99184,246,98739,246,99407,100,98738,100,99408,100,98660,100,99503,100,98641,100,99611,100,98582,100,99805,100,98516,100,99862,300,98337,100,99944,100,98303,100,99972,100,,
2019-06-28 10:02:20.000000000,98913,299,98754,199,99184,196,98739,196,99407,196,98738,196,99408,100,98660,100,99503,100,98641,100,99611,100,98582,100,99805,100,98516,100,99862,300,98337,100,99944,100,98303,100,99972,100,,
2019-06-28 10:02:20.333651330,98913,199,98754,199,99184,196,98739,196,99407,196,98738,196,99408,100,98660,100,99503,100,98641,100,99611,100,98582,100,99805,100,98516,100,99862,300,98337,100,99944,100,98303,100,99972,100,,
2019-06-28 10:02:30.000000000,98913,392,98754,392,99184,100,98739,100,99407,100,98738,100,99408,100,98660,100,99503,100,98641,100,99611,100,98582,100,99805,100,98516,100,99862,300,98337,100,99944,100,98303,100,99972,100,,
2019-06-28 10:02:40.000000000,98913,246,98754,246,99184,246,98739,246,99407,100,98738,100,99408,100,98660,100,99503,100,98641,100,99611,100,98582,100,99805,100,98516,100,99862,300,98337,100,99944,100,98303,100,99972,100,,
2019-06-28 10:02:41.843781752,98913,246,98754,246,99184,246,98739,246,99407,100,98738,100,99408,100,98660,100,99503,100,98641,100,99611,100,98582,100,99805,100,98516,100,99862,300,98337,100,99944,100,98303,100,99972,100,,
2019-06-28 10:02:50.000000000,98913,392,98754,392,99184,100,98739,100,99407,100,98738,100,99408,100,98660,100,99503,100,98641,100,99611,100,98582,100,99805,100,98516,100,99862,300,98337,100,99944,100,98303,100,99972,100,,
2019-06-28 10:03:00.000000000,98913,199,98754,199,99184,196,98739,196,99407,196,98738,196,99408,100,98660,100,99503,100,98641,100,99611,100,98582,100,99805,100,98516,100,99862,300,98337,100,99944,100,98303,100,99972,100,,
2019-06-28 10:03:10.000000000,98913,199,98754,199,99184,196,98739,196,99407,196,98738,196,99408,100,98660,100,99503,100,98641,100,99611,100,98582,100,99805,100,98516,100,99862,300,98337,100,99944,100,98303,100,99972,100,,
2019-06-28 10:03:13.881236986,98913,99,98754,199,99184,196,98739,196,99407,196,98738,196,99408,100,98660,100,99503,100,98641,100,99611,100,98582,100,99805,100,98516,100,99862,300,98337,100,99944,100,98303,100,99972,100,,
2019-06-28 10:03:20.000000000,99184,246,98754,246,99407,246,98739,246,99408,100,98738,100,99503,100,98660,100,99611,100,98641,100,99805,100,98582,100,99862,300,98516,100,99944,100,98337,100,99972,100,98303,100,100019,100,,
2019-06-28 10:03:23.553363296,99184,246,98754,246,99407,246,98739,246,99408,100,98738,100,99503,100,98660,100,99611,100,98641,100,99805,100,98582,100,99862,200,98516,100,99944,100,98337,100,99972,100,98303,100,100019,100,,
2019-06-28 10:03:29.036411396,99184,246,98754,246,99407,246,98739,246,99408,100,98738,100,99503,100,98660,100,99611,100,98641,100,99805,100,98582,100,99862,200,98516,100,99944,100,98337,100,99972,100,98303,100,100019,100,,
2019-06-28 10:03:30.000000000,99184,246,98754,246,99407,246,98739,246,99408,100,98738,100,99503,100,98660,100,99611,100,98641,100,99805,100,98582,100,99862,200,98516,100,99944,100,98337,100,99972,100,98303,100,100019,100,,
2019-06-28 10:03:40.000000000,99184,392,98754,392,99407,100,98739,100,99408,100,98738,100,99503,100,98660,100,99611,100,98641,100,99805,100,98582,100,99862,200,98516,100,99944,100,98337,100,99972,100,98303,100,100019,100,,
2019-06-28 10:03:45.130168673,99184,392,98754,392,99407,100,98739,100,99408,100,98738,100,99503,100,98660,100,99611,100,98641,100,99805,100,98582,100,99862,200,98516,100,99944,100,98337,100,99972,100,98303,100,100019,100,,
2019-06-28 10:03:50.000000000,99184,199,98754,199,99407,196,98739,196,99408,196,98738,196,99503,100,98660,100,99611,100,98641,100,99805,100,98582,100,99862,200,98516,100,99944,100,98337,100,99972,100,98303,100,100019,100,,
2019-06-28 10:03:53.459750669,99184,199,98754,199,99407,196,98739,196,99408,196,98738,196,99503,100,98660,100,99611,100,98641,100,99805,100,98582,100,99862,200,98516,100,99972,100,98337,100,100019,100,98303,100,100050,100,,
2019-06-28 10:03:57.923850191,99184,99,98754,199,99407,196,98739,196,99408,196,98738,196,99503,100,98641,100,99611,100,98582,100,99805,100,98516,100,99862,200,98337,100,99972,100,98303,100,100019,100,,,100050,100,,
2019-06-28 10:04:00.000000000,99407,199,98754,199,99408,196,98739,196,99503,196,98738,196,99611,100,98641,100,99805,100,98582,100,99862,200,98516,100,99972,100,98337,100,100019,100,98303,100,100050,100,,,100089,100,,
2019-06-28 10:04:03.281081470,99407,199,98754,199,99408,196,98739,196,99503,196,98738,196,99611,100,98641,100,99805,100,98582,100,99862,200,98516,100,99972,100,98337,100,100019,100,98303,100,100050,100,,,100089,100,,
2019-06-28 10:04:10.000000000,99407,392,98754,392,99408,100,98739,100,99503,100,98738,100,99611,100,98641,100,99805,100,98582,100,99862,200,98516,100,99972,100,98337,100,100019,100,98303,100,100050,100,,,100089,100,,
2019-06-28 10:04:18.262230764,99407,392,98913,100,99408,100,98754,392,99503,100,98739,100,99611,100,98738,100,99805,100,98641,100,99862,200,98582,100,99972,100,98516,100,100019,100,98337,100,100050,100,98303,100,100089,100,,
2019-06-28 10:04:19.946793491,99407,392,98913,200,99408,100,98754,392,99503,100,98739,100,99611,100,98738,100,99805,100,98641,100,99862,200,98582,100,99972,100,98516,100,100019,100,98337,100,100050,100,98303,100,100089,100,,
2019-06-28 10:04:20.000000000,99407,199,98913,299,99408,196,98754,196,99503,196,98739,196,99611,100,98738,100,99805,100,98641,100,99862,200,98582,100,99972,100,98516,100,100019,100,98337,100,100050,100,98303,100,100089,100,,
2019-06-28 10:04:28.787569640,99407,199,98913,299,99408,196,98754,196,99503,196,98739,196,99611,100,98738,100,99805,100,98641,100,99833,100,98582,100,99862,200,98516,100,99972,100,98337,100,100019,100,98303,100,100050,100,,
2019-06-28 10:04:30.000000000,99407,392,98913,492,99408,100,98754,100,99503,100,98739,100,99611,100,98738,100,99805,100,98641,100,99833,100,98582,100,99862,200,98516,100,99972,100,98337,100,100019,100,98303,100,100050,100,,
2019-06-28 10:04:40.000000000,99407,246,98913,346,99408,246,98754,246,99503,100,98739,100,99611,100,98738,100,99805,100,98641,100,99833,100,98582,100,99862,200,98516,100,99972,100,98337,100,100019,100,98303,100,100050,100,,
2019-06-28 10:04:44.948486683,99407,246,98913,346,99408,246,98754,246,99503,100,98739,100,99611,100,98738,100,99805,100,98641,100,99833,100,98582,100,99862,100,98516,100,99972,100,98337,100,100019,100,98303,100,100050,100,,
2019-06-28 10:04:50.000000000,99407,392,98913,492,99408,100,98754,100,99503,100,98739,100,99611,100,98738,100,99805,100,98641,100,99833,100,98582,100,99862,100,98516,100,99972,100,98337,100,100019,100,98303,100,100050,100,,
2019-06-28 10:05:00.000000000,99407,173,98913,273,99408,173,98754,173,99503,173,98739,173,99611,173,98738,173,99805,100,98641,100,99833,100,98582,100,99862,100,98516,100,99972,100,98337,100,100019,100,98303,100,100050,100,,
2019-06-28 10:05:03.083983050,99407,173,98913,273,99408,173,98754,173,99503,173,98739,173,99611,173,98738,173,99805,100,98641,100,99833,100,98582,100,99862,100,98516,100,99972,100,98337,100,100019,100,98303,100,100050,100,,
2019-06-28 10:05:10.000000000,99407,199,98913,299,99408,196,98754,196,99503,196,98739,196,99611,100,98738,100,99805,100,98641,100,99833,100,98582,100,99862,100,98516,100,99972,100,98337,100,100019,100,98303,100,100050,100,,
2019-06-28 10:05:17.379682010,99407,199,98913,299,99408,196,98754,196,99503,196,98739,196,99611,100,98738,100,99805,100,98641,100,99833,100,98582,100,99862,100,98516,100,99972,100,98337,100,100019,100,98303,100,100050,100,,
2019-06-28 10:05:20.000000000,99407,392,98913,492,99408,100,98754,100,99503,100,98739,100,99611,100,98738,100,99805,100,98641,100,99833,100,98582,100,99862,100,98516,100,99972,100,98337,100,100019,100,98303,100,100050,100,,
2019-06-28 10:05:22.260082833,99407,292,98913,592,99408,100,98754,100,99503,100,98739,100,99611,100,98738,100,99805,100,98641,100,99833,100,98582,100,99862,100,98516,100,99972,100,98337,100,100019,100,98303,100,100050,100,,
2019-06-28 10:05:26.306052352,99407,292,98913,692,99408,100,98754,100,99503,100,98739,100,99611,100,98738,100,99805,100,98641,100,99833,100,98582,100,99972,100,98516,100,100019,100,98337,100,100050,100,98303,100,100099,100,,
2019-06-28 10:05:30.000000000,99408,173,98913,473,99503,173,98754,173,99611,173,98739,173,99805,173,98738,173,99833,100,98641,100,99972,100,98582,100,100019,100,98516,100,100050,100,98337,100,100099,100,98303,100,100114,100,,
2019-06-28 10:05:35.597316069,99408,173,98913,473,99503,173,98754,173,99611,173,98739,173,99805,173,98738,173,99833,100,98641,100,99972,100,98582,100,100019,100,98516,100,100050,100,98337,100,100099,100,98303,100,100114,100,,
2019-06-28 10:05:40.000000000,99408,173,98913,473,99503,173,98754,173,99611,173,98739,173,99805,173,98738,173,99833,100,98641,100,99972,100,98582,100,100019,100,98516,100,100050,100,98337,100,100099,100,98303,100,100114,100,,
2019-06-28 10:05:43.893079047,99408,73,98913,473,99503,173,98754,173,99611,173,98739,173,99805,173,98738,173,99833,100,98641,100,99972,100,98582,100,100019,100,98516,100,100050,100,98337,100,100099,100,98303,100,100114,100,,
2019-06-28 10:05:50.000000000,99503,173,98913,473,99611,173,98754,173,99805,173,98739,173,99833,173,98738,173,99972,100,98641,100,100019,100,98582,100,100050,100,98516,100,100099,100,98337,100,100114,100,98303,100,100155,100,,
2019-06-28 10:06:00.000000000,99503,158,98913,458,99611,158,98754,158,99805,158,98739,158,99833,158,98738,158,99972,158,98641,158,100019,100,98582,100,100050,100,98516,100,100099,100,98337,100,100114,100,98303,100,100155,100,,
2019-06-28 10:06:04.994658445,99503,58,98913,458,99611,158,98754,158,99805,158,98739,158,99833,158,98738,158,99972,158,98641,158,100019,100,98582,100,100050,100,98516,100,100099,100,98337,100,100114,100,98303,100,100155,100,,
2019-06-28 10:06:10.000000000,99611,392,98913,692,99805,100,98754,100,99833,100,98739,100,99972,100,98738,100,100019,100,98641,100,100050,100,98582,100,100099,100,98516,100,100114,100,98337,100,100155,100,98303,100,100207,100,,
2019-06-28 10:06:13.241492556,99611,392,99407,100,99805,100,98913,692,99833,100,98754,100,99972,100,98739,100,100019,100,98738,100,100050,100,98641,100,100099,100,98582,100,100114,100,98516,100,100155,100,98337,100,100207,100,98303,100
2019-06-28 10:06:20.000000000,99611,199,99407,199,99805,196,98913,496,99833,196,98754,196,99972,100,98739,100,100019,100,98738,100,100050,100,98641,100,100099,100,98582,100,100114,100,98516,100,100155,100,98337,100,100207,100,98303,100
2019-06-28 10:06:30.000000000,99611,173,99407,173,99805,173,98913,473,99833,173,98754,173,99972,173,98739,173,100019,100,98738,100,100050,100,98641,100,100099,100,98582,100,100114,100,98516,100,100155,100,98337,100,100207,100,98303,100
2019-06-28 10:06:40.000000000,99611,158,99407,158,99805,158,98913,458,99833,158,98754,158,99972,158,98739,158,100019,158,98738,158,100050,100,98641,100,100099,100,98582,100,100114,100,98516,100,100155,100,98337,100,100207,100,98303,100
2019-06-28 10:06:49.746685750,99611,58,99407,158,99805,158,98913,458,99833,158,98754,158,99972,158,98739,158,100019,158,98738,158,100050,100,98641,100,100114,100,98582,100,100155,100,98516,100,100207,100,98337,100,100246,100,98303,100
2019-06-28 10:06:50.000000000,99805,392,99407,392,99833,100,98913,400,99972,100,98754,100,100019,100,98739,100,100050,100,98738,100,100114,100,98641,100,100155,100,98582,100,100207,100,98516,100,100246,100,98337,100,100271,100,98303,100
2019-06-28 10:06:51.284282465,99805,392,99503,100,99833,100,99407,392,99972,100,98913,400,100019,100,98754,100,100050,100,98739,100,100114,100,98738,100,100155,100,98641,100,100207,100,98582,100,100246,100,98516,100,100271,100,98337,100
2019-06-28 10:06:53.758357765,99805,392,99503,100,99833,100,99407,392,99972,100,98913,400,100019,100,98754,100,100050,100,98739,100,100114,100,98738,100,100155,100,98641,100,100207,100,98582,100,100246,100,98516,100,100271,100,98337,100
2019-06-28 10:06:56.451280199,99805,292,99503,100,99833,100,99407,392,99972,100,98913,400,100019,100,98754,100,100050,100,98739,100,100114,100,98738,100,100155,100,98641,100,100207,100,98582,100,100246,100,98516,100,100271,100,98337,100
2019-06-28 10:07:00.000000000,99833,158,99503,158,99972,158,99407,158,100019,158,98913,458,100050,158,98754,158,100114,158,98739,158,100155,100,98738,100,100207,100,98641,100,100246,100,98582,100,100271,100,98516,100,100325,100,98337,100
2019-06-28 10:07:10.000000000,99833,246,99503,246,99972,246,99407,246,100019,100,98913,400,100050,100,98754,100,100114,100,98739,100,100155,100,98738,100,100207,100,98641,100,100246,100,98582,100,100271,100,98516,100,100325,100,98337,100
2019-06-28 10:07:20.000000000,99833,392,99503,392,99972,100,99407,100,100019,100,98913,400,100050,100,98754,100,100114,100,98739,100,100155,100,98738,100,100207,100,98641,100,100246,100,98582,100,100271,100,98516,100,100325,100,98337,100
2019-06-28 10:07:22.439459789,99833,392,99503,392,99972,100,99407,100,100019,100,98913,400,100050,100,98754,100,100114,100,98739,100,100155,100,98738,100,100181,100,98641,100,100207,100,98582,100,100246,100,98516,100,100271,100,98337,100
2019-06-28 10:07:30.000000000,99833,199,99503,199,99972,196,99407,196,100019,196,98913,496,100050,100,98754,100,100114,100,98739,100,100155,100,98738,100,100181,100,98641,100,100207,100,98582,100,100246,100,98516,100,100271,100,98337,100
2019-06-28 10:07:40.000000000,99833,246,99503,246,99972,246,99407,246,100019,100,98913,400,100050,100,98754,100,100114,100,98739,100,100155,100,98738,100,100181,100,98641,100,100207,100,98582,100,100246,100,98516,100,100271,100,98337,100
2019-06-28 10:07:44.221676521,99833,246,99503,246,99972,246,99407,246,100019,100,98913,400,100050,100,98754,100,100114,100,98739,100,100155,100,98738,100,100181,100,98641,100,100207,100,98582,100,100246,100,98516,100,100271,100,98337,100
2019-06-28 10:07:50.000000000,99833,199,99503,199,99972,196,99407,196,100019,196,98913,496,100050,100,98754,100,100114,100,98739,100,100155,100,98738,100,100181,100,98641,100,100207,100,98582,100,100246,100,98516,100,100271,100,98337,100
2019-06-28 10:08:00.000000000,99833,199,99503,199,99972,196,99407,196,100019,196,98913,496,100050,100,98754,100,100114,100,98739,100,100155,100,98738,100,100181,100,98641,100,100207,100,98582,100,100246,100,98516,100,100271,100,98337,100
2019-06-28 10:08:05.488882602,99833,199,99503,199,99972,196,99407,196,100019,196,98913,496,100029,100,98754,100,100050,100,98739,100,100114,100,98738,100,100155,100,98641,100,100181,100,98582,100,100207,100,98516,100,100246,100,98337,100
2019-06-28 10:08:07.384613788,99833,99,99503,199,99972,196,99407,196,100019,196,98913,496,100029,100,98754,100,100050,100,98739,100,100114,100,98738,100,100155,100,98641,100,100181,100,98582,100,100207,100,98516,100,100271,100,98337,100
2019-06-28 10:08:10.000000000,99972,173,99503,173,100019,173,99407,173,100029,173,98913,473,100050,173,98754,173,100114,100,98739,100,100155,100,98738,100,100181,100,98641,100,100207,100,98582,100,100271,100,98516,100,100325,100,98337,100
2019-06-28 10:08:20.000000000,99972,392,99503,392,100019,100,99407,100,100029,100,98913,400,100050,100,98754,100,100114,100,98739,100,100155,100,98738,100,100181,100,98641,100,100207,100,98582,100,100271,100,98516,100,100325,100,98337,100
2019-06-28 10:08:22.458928018,99972,392,99805,100,100019,100,99503,392,100029,100,99407,100,100050,100,98913,400,100114,100,98754,100,100155,100,98739,100,100181,100,98738,100,100207,100,98641,100,100271,100,98582,100,100325,100,98516,100
2019-06-28 10:08:30.000000000,99972,173,99805,173,100019,173,99503,173,100029,173,99407,173,100050,173,98913,473,100114,100,98754,100,100155,100,98739,100,100181,100,98738,100,100207,100,98641,100,100271,100,98582,100,100325,100,98516,100
2019-06-28 10:08:40.000000000,99972,246,99805,246,100019,246,99503,246,100029,100,99407,100,100050,100,98913,400,100114,100,98754,100,100155,100,98739,100,100181,100,98738,100,100207,100,98641,100,100271,100,98582,100,100325,100,98516,100
