,ask_price_1,ask_size_1,bid_price_1,bid_size_1,ask_price_2,ask_size_2,bid_price_2,bid_size_2,ask_price_3,ask_size_3,bid_price_3,bid_size_3,ask_price_4,ask_size_4,bid_price_4,bid_size_4,ask_price_5,ask_size_5,bid_price_5,bid_size_5,ask_price_6,ask_size_6,bid_price_6,bid_size_6,ask_price_7,ask_size_7,bid_price_7,bid_size_7,ask_price_8,ask_size_8,bid_price_8,bid_size_8,ask_price_9,ask_size_9,bid_price_9,bid_size_9,ask_price_10,ask_size_10,bid_price_10,bid_size_10
2019-06-28 09:30:00.000000000,100102,100,,,,,,,,,,,,,,,,,,,,,,,,,,,,,,,,,,,,,,
2019-06-28 09:30:00.000000002,100102,100,99844,100,,,,,,,,,,,,,,,,,,,,,,,,,,,,,,,,,,,,
2019-06-28 09:30:00.000000003,100093,100,99844,100,100102,100,,,,,,,,,,,,,,,,,,,,,,,,,,,,,,,,,,
2019-06-28 09:30:00.000000005,100058,100,99844,100,100093,100,,,100102,100,,,,,,,,,,,,,,,,,,,,,,,,,,,,,,
2019-06-28 09:30:00.000000006,100048,100,99844,100,100058,100,,,100093,100,,,100102,100,,,,,,,,,,,,,,,,,,,,,,,,,,
2019-06-28 09:30:00.000000010,99981,100,99844,100,100048,100,,,100058,100,,,100093,100,,,100102,100,,,,,,,,,,,,,,,,,,,,,,
2019-06-28 09:30:00.000000011,99981,100,99844,100,100048,100,,,100058,100,,,100093,100,,,100102,100,,,100137,100,,,,,,,,,,,,,,,,,,
2019-06-28 09:30:00.000000012,99981,100,99880,100,100048,100,99844,100,100058,100,,,100093,100,,,100102,100,,,100137,100,,,,,,,,,,,,,,,,,,
2019-06-28 09:30:00.000000014,99981,100,99933,100,100032,100,99880,100,100048,100,99844,100,100058,100,,,100093,100,,,100102,100,,,100137,100,,,,,,,,,,,,,,
2019-06-28 09:30:00.000000015,99981,100,99942,100,100032,100,99933,100,100048,100,99880,100,100058,100,99844,100,100093,100,,,100102,100,,,100137,100,,,,,,,,,,,,,,
2019-06-28 09:30:00.000000017,100032,100,100006,100,100048,100,99942,100,100058,100,99933,100,100093,100,99880,100,100102,100,99844,100,100137,100,,,,,,,,,,,,,,,,,,
2019-06-28 09:30:00.000000018,100032,100,100006,100,100048,100,99942,100,100054,100,99933,100,100058,100,99880,100,100093,100,99844,100,100102,100,,,100137,100,,,,,,,,,,,,,,
2019-06-28 09:30:00.000000019,100032,100,100006,100,100048,100,99942,100,100054,100,99933,100,100058,100,99906,100,100093,100,99880,100,100102,100,99844,100,100137,100,,,,,,,,,,,,,,
2019-06-28 09:30:00.000000022,100032,100,100006,100,100048,100,99942,100,100054,100,99933,100,100058,100,99906,100,100093,100,99880,100,100102,100,99844,100,100137,100,,,100167,100,,,,,,,,,,
2019-06-28 09:30:00.000000023,100032,100,100017,100,100048,100,100006,100,100054,100,99942,100,100058,100,99933,100,100093,100,99906,100,100102,100,99880,100,100137,100,99844,100,100167,100,,,,,,,,,,
2019-06-28 09:30:00.000000024,100023,100,100017,100,100032,100,100006,100,100048,100,99942,100,100054,100,99933,100,100058,100,99906,100,100093,100,99880,100,100102,100,99844,100,100137,100,,,100167,100,,,,,,
2019-06-28 09:30:00.000000025,100023,100,100017,100,100032,100,100006,100,100048,100,99942,100,100054,100,99933,100,100058,100,99906,100,100093,100,99880,100,100102,100,99844,100,100119,100,,,100137,100,,,100167,100,,
2019-06-28 09:30:00.000000029,100023,100,100017,100,100032,100,100006,100,100048,100,99981,100,100054,100,99942,100,100058,100,99933,100,100093,100,99906,100,100102,100,99880,100,100119,100,99844,100,100137,100,,,100167,100,,
2019-06-28 09:30:00.000000030,100023,100,100017,100,100032,100,100006,100,100048,100,99981,200,100054,100,99942,100,100058,100,99933,100,100093,100,99906,200,100102,100,99880,100,100119,100,99844,100,100137,100,,,100167,100,,
2019-06-28 09:30:00.000000032,100023,100,100017,100,100032,100,100006,100,100048,100,99981,300,100054,100,99942,100,100058,100,99933,100,100093,100,99906,200,100102,100,99880,100,100119,100,99844,100,100137,100,,,100167,100,,
2019-06-28 09:30:00.000000033,100023,100,100006,100,100032,100,99981,300,100048,100,99942,100,100054,100,99933,100,100058,100,99920,100,100093,100,99906,200,100102,100,99880,100,100119,100,99844,100,100137,100,,,100167,100,,
2019-06-28 09:30:00.000000034,100023,100,99981,300,100032,100,99942,100,100048,100,99933,100,100054,100,99920,100,100058,100,99906,200,100093,100,99880,100,100102,100,99844,100,100119,100,,,100137,100,,,100167,100,,
2019-06-28 09:30:00.000000041,100023,100,99981,300,100032,100,99942,100,100048,100,99933,100,100054,100,99920,100,100058,100,99906,200,100063,100,99880,100,100093,100,99844,100,100102,100,,,100119,100,,,100123,100,,
2019-06-28 09:30:00.000000042,100023,100,99981,300,100032,100,99942,100,100048,100,99933,100,100054,100,99920,100,100058,100,99906,200,100063,100,99888,100,100093,100,99880,100,100102,100,99844,100,100119,100,,,100123,100,,
2019-06-28 09:30:00.000000045,100023,100,99981,300,100032,100,99942,100,100047,100,99933,100,100048,100,99920,100,100054,100,99906,200,100058,100,99888,100,100063,100,99880,100,100093,100,99844,100,100102,100,,,100119,100,,
2019-06-28 09:30:00.000000046,100023,100,99981,300,100032,100,99942,100,100047,100,99933,100,100048,100,99920,100,100050,100,99906,200,100054,100,99888,100,100058,100,99880,100,100063,100,99844,100,100093,100,,,100102,100,,
2019-06-28 09:30:00.000000047,100032,100,99981,200,100047,100,99942,100,100048,100,99933,100,100050,100,99920,100,100054,100,99906,200,100058,100,99888,100,100063,100,99880,100,100093,100,99844,100,100102,100,,,100119,100,,
2019-06-28 09:30:00.000000049,100047,100,99981,200,100048,100,99942,100,100050,100,99933,100,100054,100,99920,100,100058,100,99906,200,100063,100,99888,100,100093,100,99880,100,100102,100,99844,100,100119,100,,,100123,100,,
2019-06-28 09:30:00.000000050,100047,100,99981,300,100048,100,99942,100,100050,100,99933,100,100054,100,99920,100,100058,100,99906,200,100063,100,99888,100,100093,100,99880,100,100102,100,99844,100,100119,100,,,100123,100,,
2019-06-28 09:30:00.000000053,100047,100,99981,300,100048,100,99942,100,100050,100,99933,100,100054,100,99920,100,100058,100,99906,200,100063,100,99901,100,100093,100,99888,100,100102,100,99880,100,100119,100,99844,100,100123,100,,
2019-06-28 09:30:00.000000055,100047,100,99981,400,100048,100,99942,100,100050,100,99933,100,100054,100,99920,100,100058,100,99906,200,100063,100,99901,100,100093,100,99888,100,100102,100,99880,100,100119,100,99844,100,100123,100,,
2019-06-28 09:30:00.000000062,100047,100,99981,400,100048,100,99942,100,100050,100,99933,100,100054,100,99920,100,100058,100,99906,200,100063,100,99901,100,100093,100,99892,100,100102,100,99888,100,100119,100,99880,100,100123,100,99844,100
2019-06-28 09:30:00.000000064,100032,100,99981,400,100047,100,99942,100,100048,100,99933,100,100050,100,99920,100,100054,100,99906,200,100058,100,99901,100,100063,100,99892,100,100093,100,99888,100,100102,100,99880,100,100119,100,99844,100
2019-06-28 09:30:00.000000065,100018,100,99981,400,100032,100,99942,100,100047,100,99940,100,100048,100,99933,100,100050,100,99920,100,100054,100,99906,200,100058,100,99901,100,100063,100,99892,100,100093,100,99888,100,100102,100,99880,100
2019-06-28 09:30:00.000000068,100018,100,99981,400,100032,100,99942,100,100047,100,99940,100,100048,100,99933,100,100050,100,99920,100,100054,100,99906,200,100058,100,99901,100,100063,100,99900,100,100093,100,99892,100,100102,100,99888,100
2019-06-28 09:30:00.000000072,100018,100,99981,400,100032,100,99942,100,100047,100,99940,100,100048,100,99933,100,100050,100,99920,100,100054,100,99906,200,100058,100,99901,100,100063,100,99900,100,100075,100,99892,100,100093,100,99888,100
2019-06-28 09:30:00.000000073,99989,100,99981,400,100018,100,99942,100,100032,100,99940,100,100047,100,99933,100,100048,100,99920,100,100050,100,99906,200,100054,100,99901,100,100058,100,99900,100,100063,100,99892,100,100075,100,99888,100
2019-06-28 09:30:00.000000076,100018,100,99981,500,100032,100,99942,100,100047,100,99940,100,100048,100,99933,100,100050,100,99920,100,100054,100,99906,200,100058,100,99901,100,100063,100,99900,100,100075,100,99892,100,100093,100,99888,100
2019-06-28 09:30:00.000000077,100017,100,99981,500,100018,100,99942,100,100032,100,99940,100,100047,100,99933,100,100048,100,99920,100,100050,100,99906,200,100054,100,99901,100,100058,100,99900,100,100063,100,99892,100,100075,100,99888,100
2019-06-28 09:30:00.000000079,100017,100,99981,500,100018,100,99942,100,100032,100,99940,100,100047,100,99933,100,100048,100,99920,100,100050,100,99906,200,100054,100,99901,100,100058,100,99900,100,100063,100,99892,100,100069,100,99888,100
2019-06-28 09:30:00.000000081,100017,100,99981,500,100018,100,99942,100,100032,100,99940,100,100047,100,99933,100,100048,100,99920,100,100050,100,99906,200,100052,100,99901,100,100054,100,99900,100,100058,100,99892,100,100063,100,99888,100
2019-06-28 09:30:00.000000082,100017,100,99981,500,100018,100,99942,100,100032,100,99940,100,100047,100,99933,100,100048,100,99920,100,100050,100,99906,200,100052,100,99901,100,100054,100,99900,100,100058,100,99892,100,100063,100,99888,100
2019-06-28 09:30:00.000000083,100017,100,99989,100,100018,100,99981,500,100032,100,99942,100,100047,100,99940,100,100048,100,99933,100,100050,100,99920,100,100052,100,99906,200,100054,100,99901,100,100058,100,99900,100,100063,100,99892,100
2019-06-28 09:30:00.000000085,100017,100,99989,100,100018,100,99981,500,100032,100,99942,100,100047,100,99940,100,100048,100,99933,100,100050,100,99920,100,100052,100,99906,200,100054,100,99901,100,100058,100,99900,100,100063,100,99892,100
2019-06-28 09:30:00.000000088,100017,100,99989,100,100018,100,99981,500,100032,100,99942,100,100047,100,99940,100,100048,100,99933,100,100050,100,99931,100,100052,100,99920,100,100054,100,99906,200,100058,100,99901,100,100063,100,99900,100
2019-06-28 09:30:00.000000089,100017,100,99989,100,100018,100,99981,500,100032,100,99967,100,100047,100,99942,100,100048,100,99940,100,100050,100,99933,100,100052,100,99931,100,100054,100,99920,100,100058,100,99906,200,100063,100,99901,100
2019-06-28 09:30:00.000000090,100017,100,99989,100,100018,100,99981,500,100032,100,99967,100,100047,100,99942,100,100048,100,99940,100,100050,100,99933,100,100052,100,99931,100,100053,100,99920,100,100054,100,99906,200,100058,100,99901,100
2019-06-28 09:30:00.000000092,100017,100,99989,100,100018,100,99981,500,100032,100,99967,100,100047,100,99959,100,100048,100,99942,100,100050,100,99940,100,100052,100,99935,100,100053,100,99933,100,100054,100,99931,100,100058,100,99920,100
2019-06-28 09:30:00.000000093,100018,100,99989,100,100032,100,99981,500,100047,100,99967,100,100048,100,99959,100,100050,100,99942,100,100052,100,99940,100,100053,100,99935,100,100054,100,99933,100,100058,100,99931,100,100063,100,99920,100
2019-06-28 09:30:00.000000095,100014,100,99989,100,100018,100,99981,500,100032,100,99967,100,100047,100,99959,100,100048,100,99942,100,100050,100,99940,100,100052,100,99935,100,100053,100,99933,100,100054,100,99931,100,100058,100,99920,100
2019-06-28 09:30:00.000000097,100014,100,99989,100,100018,100,99981,500,100032,100,99967,100,100047,100,99959,100,100048,100,99942,100,100050,100,99940,100,100052,100,99935,200,100053,100,99933,100,100054,100,99931,100,100058,100,99920,100
2019-06-28 09:30:00.000000099,100014,100,99989,100,100018,100,99981,500,100022,100,99967,100,100032,100,99959,100,100047,100,99942,100,100048,100,99940,100,100050,100,99935,200,100052,100,99933,100,100053,100,99931,100,100054,100,99920,100
2019-06-28 09:30:10.000000000,100014,169,99989,169,100018,169,99981,569,100022,169,99967,169,100032,169,99959,169,100047,100,99942,100,100048,100,99940,100,100050,100,99935,200,100052,100,99933,100,100053,100,99931,100,100054,100,99920,100
2019-06-28 09:30:20.000000000,100014,194,99989,194,100018,191,99981,591,100022,191,99967,191,100032,100,99959,100,100047,100,99942,100,100048,100,99940,100,100050,100,99935,200,100052,100,99933,100,100053,100,99931,100,100054,100,99920,100
2019-06-28 09:30:30.000000000,100014,155,99989,155,100018,155,99981,555,100022,155,99967,155,100032,155,99959,155,100047,155,99942,155,100048,100,99940,100,100050,100,99935,200,100052,100,99933,100,100053,100,99931,100,100054,100,99920,100
2019-06-28 09:30:40.000000000,100014,155,99989,155,100018,155,99981,555,100022,155,99967,155,100032,155,99959,155,100047,155,99942,155,100048,100,99940,100,100050,100,99935,200,100052,100,99933,100,100053,100,99931,100,100054,100,99920,100
2019-06-28 09:30:42.734652921,100014,155,99989,155,100018,155,99981,555,100022,55,99967,155,100032,155,99959,155,100047,155,99942,155,100048,100,99940,100,100050,100,99935,300,100052,100,99933,100,100053,100,99931,100,100054,100,99920,100
2019-06-28 09:30:50.000000000,100014,238,99989,238,100018,238,99981,638,100032,100,99967,100,100047,100,99959,100,100048,100,99942,100,100050,100,99940,100,100052,100,99935,300,100053,100,99933,100,100054,100,99931,100,100058,100,99920,100
2019-06-28 09:31:00.000000000,100014,194,99989,194,100018,191,99981,591,100032,191,99967,191,100047,100,99959,100,100048,100,99942,100,100050,100,99940,100,100052,100,99935,300,100053,100,99933,100,100054,100,99931,100,100058,100,99920,100
2019-06-28 09:31:05.070143756,100014,194,99989,94,100018,191,99981,591,100032,191,99967,191,100047,100,99959,100,100048,100,99942,100,100050,100,99940,100,100052,100,99935,300,100053,100,99933,100,100054,100,99931,100,100058,100,99920,100
2019-06-28 09:31:10.000000000,100014,194,99981,594,100018,191,99967,191,100032,191,99959,191,100047,100,99942,100,100048,100,99940,100,100050,100,99935,300,100052,100,99933,100,100053,100,99931,100,100054,100,99920,100,100058,100,99906,200
2019-06-28 09:31:10.694484004,100014,194,99981,594,100018,191,99967,191,100032,191,99959,191,100047,100,99942,100,100048,100,99940,100,100050,100,99935,300,100052,100,99933,100,100053,100,99931,100,100054,100,99920,100,100058,100,99906,200
2019-06-28 09:31:20.000000000,100014,155,99981,555,100018,155,99967,155,100032,155,99959,155,100047,155,99942,155,100048,155,99940,155,100050,100,99935,300,100052,100,99933,100,100053,100,99931,100,100054,100,99920,100,100058,100,99906,200
2019-06-28 09:31:30.000000000,100014,194,99981,594,100018,191,99967,191,100032,191,99959,191,100047,100,99942,100,100048,100,99940,100,100050,100,99935,300,100052,100,99933,100,100053,100,99931,100,100054,100,99920,100,100058,100,99906,200
2019-06-28 09:31:37.986101826,100014,194,99981,494,100018,191,99967,191,100032,191,99959,191,100047,100,99942,100,100048,100,99940,100,100050,100,99935,300,100052,100,99933,100,100053,100,99931,100,100054,100,99920,100,100058,100,99906,200
2019-06-28 09:31:40.000000000,100014,155,99981,455,100018,155,99967,155,100032,155,99959,155,100047,155,99942,155,100048,155,99940,155,100050,100,99935,300,100052,100,99933,100,100053,100,99931,100,100054,100,99920,100,100058,100,99906,200
2019-06-28 09:31:50.000000000,100014,169,99981,469,100018,169,99967,169,100032,169,99959,169,100047,169,99942,169,100048,100,99940,100,100050,100,99935,300,100052,100,99933,100,100053,100,99931,100,100054,100,99920,100,100058,100,99906,200
2019-06-28 09:31:51.171667238,100014,169,99981,369,100018,169,99967,169,100032,169,99959,169,100047,169,99942,169,100048,100,99940,100,100050,100,99935,300,100052,100,99933,100,100053,100,99931,100,100054,100,99920,100,100058,100,99906,200
2019-06-28 09:31:52.638192241,100014,169,99981,269,100018,169,99967,169,100032,169,99959,169,100047,169,99942,169,100050,100,99940,100,100052,100,99935,300,100053,100,99933,100,100054,100,99931,100,100058,100,99920,100,100063,100,99906,200
2019-06-28 09:31:54.569121385,100014,169,99981,69,100018,169,99967,169,100032,169,99959,169,100047,169,99942,169,100050,100,99940,100,100052,100,99935,300,100053,100,99933,100,100054,100,99931,100,100058,100,99920,100,100063,100,99906,200
2019-06-28 09:31:59.301390569,100014,169,99981,69,100018,169,99967,169,100032,169,99959,169,100047,169,99942,169,100050,100,99940,100,100052,100,99935,300,100053,100,99933,100,100054,100,99931,100,100058,100,99920,100,100063,100,99906,200
2019-06-28 09:32:00.000000000,100014,169,99967,169,100018,169,99959,169,100032,169,99942,169,100047,169,99940,169,100050,100,99935,300,100052,100,99933,100,100053,100,99931,100,100054,100,99920,100,100058,100,99906,200,100063,100,99901,100
2019-06-28 09:32:10.000000000,100014,169,99967,169,100018,169,99959,169,100032,169,99942,169,100047,169,99940,169,100050,100,99935,300,100052,100,99933,100,100053,100,99931,100,100054,100,99920,100,100058,100,99906,200,100063,100,99901,100
2019-06-28 09:32:20.000000000,100014,169,99967,169,100018,169,99959,169,100032,169,99942,169,100047,169,99940,169,100050,100,99935,300,100052,100,99933,100,100053,100,99931,100,100054,100,99920,100,100058,100,99906,200,100063,100,99901,100
2019-06-28 09:32:23.600603474,100014,169,99967,69,100018,169,99959,169,100032,169,99942,169,100047,169,99940,169,100050,100,99935,300,100052,100,99933,100,100053,100,99931,100,100054,100,99920,100,100058,100,99906,200,100063,100,99901,100
2019-06-28 09:32:28.625749613,100014,169,99967,69,100018,169,99959,169,100032,169,99942,169,100047,169,99940,169,100050,100,99935,300,100052,100,99933,100,100053,100,99931,100,100054,100,99920,100,100058,100,99906,200,100063,100,99901,100
2019-06-28 09:32:30.000000000,100014,194,99959,194,100018,191,99942,191,100032,191,99940,191,100047,100,99935,300,100050,100,99933,100,100052,100,99931,100,100053,100,99920,100,100054,100,99906,200,100058,100,99901,100,100063,100,99900,100
2019-06-28 09:32:40.000000000,100014,377,99959,377,100018,100,99942,100,100032,100,99940,100,100047,100,99935,300,100050,100,99933,100,100052,100,99931,100,100053,100,99920,100,100054,100,99906,200,100058,100,99901,100,100063,100,99900,100
2019-06-28 09:32:50.000000000,100014,155,99959,155,100018,155,99942,155,100032,155,99940,155,100047,155,99935,355,100050,155,99933,155,100052,100,99931,100,100053,100,99920,100,100054,100,99906,200,100058,100,99901,100,100063,100,99900,100
2019-06-28 09:32:54.193804507,99981,100,99959,155,100014,155,99942,155,100018,155,99940,155,100032,155,99935,355,100047,155,99933,155,100050,155,99931,100,100052,100,99920,100,100053,100,99906,200,100054,100,99901,100,100058,100,99900,100
2019-06-28 09:33:00.000000000,99981,169,99959,169,100014,169,99942,169,100018,169,99940,169,100032,169,99935,369,100047,100,99933,100,100050,100,99931,100,100052,100,99920,100,100053,100,99906,200,100054,100,99901,100,100058,100,99900,100
2019-06-28 09:33:03.114444746,99981,269,99959,169,100014,169,99942,169,100018,169,99940,169,100032,169,99935,369,100047,100,99933,100,100050,100,99931,100,100052,100,99920,100,100053,100,99906,200,100054,100,99901,100,100058,100,99900,100
2019-06-28 09:33:10.000000000,99981,294,99959,194,100014,191,99942,191,100018,191,99940,191,100032,100,99935,300,100047,100,99933,100,100050,100,99931,100,100052,100,99920,100,100053,100,99906,200,100054,100,99901,100,100058,100,99900,100
2019-06-28 09:33:18.200060550,99981,294,99959,194,100014,191,99942,191,100018,191,99940,191,100032,100,99935,300,100047,100,99933,100,100050,100,99931,100,100052,100,99920,100,100053,100,99906,200,100058,100,99901,100,100063,100,99900,100
2019-06-28 09:33:20.000000000,99981,294,99959,194,100014,191,99942,191,100018,191,99940,191,100032,100,99935,300,100047,100,99933,100,100050,100,99931,100,100052,100,99920,100,100053,100,99906,200,100058,100,99901,100,100063,100,99900,100
2019-06-28 09:33:30.000000000,99981,269,99959,169,100014,169,99942,169,100018,169,99940,169,100032,169,99935,369,100047,100,99933,100,100050,100,99931,100,100052,100,99920,100,100053,100,99906,200,100058,100,99901,100,100063,100,99900,100
2019-06-28 09:33:37.806066674,99981,269,99959,69,100014,169,99942,169,100018,169,99940,169,100032,169,99935,369,100047,100,99933,100,100050,100,99931,100,100052,100,99920,100,100053,100,99906,200,100058,100,99901,100,100063,100,99900,100
2019-06-28 09:33:40.000000000,99981,477,99942,377,100014,100,99940,100,100018,100,99935,300,100032,100,99933,100,100047,100,99931,100,100050,100,99920,100,100052,100,99906,200,100053,100,99901,100,100058,100,99900,100,100063,100,99892,100
2019-06-28 09:33:50.000000000,99981,338,99942,238,100014,238,99940,238,100018,100,99935,300,100032,100,99933,100,100047,100,99931,100,100050,100,99920,100,100052,100,99906,200,100053,100,99901,100,100058,100,99900,100,100063,100,99892,100
2019-06-28 09:33:54.448008009,99981,338,99942,138,100014,238,99940,238,100018,100,99935,300,100032,100,99933,100,100047,100,99931,100,100050,100,99920,100,100052,100,99906,200,100053,100,99901,100,100058,100,99900,100,100063,100,99892,100
2019-06-28 09:34:00.000000000,99981,477,99940,377,100014,100,99935,300,100018,100,99933,100,100032,100,99931,100,100047,100,99920,100,100050,100,99906,200,100052,100,99901,100,100053,100,99900,100,100058,100,99892,100,100063,100,99888,100
2019-06-28 09:34:01.063734267,99981,477,99940,377,100014,100,99935,300,100018,100,99933,100,100032,100,99931,100,100047,100,99920,100,100050,100,99906,200,100052,100,99901,100,100053,100,99900,100,100058,100,99892,100,100063,100,99888,100
2019-06-28 09:34:04.698080914,99981,477,99940,277,100014,100,99935,300,100018,100,99933,100,100032,100,99931,100,100047,100,99920,100,100050,100,99906,200,100053,100,99901,100,100058,100,99900,100,100063,100,99892,100,100069,100,99888,100
2019-06-28 09:34:08.668595165,99981,477,99940,177,100014,100,99935,300,100018,100,99933,100,100032,100,99931,100,100047,100,99920,100,100050,100,99906,200,100058,100,99901,100,100063,100,99900,100,100069,100,99892,100,100075,100,99888,100
2019-06-28 09:34:10.000000000,99981,338,99935,438,100014,238,99933,238,100018,100,99931,100,100032,100,99920,100,100047,100,99906,200,100050,100,99901,100,100058,100,99900,100,100063,100,99892,100,100069,100,99888,100,100075,100,99880,100
2019-06-28 09:34:19.111021039,99981,338,99935,438,100014,238,99933,238,100018,100,99931,100,100032,100,99920,100,100047,100,99906,200,100050,100,99901,100,100058,100,99900,100,100063,100,99892,100,100069,100,99888,100,100075,100,99880,100
2019-06-28 09:34:20.000000000,99981,338,99935,438,100014,238,99933,238,100018,100,99931,100,100032,100,99920,100,100047,100,99906,200,100050,100,99901,100,100058,100,99900,100,100063,100,99892,100,100069,100,99888,100,100075,100,99880,100
2019-06-28 09:34:30.000000000,99981,294,99935,394,100014,191,99933,191,100018,191,99931,191,100032,100,99920,100,100047,100,99906,200,100050,100,99901,100,100058,100,99900,100,100063,100,99892,100,100069,100,99888,100,100075,100,99880,100
2019-06-28 09:34:31.665284507,99981,294,99935,294,100014,191,99933,191,100018,191,99931,191,100032,100,99920,100,100047,100,99906,200,100050,100,99901,100,100058,100,99900,100,100063,100,99892,100,100069,100,99888,100,100075,100,99880,100
2019-06-28 09:34:40.000000000,99981,269,99935,269,100014,169,99933,169,100018,169,99931,169,100032,169,99920,169,100047,100,99906,200,100050,100,99901,100,100058,100,99900,100,100063,100,99892,100,100069,100,99888,100,100075,100,99880,100
2019-06-28 09:34:42.579728929,99981,269,99935,169,100014,169,99933,169,100018,169,99931,169,100032,169,99920,169,100047,100,99906,200,100050,100,99901,100,100058,100,99900,100,100063,100,99892,100,100069,100,99888,100,100075,100,99880,100
2019-06-28 09:34:43.090300446,99981,269,99935,169,100014,169,99933,169,100018,169,99931,169,100032,169,99920,69,100047,100,99906,200,100050,100,99901,100,100058,100,99900,100,100063,100,99892,100,100069,100,99888,100,100075,100,99880,100
2019-06-28 09:34:50.000000000,99981,338,99935,238,100014,238,99933,238,100018,100,99931,100,100032,100,99906,200,100047,100,99901,100,100050,100,99900,100,100058,100,99892,100,100063,100,99888,100,100069,100,99880,100,100075,100,99857,100
2019-06-28 09:35:00.000000000,99981,338,99935,238,100014,238,99933,238,100018,100,99931,100,100032,100,99906,200,100047,100,99901,100,100050,100,99900,100,100058,100,99892,100,100063,100,99888,100,100069,100,99880,100,100075,100,99857,100
2019-06-28 09:35:04.744961924,99981,338,99935,138,100014,238,99933,238,100018,100,99931,100,100032,100,99906,200,100050,100,99901,100,100058,100,99900,100,100063,100,99892,100,100069,100,99888,100,100075,100,99880,100,100119,100,99857,100
2019-06-28 09:35:10.000000000,99981,294,99933,194,100014,191,99931,191,100018,191,99906,291,100032,100,99901,100,100050,100,99900,100,100058,100,99892,100,100063,100,99888,100,100069,100,99880,100,100075,100,99857,100,100119,100,99844,100
2019-06-28 09:35:16.319998199,99981,294,99933,94,100014,191,99931,191,100018,191,99906,291,100032,100,99901,100,100050,100,99900,100,100058,100,99892,100,100063,100,99888,100,100069,100,99880,100,100075,100,99857,100,100119,100,99844,100
2019-06-28 09:35:20.000000000,99981,294,99931,194,100014,191,99906,291,100018,191,99901,191,100032,100,99900,100,100050,100,99892,100,100058,100,99888,100,100063,100,99880,100,100069,100,99857,100,100075,100,99844,100,100119,100,99674,100
2019-06-28 09:35:30.000000000,99981,477,99931,377,100014,100,99906,200,100018,100,99901,100,100032,100,99900,100,100050,100,99892,100,100058,100,99888,100,100063,100,99880,100,100069,100,99857,100,100075,100,99844,100,100119,100,99674,100
2019-06-28 09:35:38.331527229,99981,477,99931,377,100014,100,99906,200,100018,100,99901,100,100032,100,99900,100,100050,100,99892,100,100058,100,99888,100,100063,100,99880,100,100069,100,99857,100,100075,100,99844,100,100119,100,99674,100
2019-06-28 09:35:40.000000000,99981,477,99931,377,100014,100,99906,200,100018,100,99901,100,100032,100,99900,100,100050,100,99892,100,100058,100,99888,100,100063,100,99880,100,100069,100,99857,100,100075,100,99844,100,100119,100,99674,100
2019-06-28 09:35:50.000000000,99981,255,99931,155,100014,155,99906,255,100018,155,99901,155,100032,155,99900,155,100050,155,99892,155,100058,100,99888,100,100063,100,99880,100,100069,100,99857,100,100075,100,99844,100,100119,100,99674,100
2019-06-28 09:35:57.168024124,99981,255,99931,55,100014,155,99906,255,100018,155,99901,155,100032,155,99900,155,100050,155,99892,155,100058,100,99888,100,100063,100,99880,100,100069,100,99857,100,100075,100,99844,100,100119,100,99674,100
2019-06-28 09:36:00.000000000,99981,294,99906,294,100014,191,99901,191,100018,191,99900,191,100032,100,99892,100,100050,100,99888,100,100058,100,99880,100,100063,100,99857,100,100069,100,99844,100,100075,100,99674,100,100119,100,99004,100
2019-06-28 09:36:10.000000000,99981,294,99906,294,100014,191,99901,191,100018,191,99900,191,100032,100,99892,100,100050,100,99888,100,100058,100,99880,100,100063,100,99857,100,100069,100,99844,100,100075,100,99674,100,100119,100,99004,100
2019-06-28 09:36:15.985803459,99981,294,99906,294,100014,191,99901,191,100018,191,99900,191,100032,100,99892,100,100050,100,99888,100,100058,100,99880,100,100063,100,99857,100,100069,100,99844,100,100075,100,99674,100,100119,100,99004,100
2019-06-28 09:36:20.000000000,99981,255,99906,255,100014,155,99901,155,100018,155,99900,155,100032,155,99892,155,100050,155,99888,155,100058,100,99880,100,100063,100,99857,100,100069,100,99844,100,100075,100,99674,100,100119,100,99004,100
2019-06-28 09:36:30.000000000,99981,269,99906,269,100014,169,99901,169,100018,169,99900,169,100032,169,99892,169,100050,100,99888,100,100058,100,99880,100,100063,100,99857,100,100069,100,99844,100,100075,100,99674,100,100119,100,99004,100
2019-06-28 09:36:40.000000000,99981,477,99906,477,100014,100,99901,100,100018,100,99900,100,100032,100,99892,100,100050,100,99888,100,100058,100,99880,100,100063,100,99857,100,100069,100,99844,100,100075,100,99674,100,100119,100,99004,100
2019-06-28 09:36:50.000000000,99981,477,99906,477,100014,100,99901,100,100018,100,99900,100,100032,100,99892,100,100050,100,99888,100,100058,100,99880,100,100063,100,99857,100,100069,100,99844,100,100075,100,99674,100,100119,100,99004,100
2019-06-28 09:37:00.000000000,99981,294,99906,294,100014,191,99901,191,100018,191,99900,191,100032,100,99892,100,100050,100,99888,100,100058,100,99880,100,100063,100,99857,100,100069,100,99844,100,100075,100,99674,100,100119,100,99004,100
2019-06-28 09:37:10.000000000,99981,294,99906,294,100014,191,99901,191,100018,191,99900,191,100032,100,99892,100,100050,100,99888,100,100058,100,99880,100,100063,100,99857,100,100069,100,99844,100,100075,100,99674,100,100119,100,99004,100
2019-06-28 09:37:20.000000000,99981,477,99906,477,100014,100,99901,100,100018,100,99900,100,100032,100,99892,100,100050,100,99888,100,100058,100,99880,100,100063,100,99857,100,100069,100,99844,100,100075,100,99674,100,100119,100,99004,100
2019-06-28 09:37:30.000000000,99981,338,99906,338,100014,238,99901,238,100018,100,99900,100,100032,100,99892,100,100050,100,99888,100,100058,100,99880,100,100063,100,99857,100,100069,100,99844,100,100075,100,99674,100,100119,100,99004,100
2019-06-28 09:37:40.000000000,99981,477,99906,477,100014,100,99901,100,100018,100,99900,100,100032,100,99892,100,100050,100,99888,100,100058,100,99880,100,100063,100,99857,100,100069,100,99844,100,100075,100,99674,100,100119,100,99004,100
2019-06-28 09:37:50.000000000,99981,255,99906,255,100014,155,99901,155,100018,155,99900,155,100032,155,99892,155,100050,155,99888,155,100058,100,99880,100,100063,100,99857,100,100069,100,99844,100,100075,100,99674,100,100119,100,99004,100
2019-06-28 09:38:00.000000000,99981,269,99906,269,100014,169,99901,169,100018,169,99900,169,100032,169,99892,169,100050,100,99888,100,100058,100,99880,100,100063,100,99857,100,100069,100,99844,100,100075,100,99674,100,100119,100,99004,100
2019-06-28 09:38:10.000000000,99981,294,99906,294,100014,191,99901,191,100018,191,99900,191,100032,100,99892,100,100050,100,99888,100,100058,100,99880,100,100063,100,99857,100,100069,100,99844,100,100075,100,99674,100,100119,100,99004,100
2019-06-28 09:38:20.000000000,99981,255,99906,255,100014,155,99901,155,100018,155,99900,155,100032,155,99892,155,100050,155,99888,155,100058,100,99880,100,100063,100,99857,100,100069,100,99844,100,100075,100,99674,100,100119,100,99004,100
2019-06-28 09:38:28.150350011,99981,255,99906,255,100014,155,99901,155,100018,155,99900,155,100032,155,99892,155,100050,155,99888,155,100058,100,99880,100,100063,100,99857,100,100069,100,99844,100,100075,100,99727,100,100119,100,99674,100
2019-06-28 09:38:30.000000000,99981,255,99906,255,100014,155,99901,155,100018,155,99900,155,100032,155,99892,155,100050,155,99888,155,100058,100,99880,100,100063,100,99857,100,100069,100,99844,100,100075,100,99727,100,100119,100,99674,100
2019-06-28 09:38:40.000000000,99981,255,99906,255,100014,155,99901,155,100018,155,99900,155,100032,155,99892,155,100050,155,99888,155,100058,100,99880,100,100063,100,99857,100,100069,100,99844,100,100075,100,99727,100,100119,100,99674,100
2019-06-28 09:38:46.464312266,99933,100,99906,255,99981,255,99901,155,100014,155,99900,155,100018,155,99892,155,100032,155,99888,155,100050,155,99880,100,100058,100,99857,100,100063,100,99844,100,100069,100,99727,100,100075,100,99674,100
2019-06-28 09:38:50.000000000,99933,155,99906,255,99981,255,99901,155,100014,155,99900,155,100018,155,99892,155,100032,155,99888,155,100050,100,99880,100,100058,100,99857,100,100063,100,99844,100,100069,100,99727,100,100075,100,99674,100
2019-06-28 09:39:00.000000000,99933,238,99906,338,99981,338,99901,238,100014,100,99900,100,100018,100,99892,100,100032,100,99888,100,100050,100,99880,100,100058,100,99857,100,100063,100,99844,100,100069,100,99727,100,100075,100,99674,100
2019-06-28 09:39:10.000000000,99933,238,99906,338,99981,338,99901,238,100014,100,99900,100,100018,100,99892,100,100032,100,99888,100,100050,100,99880,100,100058,100,99857,100,100063,100,99844,100,100069,100,99727,100,100075,100,99674,100
2019-06-28 09:39:11.681590131,99933,238,99906,238,99981,338,99901,238,100014,100,99900,100,100018,100,99892,100,100032,100,99888,100,100050,100,99880,100,100058,100,99857,100,100063,100,99844,100,100069,100,99727,100,100075,100,99674,100
2019-06-28 09:39:13.501182394,99933,238,99906,238,99943,100,99901,238,99981,338,99900,100,100014,100,99892,100,100018,100,99888,100,100032,100,99880,100,100050,100,99857,100,100058,100,99844,100,100063,100,99727,100,100069,100,99674,100
2019-06-28 09:39:20.000000000,99933,194,99906,194,99943,191,99901,191,99981,291,99900,191,100014,100,99892,100,100018,100,99888,100,100032,100,99880,100,100050,100,99857,100,100058,100,99844,100,100063,100,99727,100,100069,100,99674,100
2019-06-28 09:39:27.533103724,99931,100,99906,194,99933,194,99901,191,99943,191,99900,191,99981,291,99892,100,100014,100,99888,100,100018,100,99880,100,100032,100,99857,100,100050,100,99844,100,100058,100,99727,100,100063,100,99674,100
2019-06-28 09:39:30.000000000,99931,194,99906,194,99933,191,99901,191,99943,191,99900,191,99981,200,99892,100,100014,100,99888,100,100018,100,99880,100,100032,100,99857,100,100050,100,99844,100,100058,100,99727,100,100063,100,99674,100
2019-06-28 09:39:40.000000000,99931,155,99906,155,99933,155,99901,155,99943,155,99900,155,99981,255,99892,155,100014,155,99888,155,100018,100,99880,100,100032,100,99857,100,100050,100,99844,100,100058,100,99727,100,100063,100,99674,100
2019-06-28 09:39:50.000000000,99931,238,99906,238,99933,238,99901,238,99943,100,99900,100,99981,200,99892,100,100014,100,99888,100,100018,100,99880,100,100032,100,99857,100,100050,100,99844,100,100058,100,99727,100,100063,100,99674,100
2019-06-28 09:40:00.000000000,99931,155,99906,155,99933,155,99901,155,99943,155,99900,155,99981,255,99892,155,100014,155,99888,155,100018,100,99880,100,100032,100,99857,100,100050,100,99844,100,100058,100,99727,100,100063,100,99674,100
2019-06-28 09:40:02.274440419,99931,155,99906,55,99933,155,99901,155,99943,155,99900,155,99981,255,99892,155,100014,155,99888,155,100018,100,99880,100,100032,100,99857,100,100050,100,99844,100,100058,100,99727,100,100063,100,99674,100
2019-06-28 09:40:10.000000000,99931,238,99901,238,99933,238,99900,238,99943,100,99892,100,99981,200,99888,100,100014,100,99880,100,100018,100,99857,100,100032,100,99844,100,100050,100,99727,100,100058,100,99674,100,100063,100,99004,100
2019-06-28 09:40:16.248497933,99931,238,99901,238,99933,238,99900,238,99943,100,99892,100,99962,100,99888,100,99981,200,99880,100,100014,100,99857,100,100018,100,99844,100,100032,100,99727,100,100050,100,99674,100,100058,100,99004,100
2019-06-28 09:40:20.000000000,99931,238,99901,238,99933,238,99900,238,99943,100,99892,100,99962,100,99888,100,99981,200,99880,100,100014,100,99857,100,100018,100,99844,100,100032,100,99727,100,100050,100,99674,100,100058,100,99004,100
2019-06-28 09:40:22.226894172,99931,238,99901,238,99933,238,99900,238,99943,100,99892,100,99962,100,99888,100,99981,200,99880,100,100005,100,99857,100,100014,100,99727,100,100018,100,99674,100,100032,100,99004,100,100050,100,98919,100
2019-06-28 09:40:26.452989038,99931,238,99907,100,99933,238,99901,238,99943,100,99900,238,99962,100,99892,100,99981,100,99888,100,100005,100,99880,100,100014,100,99857,100,100018,100,99727,100,100032,100,99674,100,100050,100,99004,100
2019-06-28 09:40:30.000000000,99931,377,99907,377,99933,100,99901,100,99943,100,99900,100,99962,100,99892,100,99981,100,99888,100,100005,100,99880,100,100014,100,99857,100,100018,100,99727,100,100032,100,99674,100,100050,100,99004,100
2019-06-28 09:40:39.523633705,99931,377,99907,377,99933,100,99901,100,99943,100,99900,100,99962,100,99892,100,99981,100,99888,100,100005,100,99880,100,100014,100,99857,100,100018,100,99727,100,100032,100,99674,100,100050,100,99004,100
2019-06-28 09:40:40.000000000,99931,169,99907,169,99933,169,99901,169,99943,169,99900,169,99962,169,99892,169,99981,100,99888,100,100005,100,99880,100,100014,100,99857,100,100018,100,99727,100,100032,100,99674,100,100050,100,99004,100
2019-06-28 09:40:50.000000000,99931,169,99907,169,99933,169,99901,169,99943,169,99900,169,99962,169,99892,169,99981,100,99888,100,100005,100,99880,100,100014,100,99857,100,100018,100,99727,100,100032,100,99674,100,100050,100,99004,100
2019-06-28 09:41:00.000000000,99931,377,99907,377,99933,100,99901,100,99943,100,99900,100,99962,100,99892,100,99981,100,99888,100,100005,100,99880,100,100014,100,99857,100,100018,100,99727,100,100032,100,99674,100,100050,100,99004,100
2019-06-28 09:41:08.871741541,99931,277,99907,377,99933,100,99901,100,99943,100,99900,100,99962,100,99892,100,99981,100,99888,100,100005,100,99880,100,100014,100,99857,100,100018,100,99674,100,100032,100,99004,100,100050,100,98919,100
2019-06-28 09:41:10.000000000,99933,238,99907,238,99943,238,99901,238,99962,100,99900,100,99981,100,99892,100,100005,100,99888,100,100014,100,99880,100,100018,100,99857,100,100032,100,99674,100,100050,100,99004,100,100058,100,98919,100
2019-06-28 09:41:20.000000000,99933,377,99907,377,99943,100,99901,100,99962,100,99900,100,99981,100,99892,100,100005,100,99888,100,100014,100,99880,100,100018,100,99857,100,100032,100,99674,100,100050,100,99004,100,100058,100,98919,100
2019-06-28 09:41:27.838877813,99933,377,99908,100,99943,100,99907,377,99962,100,99901,100,99981,100,99900,100,100005,100,99892,100,100014,100,99888,100,100018,100,99880,100,100032,100,99857,100,100050,100,99674,100,100058,100,99004,100
2019-06-28 09:41:29.412466166,99933,277,99908,100,99943,100,99907,377,99962,100,99901,100,99981,100,99900,100,100005,100,99892,100,100014,100,99888,100,100018,100,99880,100,100032,100,99857,100,100050,100,99674,100,100058,100,99004,100
2019-06-28 09:41:30.000000000,99943,238,99908,238,99962,238,99907,238,99981,100,99901,100,100005,100,99900,100,100014,100,99892,100,100018,100,99888,100,100032,100,99880,100,100050,100,99857,100,100058,100,99674,100,100063,100,99004,100
2019-06-28 09:41:40.000000000,99943,169,99908,169,99962,169,99907,169,99981,169,99901,169,100005,169,99900,169,100014,100,99892,100,100018,100,99888,100,100032,100,99880,100,100050,100,99857,100,100058,100,99674,100,100063,100,99004,100
2019-06-28 09:41:46.221771243,99943,69,99908,169,99962,169,99907,169,99981,169,99901,169,100005,169,99900,169,100014,100,99892,100,100018,100,99888,100,100032,100,99880,100,100050,100,99857,100,100058,100,99674,100,100063,100,99004,100
2019-06-28 09:41:50.000000000,99962,155,99908,155,99981,155,99907,155,100005,155,99901,155,100014,155,99900,155,100018,155,99892,155,100032,100,99888,100,100050,100,99880,100,100058,100,99857,100,100063,100,99674,100,100108,100,99004,100
2019-06-28 09:42:00.000000000,99962,169,99908,169,99981,169,99907,169,100005,169,99901,169,100014,169,99900,169,100018,100,99892,100,100032,100,99888,100,100050,100,99880,100,100058,100,99857,100,100063,100,99674,100,100108,100,99004,100
2019-06-28 09:42:10.000000000,99962,377,99908,377,99981,100,99907,100,100005,100,99901,100,100014,100,99900,100,100018,100,99892,100,100032,100,99888,100,100050,100,99880,100,100058,100,99857,100,100063,100,99674,100,100108,100,99004,100
2019-06-28 09:42:20.000000000,99962,155,99908,155,99981,155,99907,155,100005,155,99901,155,100014,155,99900,155,100018,155,99892,155,100032,100,99888,100,100050,100,99880,100,100058,100,99857,100,100063,100,99674,100,100108,100,99004,100
2019-06-28 09:42:30.000000000,99962,169,99908,169,99981,169,99907,169,100005,169,99901,169,100014,169,99900,169,100018,100,99892,100,100032,100,99888,100,100050,100,99880,100,100058,100,99857,100,100063,100,99674,100,100108,100,99004,100
2019-06-28 09:42:30.946543269,99962,69,99908,169,99981,169,99907,169,100005,169,99901,169,100014,169,99900,169,100018,100,99892,100,100032,100,99888,100,100050,100,99880,100,100058,100,99857,100,100063,100,99674,100,100108,100,99004,100
2019-06-28 09:42:32.842653140,99962,69,99943,100,99981,169,99908,169,100005,169,99907,169,100014,169,99901,169,100018,100,99900,169,100032,100,99892,100,100050,100,99888,100,100058,100,99880,100,100063,100,99857,100,100108,100,99674,100
2019-06-28 09:42:39.198060644,99962,69,99943,100,99981,169,99908,169,100005,169,99907,169,100014,169,99901,169,100018,100,99900,169,100032,100,99892,100,100050,100,99888,100,100058,100,99880,100,100063,100,99857,100,100108,100,99674,100
2019-06-28 09:42:39.390925786,99962,69,99943,100,99981,169,99908,169,100005,169,99907,169,100014,169,99901,69,100018,100,99900,169,100032,100,99892,100,100050,100,99888,100,100058,100,99880,100,100063,100,99857,100,100108,100,99674,100
2019-06-28 09:42:40.000000000,99981,377,99943,377,100005,100,99908,100,100014,100,99907,100,100018,100,99900,100,100032,100,99892,100,100050,100,99888,100,100058,100,99880,100,100063,100,99857,100,100108,100,99674,100,100119,100,99004,100
2019-06-28 09:42:50.000000000,99981,169,99943,169,100005,169,99908,169,100014,169,99907,169,100018,169,99900,169,100032,100,99892,100,100050,100,99888,100,100058,100,99880,100,100063,100,99857,100,100108,100,99674,100,100119,100,99004,100
2019-06-28 09:43:00.000000000,99981,155,99943,155,100005,155,99908,155,100014,155,99907,155,100018,155,99900,155,100032,155,99892,155,100050,100,99888,100,100058,100,99880,100,100063,100,99857,100,100108,100,99674,100,100119,100,99004,100
2019-06-28 09:43:00.037022494,99981,155,99943,55,100005,155,99908,155,100014,155,99907,155,100018,155,99900,155,100032,155,99892,155,100050,100,99888,100,100058,100,99880,100,100063,100,99857,100,100108,100,99674,100,100123,100,99004,100
2019-06-28 09:43:10.000000000,99981,194,99908,194,100005,191,99907,191,100014,191,99900,191,100018,100,99892,100,100032,100,99888,100,100050,100,99880,100,100058,100,99857,100,100063,100,99674,100,100108,100,99004,100,100123,100,98919,100
2019-06-28 09:43:20.000000000,99981,194,99908,194,100005,191,99907,191,100014,191,99900,191,100018,100,99892,100,100032,100,99888,100,100050,100,99880,100,100058,100,99857,100,100063,100,99674,100,100108,100,99004,100,100123,100,98919,100
2019-06-28 09:43:30.000000000,99981,377,99908,377,100005,100,99907,100,100014,100,99900,100,100018,100,99892,100,100032,100,99888,100,100050,100,99880,100,100058,100,99857,100,100063,100,99674,100,100108,100,99004,100,100123,100,98919,100
2019-06-28 09:43:40.000000000,99981,155,99908,155,100005,155,99907,155,100014,155,99900,155,100018,155,99892,155,100032,155,99888,155,100050,100,99880,100,100058,100,99857,100,100063,100,99674,100,100108,100,99004,100,100123,100,98919,100
2019-06-28 09:43:50.000000000,99981,155,99908,155,100005,155,99907,155,100014,155,99900,155,100018,155,99892,155,100032,155,99888,155,100050,100,99880,100,100058,100,99857,100,100063,100,99674,100,100108,100,99004,100,100123,100,98919,100
2019-06-28 09:43:51.228210548,99981,155,99908,55,100005,155,99907,155,100014,155,99900,155,100018,155,99892,55,100032,155,99888,155,100050,100,99880,100,100058,100,99857,100,100063,100,99674,100,100108,100,99004,100,100123,100,98919,100
2019-06-28 09:44:00.000000000,99981,169,99907,169,100005,169,99900,169,100014,169,99888,169,100018,169,99880,169,100032,100,99857,100,100050,100,99674,100,100058,100,99004,100,100063,100,98919,100,100108,100,98855,100,100123,100,98697,100
2019-06-28 09:44:10.000000000,99981,238,99907,238,100005,238,99900,238,100014,100,99888,100,100018,100,99880,100,100032,100,99857,100,100050,100,99674,100,100058,100,99004,100,100063,100,98919,100,100108,100,98855,100,100123,100,98697,100
2019-06-28 09:44:20.000000000,99981,194,99907,194,100005,191,99900,191,100014,191,99888,191,100018,100,99880,100,100032,100,99857,100,100050,100,99674,100,100058,100,99004,100,100063,100,98919,100,100108,100,98855,100,100123,100,98697,100
2019-06-28 09:44:23.671052873,99943,100,99907,194,99981,194,99900,191,100005,191,99888,191,100014,191,99880,100,100018,100,99857,100,100032,100,99674,100,100050,100,99004,100,100058,100,98919,100,100063,100,98855,100,100108,100,98697,100
2019-06-28 09:44:30.000000000,99943,194,99907,194,99981,191,99900,191,100005,191,99888,191,100014,100,99880,100,100018,100,99857,100,100032,100,99674,100,100050,100,99004,100,100058,100,98919,100,100063,100,98855,100,100108,100,98697,100
2019-06-28 09:44:40.000000000,99943,169,99907,169,99981,169,99900,169,100005,169,99888,169,100014,169,99880,169,100018,100,99857,100,100032,100,99674,100,100050,100,99004,100,100058,100,98919,100,100063,100,98855,100,100108,100,98697,100
2019-06-28 09:44:42.992050198,99943,169,99907,169,99981,169,99900,169,100005,169,99888,169,100014,169,99880,169,100032,100,99857,100,100050,100,99674,100,100058,100,99408,100,100063,100,99004,100,100108,100,98919,100,100123,100,98855,100
2019-06-28 09:44:48.127699785,99943,169,99907,169,99981,169,99900,169,100005,169,99888,169,100014,169,99880,169,100032,100,99857,100,100050,100,99674,100,100058,100,99408,100,100063,100,99290,100,100108,100,99004,100,100123,100,98919,100
2019-06-28 09:44:50.000000000,99943,377,99907,377,99981,100,99900,100,100005,100,99888,100,100014,100,99880,100,100032,100,99857,100,100050,100,99674,100,100058,100,99408,100,100063,100,99290,100,100108,100,99004,100,100123,100,98919,100
2019-06-28 09:44:50.298729568,99943,477,99907,377,99981,100,99900,100,100005,100,99888,100,100014,100,99880,100,100032,100,99857,100,100050,100,99674,100,100058,100,99408,100,100063,100,99290,100,100108,100,99004,100,100123,100,98919,100
2019-06-28 09:44:52.285349932,99943,477,99907,377,99981,100,99900,100,100005,100,99888,100,100014,100,99880,100,100032,100,99857,100,100050,100,99674,100,100058,100,99408,100,100063,100,99314,100,100108,100,99290,100,100123,100,99004,100
2019-06-28 09:44:53.426707959,99943,577,99907,377,99981,100,99900,100,100005,100,99888,100,100014,100,99880,100,100032,100,99857,100,100050,100,99674,100,100058,100,99408,100,100063,100,99314,100,100108,100,99290,100,100123,100,99004,100
2019-06-28 09:45:00.000000000,99943,369,99907,169,99981,169,99900,169,100005,169,99888,169,100014,169,99880,169,100032,100,99857,100,100050,100,99674,100,100058,100,99408,100,100063,100,99314,100,100108,100,99290,100,100123,100,99004,100
2019-06-28 09:45:09.530434039,99943,369,99907,69,99981,169,99900,169,100005,169,99888,169,100014,169,99880,169,100032,100,99857,100,100050,100,99674,100,100058,100,99408,100,100063,100,99314,100,100108,100,99290,100,100123,100,99004,100
2019-06-28 09:45:10.000000000,99943,394,99900,194,99981,191,99888,191,100005,191,99880,191,100014,100,99857,100,100032,100,99674,100,100050,100,99408,100,100058,100,99314,100,100063,100,99290,100,100108,100,99004,100,100123,100,98919,100
2019-06-28 09:45:20.000000000,99943,355,99900,155,99981,155,99888,155,100005,155,99880,155,100014,155,99857,155,100032,155,99674,155,100050,100,99408,100,100058,100,99314,100,100063,100,99290,100,100108,100,99004,100,100123,100,98919,100
2019-06-28 09:45:30.000000000,99943,577,99900,377,99981,100,99888,100,100005,100,99880,100,100014,100,99857,100,100032,100,99674,100,100050,100,99408,100,100058,100,99314,100,100063,100,99290,100,100108,100,99004,100,100123,100,98919,100
2019-06-28 09:45:40.000000000,99943,369,99900,169,99981,169,99888,169,100005,169,99880,169,100014,169,99857,169,100032,100,99674,100,100050,100,99408,100,100058,100,99314,100,100063,100,99290,100,100108,100,99004,100,100123,100,98919,100
2019-06-28 09:45:46.533382379,99908,100,99900,169,99943,369,99888,169,99981,169,99880,169,100005,169,99857,169,100014,169,99674,100,100032,100,99408,100,100050,100,99314,100,100058,100,99290,100,100063,100,99004,100,100108,100,98919,100
2019-06-28 09:45:50.000000000,99908,238,99900,238,99943,438,99888,238,99981,100,99880,100,100005,100,99857,100,100014,100,99674,100,100032,100,99408,100,100050,100,99314,100,100058,100,99290,100,100063,100,99004,100,100108,100,98919,100
2019-06-28 09:46:00.000000000,99908,377,99900,377,99943,300,99888,100,99981,100,99880,100,100005,100,99857,100,100014,100,99674,100,100032,100,99408,100,100050,100,99314,100,100058,100,99290,100,100063,100,99004,100,100108,100,98919,100
2019-06-28 09:46:03.266704386,99908,377,99900,277,99943,300,99888,100,99981,100,99880,100,100005,100,99857,100,100014,100,99674,100,100032,100,99408,100,100050,100,99314,100,100058,100,99004,100,100063,100,98919,100,100108,100,98855,100
2019-06-28 09:46:04.231773577,99908,377,99900,177,99943,300,99888,100,99981,100,99880,100,100005,100,99857,100,100014,100,99674,100,100032,100,99408,100,100050,100,99314,100,100058,100,99004,100,100063,100,98919,100,100108,100,98855,100
2019-06-28 09:46:10.000000000,99908,238,99888,238,99943,438,99880,238,99981,100,99857,100,100005,100,99674,100,100014,100,99408,100,100032,100,99314,100,100050,100,99004,100,100058,100,98919,100,100063,100,98855,100,100108,100,98697,100
2019-06-28 09:46:20.000000000,99908,377,99888,377,99943,300,99880,100,99981,100,99857,100,100005,100,99674,100,100014,100,99408,100,100032,100,99314,100,100050,100,99004,100,100058,100,98919,100,100063,100,98855,100,100108,100,98697,100
2019-06-28 09:46:30.000000000,99908,169,99888,169,99943,369,99880,169,99981,169,99857,169,100005,169,99674,169,100014,100,99408,100,100032,100,99314,100,100050,100,99004,100,100058,100,98919,100,100063,100,98855,100,100108,100,98697,100
2019-06-28 09:46:31.238717381,99888,31,99880,169,99908,169,99857,169,99943,369,99674,169,99981,169,99408,100,100005,169,99314,100,100014,100,99004,100,100032,100,98919,100,100050,100,98855,100,100058,100,98697,100,100063,100,,
2019-06-28 09:46:33.676456797,99888,31,99880,69,99908,169,99857,169,99943,369,99674,169,99981,169,99408,100,100005,169,99314,100,100014,100,99071,100,100032,100,99004,100,100050,100,98919,100,100058,100,98855,100,100063,100,98697,100
2019-06-28 09:46:40.000000000,99888,169,99857,238,99908,238,99674,238,99943,300,99408,100,99981,100,99314,100,100005,100,99071,100,100014,100,99004,100,100032,100,98919,100,100050,100,98855,100,100058,100,98697,100,100063,100,,
2019-06-28 09:46:49.919844211,99888,169,99857,138,99908,238,99674,238,99943,300,99408,100,99981,100,99314,100,100005,100,99071,100,100014,100,99004,100,100032,100,98919,100,100050,100,98855,100,100058,100,98697,100,100108,100,,
2019-06-28 09:46:50.000000000,99888,308,99674,377,99908,100,99408,100,99943,300,99314,100,99981,100,99071,100,100005,100,99004,100,100014,100,98919,100,100032,100,98855,100,100050,100,98697,100,100058,100,,,100108,100,,
2019-06-28 09:47:00.000000000,99888,308,99674,377,99908,100,99408,100,99943,300,99314,100,99981,100,99071,100,100005,100,99004,100,100014,100,98919,100,100032,100,98855,100,100050,100,98697,100,100058,100,,,100108,100,,
2019-06-28 09:47:10.000000000,99888,125,99674,194,99908,191,99408,191,99943,391,99314,191,99981,100,99071,100,100005,100,99004,100,100014,100,98919,100,100032,100,98855,100,100050,100,98697,100,100058,100,,,100108,100,,
2019-06-28 09:47:18.666424617,99887,100,99674,194,99888,125,99408,191,99908,191,99314,191,99943,391,99071,100,99981,100,99004,100,100005,100,98919,100,100014,100,98855,100,100032,100,98697,100,100050,100,,,100058,100,,
2019-06-28 09:47:20.000000000,99887,155,99674,155,99888,86,99408,155,99908,155,99314,155,99943,355,99071,155,99981,155,99004,155,100005,100,98919,100,100014,100,98855,100,100032,100,98697,100,100050,100,,,100058,100,,
2019-06-28 09:47:24.967253791,99887,155,99674,155,99888,86,99408,155,99908,155,99314,155,99943,355,99071,155,99981,155,99004,155,100005,100,98945,100,100014,100,98919,100,100032,100,98855,100,100050,100,98697,100,100058,100,,
2019-06-28 09:47:26.026551197,99887,155,99674,155,99888,86,99408,155,99908,155,99314,155,99943,355,99256,100,99981,155,99071,155,100005,100,99004,155,100014,100,98945,100,100032,100,98919,100,100050,100,98855,100,100058,100,98697,100
2019-06-28 09:47:30.000000000,99887,377,99674,377,99888,31,99408,100,99908,100,99314,100,99943,300,99256,100,99981,100,99071,100,100005,100,99004,100,100014,100,98945,100,100032,100,98919,100,100050,100,98855,100,100058,100,98697,100
2019-06-28 09:47:33.824479747,99887,477,99674,377,99888,31,99408,100,99908,100,99314,100,99943,300,99256,100,99981,100,99071,100,100005,100,99004,100,100014,100,98945,100,100032,100,98919,100,100050,100,98855,100,100058,100,98697,100
2019-06-28 09:47:35.413314007,99887,477,99674,377,99888,31,99408,100,99908,100,99314,100,99943,300,99256,100,99981,100,99182,100,100005,100,99071,100,100014,100,99004,100,100032,100,98945,100,100050,100,98919,100,100058,100,98855,100
2019-06-28 09:47:40.000000000,99887,477,99674,377,99888,31,99408,100,99908,100,99314,100,99943,300,99256,100,99981,100,99182,100,100005,100,99071,100,100014,100,99004,100,100032,100,98945,100,100050,100,98919,100,100058,100,98855,100
2019-06-28 09:47:50.000000000,99887,269,99674,169,99888,100,99408,169,99908,169,99314,169,99943,369,99256,169,99981,100,99182,100,100005,100,99071,100,100014,100,99004,100,100032,100,98945,100,100050,100,98919,100,100058,100,98855,100
2019-06-28 09:47:53.189776073,99887,269,99674,169,99888,100,99408,169,99908,169,99314,169,99943,369,99256,169,99981,100,99182,100,100005,100,99071,100,100014,100,99004,100,100032,100,98945,100,100050,100,98919,100,100058,100,98855,100
2019-06-28 09:48:00.000000000,99887,294,99674,194,99888,122,99408,191,99908,191,99314,191,99943,300,99256,100,99981,100,99182,100,100005,100,99071,100,100014,100,99004,100,100032,100,98945,100,100050,100,98919,100,100058,100,98855,100
2019-06-28 09:48:10.000000000,99887,269,99674,169,99888,100,99408,169,99908,169,99314,169,99943,369,99256,169,99981,100,99182,100,100005,100,99071,100,100014,100,99004,100,100032,100,98945,100,100050,100,98919,100,100058,100,98855,100
2019-06-28 09:48:11.561612803,99887,269,99674,169,99888,100,99408,169,99908,169,99314,169,99943,369,99256,169,100005,100,99182,100,100014,100,99071,100,100032,100,99004,100,100050,100,98945,100,100058,100,98919,100,100108,100,98855,100
2019-06-28 09:48:20.000000000,99887,269,99674,169,99888,100,99408,169,99908,169,99314,169,99943,369,99256,169,100005,100,99182,100,100014,100,99071,100,100032,100,99004,100,100050,100,98945,100,100058,100,98919,100,100108,100,98855,100
2019-06-28 09:48:30.000000000,99887,477,99674,377,99888,31,99408,100,99908,100,99314,100,99943,300,99256,100,100005,100,99182,100,100014,100,99071,100,100032,100,99004,100,100050,100,98945,100,100058,100,98919,100,100108,100,98855,100
2019-06-28 09:48:30.666989004,99887,577,99674,377,99888,31,99408,100,99908,100,99314,100,99943,300,99256,100,100005,100,99182,100,100014,100,99071,100,100032,100,99004,100,100050,100,98945,100,100058,100,98919,100,100108,100,98855,100
2019-06-28 09:48:31.935426340,99887,577,99674,377,99888,31,99408,100,99908,100,99314,100,99943,300,99256,100,100005,100,99182,100,100014,100,99004,100,100032,100,98945,100,100050,100,98919,100,100058,100,98855,100,100108,100,98697,100
2019-06-28 09:48:40.000000000,99887,355,99674,155,99888,86,99408,155,99908,155,99314,155,99943,355,99256,155,100005,155,99182,155,100014,100,99004,100,100032,100,98945,100,100050,100,98919,100,100058,100,98855,100,100108,100,98697,100
2019-06-28 09:48:44.009569395,99887,455,99674,155,99888,86,99408,155,99908,155,99314,155,99943,355,99256,155,100005,155,99182,155,100014,100,99004,100,100032,100,98945,100,100050,100,98919,100,100058,100,98855,100,100108,100,98697,100
2019-06-28 09:48:49.843538910,99887,455,99674,155,99888,86,99408,155,99908,155,99314,155,99943,355,99256,155,100005,155,99182,155,100014,100,99004,100,100032,100,98945,100,100050,100,98919,100,100058,100,98855,100,100108,100,98697,100
2019-06-28 09:48:50.000000000,99887,494,99674,194,99888,122,99408,191,99908,191,99314,191,99943,300,99256,100,100005,100,99182,100,100014,100,99004,100,100032,100,98945,100,100050,100,98919,100,100058,100,98855,100,100108,100,98697,100
2019-06-28 09:49:00.000000000,99887,469,99674,169,99888,100,99408,169,99908,169,99314,169,99943,369,99256,169,100005,100,99182,100,100014,100,99004,100,100032,100,98945,100,100050,100,98919,100,100058,100,98855,100,100108,100,98697,100
2019-06-28 09:49:10.000000000,99887,494,99674,194,99888,122,99408,191,99908,191,99314,191,99943,300,99256,100,100005,100,99182,100,100014,100,99004,100,100032,100,98945,100,100050,100,98919,100,100058,100,98855,100,100108,100,98697,100
2019-06-28 09:49:16.549471830,99887,494,99674,194,99888,122,99408,191,99908,191,99314,191,99943,300,99256,100,100005,100,99182,100,100014,100,99004,100,100032,100,98945,100,100050,100,98919,100,100058,100,98855,100,100108,100,98697,100
2019-06-28 09:49:20.000000000,99887,455,99674,155,99888,86,99408,155,99908,155,99314,155,99943,355,99256,155,100005,155,99182,155,100014,100,99004,100,100032,100,98945,100,100050,100,98919,100,100058,100,98855,100,100108,100,98697,100
2019-06-28 09:49:21.918002639,99887,555,99674,155,99888,86,99408,155,99908,155,99314,155,99943,355,99256,155,100005,155,99182,155,100014,100,99004,100,100032,100,98945,100,100050,100,98919,100,100058,100,98855,100,100108,100,98697,100
2019-06-28 09:49:21.949961502,99887,555,99674,155,99888,86,99408,155,99908,155,99314,155,99943,355,99256,155,100005,155,99182,155,100014,100,99004,100,100032,100,98945,100,100050,100,98919,100,100058,100,98855,100,100108,100,98697,100
2019-06-28 09:49:30.000000000,99887,569,99674,169,99888,100,99408,169,99908,169,99314,169,99943,369,99256,169,100005,100,99182,100,100014,100,99004,100,100032,100,98945,100,100050,100,98919,100,100058,100,98855,100,100108,100,98697,100
2019-06-28 09:49:40.000000000,99887,555,99674,155,99888,86,99408,155,99908,155,99314,155,99943,355,99256,155,100005,155,99182,155,100014,100,99004,100,100032,100,98945,100,100050,100,98919,100,100058,100,98855,100,100108,100,98697,100
2019-06-28 09:49:50.000000000,99887,555,99674,155,99888,86,99408,155,99908,155,99314,155,99943,355,99256,155,100005,155,99182,155,100014,100,99004,100,100032,100,98945,100,100050,100,98919,100,100058,100,98855,100,100108,100,98697,100
2019-06-28 09:49:57.170537516,99887,555,99674,155,99888,86,99408,155,99908,55,99314,155,99943,355,99256,155,100005,155,99182,155,100014,100,99004,100,100032,100,98945,100,100050,100,98919,100,100058,100,98855,100,100108,100,98697,100
2019-06-28 09:50:00.000000000,99887,569,99674,169,99888,100,99408,169,99943,369,99314,169,100005,169,99256,169,100014,100,99182,100,100032,100,99004,100,100050,100,98945,100,100058,100,98919,100,100108,100,98855,100,100123,100,98697,100
2019-06-28 09:50:05.429215235,99887,569,99674,69,99888,100,99408,169,99943,369,99314,169,100005,169,99256,169,100014,100,99182,100,100032,100,99004,100,100050,100,98945,100,100058,100,98919,100,100108,100,98855,100,100123,100,98697,100
2019-06-28 09:50:10.000000000,99887,638,99408,238,99888,169,99314,238,99943,300,99256,100,100005,100,99182,100,100014,100,99004,100,100032,100,98945,100,100050,100,98919,100,100058,100,98855,100,100108,100,98697,100,100123,100,98665,100
2019-06-28 09:50:20.000000000,99887,569,99408,169,99888,100,99314,169,99943,369,99256,169,100005,169,99182,169,100014,100,99004,100,100032,100,98945,100,100050,100,98919,100,100058,100,98855,100,100108,100,98697,100,100123,100,98665,100
2019-06-28 09:50:30.000000000,99887,555,99408,155,99888,86,99314,155,99943,355,99256,155,100005,155,99182,155,100014,155,99004,155,100032,100,98945,100,100050,100,98919,100,100058,100,98855,100,100108,100,98697,100,100123,100,98665,100
2019-06-28 09:50:36.595094106,99887,555,99408,155,99888,86,99314,155,99943,355,99256,155,100005,155,99182,155,100014,155,99004,155,100032,100,98945,100,100050,100,98919,100,100058,100,98869,100,100108,100,98855,100,100123,100,98697,100
2019-06-28 09:50:40.000000000,99887,594,99408,194,99888,122,99314,191,99943,391,99256,191,100005,100,99182,100,100014,100,99004,100,100032,100,98945,100,100050,100,98919,100,100058,100,98869,100,100108,100,98855,100,100123,100,98697,100
2019-06-28 09:50:42.726642494,99887,594,99408,94,99888,122,99314,191,99943,391,99256,191,100005,100,99182,100,100014,100,99004,100,100032,100,98945,100,100050,100,98919,100,100058,100,98869,100,100108,100,98855,100,100123,100,98697,100
2019-06-28 09:50:50.000000000,99887,555,99314,155,99888,86,99256,155,99943,355,99182,155,100005,155,99004,155,100014,155,98945,155,100032,100,98919,100,100050,100,98869,100,100058,100,98855,100,100108,100,98697,100,100123,100,98665,100
2019-06-28 09:50:52.798526992,99887,555,99314,155,99888,86,99256,55,99943,355,99182,155,100005,155,99004,155,100014,155,98945,155,100032,100,98919,100,100050,100,98869,100,100058,100,98855,100,100108,100,98697,100,100123,100,98665,100
2019-06-28 09:50:57.806061868,99887,555,99314,55,99888,86,99256,55,99943,355,99182,155,100005,155,99004,155,100014,155,98945,155,100032,100,98919,100,100050,100,98869,100,100058,100,98855,100,100108,100,98697,100,100152,100,98665,100
2019-06-28 09:51:00.000000000,99887,569,99182,169,99888,100,99004,169,99943,369,98945,169,100005,169,98919,169,100014,100,98869,100,100032,100,98855,100,100050,100,98697,100,100058,100,98665,100,100108,100,98631,100,100152,100,98470,100
2019-06-28 09:51:01.989969371,99887,569,99182,169,99888,100,99004,169,99943,369,98945,169,100005,169,98919,169,100014,100,98869,100,100032,100,98855,100,100050,100,98697,100,100058,100,98665,100,100108,100,98636,100,100245,100,98631,100
2019-06-28 09:51:10.000000000,99887,569,99182,169,99888,100,99004,169,99943,369,98945,169,100005,169,98919,169,100014,100,98869,100,100032,100,98855,100,100050,100,98697,100,100058,100,98665,100,100108,100,98636,100,100245,100,98631,100
2019-06-28 09:51:20.000000000,99887,569,99182,169,99888,100,99004,169,99943,369,98945,169,100005,169,98919,169,100014,100,98869,100,100032,100,98855,100,100050,100,98697,100,100058,100,98665,100,100108,100,98636,100,100245,100,98631,100
2019-06-28 09:51:20.742728196,99887,569,99182,169,99888,100,99004,169,99943,369,98945,169,100005,169,98919,169,100014,100,98869,100,100032,100,98855,100,100050,100,98777,100,100058,100,98697,100,100108,100,98665,100,100245,100,98636,100
2019-06-28 09:51:22.926319379,99887,569,99182,169,99888,100,99004,169,99943,369,98945,169,100005,169,98919,169,100014,100,98869,100,100032,100,98845,100,100050,100,98777,100,100058,100,98697,100,100108,100,98665,100,100245,100,98636,100
2019-06-28 09:51:30.000000000,99887,777,99182,377,99888,31,99004,100,99943,300,98945,100,100005,100,98919,100,100014,100,98869,100,100032,100,98845,100,100050,100,98777,100,100058,100,98697,100,100108,100,98665,100,100245,100,98636,100
2019-06-28 09:51:38.651561042,99887,777,99182,377,99888,31,99004,100,99943,300,98945,100,100005,100,98919,100,100014,100,98869,100,100032,100,98845,100,100050,100,98777,100,100108,100,98697,100,100245,100,98665,100,100376,100,98636,100
2019-06-28 09:51:40.000000000,99887,569,99182,169,99888,100,99004,169,99943,369,98945,169,100005,169,98919,169,100014,100,98869,100,100032,100,98845,100,100050,100,98777,100,100108,100,98697,100,100245,100,98665,100,100376,100,98636,100
2019-06-28 09:51:41.384912648,99887,569,99182,69,99888,100,99004,169,99943,369,98945,169,100005,169,98919,169,100014,100,98873,100,100032,100,98869,100,100050,100,98845,100,100108,100,98777,100,100245,100,98697,100,100376,100,98665,100
2019-06-28 09:51:50.000000000,99887,555,99004,155,99888,86,98945,155,99943,355,98919,155,100005,155,98873,155,100014,155,98869,155,100032,100,98845,100,100050,100,98777,100,100108,100,98697,100,100245,100,98665,100,100376,100,98636,100
2019-06-28 09:51:58.539528261,99887,555,99004,155,99888,86,98998,100,99943,355,98945,155,100005,155,98919,155,100014,155,98873,155,100032,100,98869,155,100050,100,98845,100,100108,100,98777,100,100245,100,98697,100,100376,100,98665,100
2019-06-28 09:52:00.000000000,99887,555,99004,155,99888,86,98998,155,99943,355,98945,155,100005,155,98919,155,100014,155,98873,155,100032,100,98869,100,100050,100,98845,100,100108,100,98777,100,100245,100,98697,100,100376,100,98665,100
2019-06-28 09:52:10.000000000,99887,555,99004,155,99888,86,98998,155,99943,355,98945,155,100005,155,98919,155,100014,155,98873,155,100032,100,98869,100,100050,100,98845,100,100108,100,98777,100,100245,100,98697,100,100376,100,98665,100
2019-06-28 09:52:12.473591864,99887,555,99004,155,99888,86,98998,155,99943,355,98945,155,100005,155,98919,155,100014,155,98873,155,100032,100,98869,100,100050,100,98845,100,100108,100,98767,100,100245,100,98697,100,100376,100,98665,100
2019-06-28 09:52:20.000000000,99887,594,99004,194,99888,122,98998,191,99943,391,98945,191,100005,100,98919,100,100014,100,98873,100,100032,100,98869,100,100050,100,98845,100,100108,100,98767,100,100245,100,98697,100,100376,100,98665,100
2019-06-28 09:52:21.398813816,99887,594,99032,100,99888,122,99004,194,99943,391,98998,191,100005,100,98945,191,100014,100,98919,100,100032,100,98873,100,100050,100,98869,100,100108,100,98845,100,100245,100,98767,100,100376,100,98697,100
2019-06-28 09:52:22.070177719,99887,594,99032,100,99888,122,99004,194,99943,391,98998,191,100005,100,98945,191,100014,100,98930,100,100032,100,98919,100,100108,100,98873,100,100245,100,98869,100,100376,100,98845,100,,,98767,100
2019-06-28 09:52:30.000000000,99887,638,99032,238,99888,169,99004,238,99943,300,98998,100,100005,100,98945,100,100014,100,98930,100,100032,100,98919,100,100108,100,98873,100,100245,100,98869,100,100376,100,98845,100,,,98767,100
2019-06-28 09:52:37.228033345,99887,638,99032,238,99888,169,99004,238,99943,300,98998,100,100005,100,98945,100,100014,100,98930,100,100032,100,98919,100,100108,100,98873,100,100376,100,98869,100,,,98845,100,,,98767,100
2019-06-28 09:52:40.000000000,99887,594,99032,194,99888,122,99004,191,99943,391,98998,191,100005,100,98945,100,100014,100,98930,100,100032,100,98919,100,100108,100,98873,100,100376,100,98869,100,,,98845,100,,,98767,100
2019-06-28 09:52:40.649888782,99887,594,99032,94,99888,122,99004,191,99943,391,98998,91,100005,100,98945,100,100014,100,98930,100,100032,100,98919,100,100108,100,98873,100,100376,100,98869,100,,,98845,100,,,98767,100
2019-06-28 09:52:50.000000000,99887,638,99004,238,99888,169,98945,238,99943,300,98930,100,100005,100,98919,100,100014,100,98873,100,100032,100,98869,100,100108,100,98845,100,100376,100,98767,100,,,98697,100,,,98665,100
2019-06-28 09:53:00.000000000,99887,777,99004,377,99888,31,98945,100,99943,300,98930,100,100005,100,98919,100,100014,100,98873,100,100032,100,98869,100,100108,100,98845,100,100376,100,98767,100,,,98697,100,,,98665,100
2019-06-28 09:53:10.000000000,99887,569,99004,169,99888,100,98945,169,99943,369,98930,169,100005,169,98919,169,100014,100,98873,100,100032,100,98869,100,100108,100,98845,100,100376,100,98767,100,,,98697,100,,,98665,100
2019-06-28 09:53:13.623240052,99314,100,99004,169,99887,569,98945,169,99888,100,98930,169,99943,369,98919,169,100005,169,98873,100,100014,100,98869,100,100032,100,98845,100,100108,100,98767,100,100376,100,98697,100,,,98665,100
2019-06-28 09:53:14.626499671,99314,100,99004,169,99887,569,98945,169,99888,100,98930,169,99943,369,98919,169,100005,169,98873,100,100014,100,98869,100,100032,100,98845,100,100108,100,98767,100,100376,100,98697,100,,,98665,100
2019-06-28 09:53:20.000000000,99314,155,99004,155,99887,555,98945,155,99888,86,98930,155,99943,355,98919,155,100005,155,98873,155,100014,100,98869,100,100032,100,98845,100,100108,100,98767,100,100376,100,98697,100,,,98665,100
2019-06-28 09:53:30.000000000,99314,169,99004,169,99887,569,98945,169,99888,100,98930,169,99943,369,98919,169,100005,100,98873,100,100014,100,98869,100,100032,100,98845,100,100108,100,98767,100,100376,100,98697,100,,,98665,100
2019-06-28 09:53:30.982297883,99314,169,99004,69,99887,569,98945,169,99888,100,98930,169,99943,369,98919,169,100005,100,98873,100,100014,100,98869,100,100032,100,98845,100,100108,100,98767,100,100376,100,98697,100,,,98665,100
2019-06-28 09:53:40.000000000,99314,238,98945,238,99887,638,98930,238,99888,31,98919,100,99943,300,98873,100,100005,100,98869,100,100014,100,98845,100,100032,100,98767,100,100108,100,98697,100,100376,100,98665,100,,,98641,100
2019-06-28 09:53:48.101375946,99314,238,99183,100,99887,638,98945,238,99888,31,98930,238,99943,300,98919,100,100005,100,98873,100,100014,100,98869,100,100032,100,98845,100,100108,100,98767,100,100376,100,98697,100,,,98665,100
2019-06-28 09:53:50.000000000,99314,155,99183,155,99887,555,98945,155,99888,86,98930,155,99943,355,98919,155,100005,155,98873,155,100014,100,98869,100,100032,100,98845,100,100108,100,98767,100,100376,100,98697,100,,,98665,100
2019-06-28 09:54:00.000000000,99314,238,99183,238,99887,638,98945,238,99888,31,98930,100,99943,300,98919,100,100005,100,98873,100,100014,100,98869,100,100032,100,98845,100,100108,100,98767,100,100376,100,98697,100,,,98665,100
2019-06-28 09:54:10.000000000,99314,194,99183,194,99887,591,98945,191,99888,122,98930,191,99943,300,98919,100,100005,100,98873,100,100014,100,98869,100,100032,100,98845,100,100108,100,98767,100,100376,100,98697,100,,,98665,100
2019-06-28 09:54:12.788641355,99314,194,99183,194,99732,100,98945,191,99887,591,98930,191,99888,122,98919,100,99943,300,98873,100,100005,100,98869,100,100014,100,98845,100,100032,100,98767,100,100108,100,98697,100,100376,100,98665,100
2019-06-28 09:54:14.635722004,99314,194,99183,194,99410,100,98945,191,99732,100,98930,191,99887,591,98919,100,99888,122,98873,100,99943,300,98869,100,100005,100,98845,100,100014,100,98767,100,100032,100,98697,100,100108,100,98665,100
2019-06-28 09:54:17.401390060,99314,194,99183,194,99410,100,98945,191,99469,100,98930,191,99732,100,98919,100,99887,591,98873,100,99888,122,98869,100,99943,300,98845,100,100005,100,98767,100,100014,100,98697,100,100032,100,98641,100
2019-06-28 09:54:20.000000000,99314,155,99183,155,99410,155,98945,155,99469,155,98930,155,99732,155,98919,155,99887,555,98873,155,99888,31,98869,100,99943,300,98845,100,100005,100,98767,100,100014,100,98697,100,100032,100,98641,100
2019-06-28 09:54:29.640897581,99314,155,99183,155,99410,155,98945,155,99469,155,98930,155,99611,100,98919,155,99732,155,98873,155,99887,555,98869,100,99888,31,98845,100,99943,300,98767,100,100005,100,98641,100,100014,100,98636,100
2019-06-28 09:54:30.000000000,99314,169,99183,169,99410,169,98945,169,99469,169,98930,169,99611,169,98919,169,99732,100,98873,100,99887,500,98869,100,99888,31,98845,100,99943,300,98767,100,100005,100,98641,100,100014,100,98636,100
2019-06-28 09:54:40.000000000,99314,377,99183,377,99410,100,98945,100,99469,100,98930,100,99611,100,98919,100,99732,100,98873,100,99887,500,98869,100,99888,31,98845,100,99943,300,98767,100,100005,100,98641,100,100014,100,98636,100
2019-06-28 09:54:43.829988803,99314,377,99183,377,99410,100,98945,100,99469,100,98919,100,99611,100,98873,100,99710,100,98869,100,99732,100,98845,100,99887,500,98767,100,99888,31,98641,100,99943,300,98636,100,100005,100,98631,100
2019-06-28 09:54:50.000000000,99314,194,99183,194,99410,191,98945,191,99469,191,98919,191,99611,100,98873,100,99710,100,98869,100,99732,100,98845,100,99887,500,98767,100,99888,31,98641,100,99943,300,98636,100,100005,100,98631,100
2019-06-28 09:54:54.965639930,99314,94,99183,194,99410,191,98945,191,99469,191,98919,191,99611,100,98873,100,99710,100,98869,100,99732,100,98845,100,99887,500,98767,100,99888,31,98641,100,99943,300,98636,100,100005,100,98631,100
2019-06-28 09:54:56.043486565,99314,94,99183,194,99410,191,98945,191,99469,191,98919,191,99611,100,98873,100,99710,100,98869,100,99732,100,98845,100,99854,100,98767,100,99887,500,98641,100,99888,31,98636,100,99943,300,98631,100
2019-06-28 09:55:00.000000000,99410,377,99183,377,99469,100,98945,100,99611,100,98919,100,99710,100,98873,100,99732,100,98869,100,99854,100,98845,100,99887,500,98767,100,99888,31,98641,100,99943,300,98636,100,100005,100,98631,100
2019-06-28 09:55:03.220451526,99410,377,99183,377,99469,100,98945,100,99611,100,98919,100,99693,100,98873,100,99710,100,98869,100,99732,100,98845,100,99854,100,98767,100,99887,500,98641,100,99888,31,98636,100,99943,300,98631,100
2019-06-28 09:55:06.791483591,99410,277,99183,377,99469,100,98945,100,99611,100,98919,100,99693,100,98873,100,99710,100,98869,100,99732,100,98845,100,99854,100,98767,100,99887,500,98636,100,99888,31,98631,100,99943,300,98486,100
2019-06-28 09:55:10.000000000,99469,238,99183,238,99611,238,98945,238,99693,100,98919,100,99710,100,98873,100,99732,100,98869,100,99854,100,98845,100,99887,500,98767,100,99888,31,98636,100,99943,300,98631,100,100005,100,98486,100
2019-06-28 09:55:20.000000000,99469,155,99183,155,99611,155,98945,155,99693,155,98919,155,99710,155,98873,155,99732,155,98869,155,99854,100,98845,100,99887,500,98767,100,99888,31,98636,100,99943,300,98631,100,100005,100,98486,100
2019-06-28 09:55:27.218006415,99469,155,99314,100,99611,155,99183,155,99693,155,98945,155,99710,155,98919,155,99732,155,98873,155,99854,100,98869,155,99887,500,98845,100,99888,31,98767,100,99943,300,98636,100,100005,100,98631,100
2019-06-28 09:55:30.000000000,99469,169,99314,169,99611,169,99183,169,99693,169,98945,169,99710,169,98919,169,99732,100,98873,100,99854,100,98869,100,99887,500,98845,100,99888,31,98767,100,99943,300,98636,100,100005,100,98631,100
2019-06-28 09:55:34.301632441,99469,169,99314,169,99611,169,99183,169,99693,69,98945,169,99710,169,98919,169,99732,100,98873,100,99803,100,98869,100,99854,100,98845,100,99887,500,98767,100,99888,31,98636,100,99943,300,98631,100
2019-06-28 09:55:40.000000000,99469,155,99314,155,99611,155,99183,155,99710,155,98945,155,99732,155,98919,155,99803,155,98873,155,99854,100,98869,100,99887,500,98845,100,99888,31,98767,100,99943,300,98636,100,100005,100,98631,100
2019-06-28 09:55:44.951237320,99469,155,99314,155,99611,155,99183,155,99710,155,98945,155,99732,155,98919,155,99803,155,98873,155,99854,100,98869,100,99878,100,98845,100,99887,500,98767,100,99888,31,98636,100,99943,300,98631,100
2019-06-28 09:55:50.000000000,99469,377,99314,377,99611,100,99183,100,99710,100,98945,100,99732,100,98919,100,99803,100,98873,100,99854,100,98869,100,99878,100,98845,100,99887,500,98767,100,99888,31,98636,100,99943,300,98631,100
2019-06-28 09:55:58.779842221,99469,277,99314,377,99611,100,99183,100,99710,100,98945,100,99732,100,98919,100,99803,100,98873,100,99854,100,98869,100,99878,100,98845,100,99887,500,98767,100,99888,31,98636,100,99943,300,98631,100
2019-06-28 09:56:00.000000000,99611,169,99314,169,99710,169,99183,169,99732,169,98945,169,99803,169,98919,169,99854,100,98873,100,99878,100,98869,100,99887,500,98845,100,99888,31,98767,100,99943,300,98636,100,100005,100,98631,100
2019-06-28 09:56:07.837208658,99611,69,99314,169,99710,169,99183,169,99732,169,98945,169,99803,169,98919,169,99854,100,98873,100,99878,100,98869,100,99887,500,98845,100,99888,31,98767,100,99943,300,98636,100,100005,100,98631,100
2019-06-28 09:56:10.000000000,99710,169,99314,169,99732,169,99183,169,99803,169,98945,169,99854,169,98919,169,99878,100,98873,100,99887,500,98869,100,99888,31,98845,100,99943,300,98767,100,100005,100,98636,100,100014,100,98631,100
2019-06-28 09:56:16.963067173,99710,69,99314,169,99732,169,99183,169,99803,169,98945,169,99854,169,98919,169,99878,100,98873,100,99887,500,98869,100,99888,31,98845,100,99943,300,98767,100,100005,100,98636,100,100014,100,98631,100
2019-06-28 09:56:18.752701897,99710,69,99611,100,99732,169,99314,169,99803,169,99183,169,99854,169,98945,169,99878,100,98919,169,99887,500,98873,100,99888,31,98869,100,99943,200,98845,100,100005,100,98767,100,100014,100,98636,100
2019-06-28 09:56:20.000000000,99732,155,99611,155,99803,155,99314,155,99854,155,99183,155,99878,155,98945,155,99887,555,98919,155,99888,31,98873,100,99943,200,98869,100,100005,100,98845,100,100014,100,98767,100,100032,100,98636,100
2019-06-28 09:56:25.512064335,99732,155,99611,155,99803,155,99314,155,99854,155,99183,155,99878,155,98945,155,99887,555,98919,155,99888,31,98873,100,99943,200,98869,100,100005,100,98845,100,100014,100,98767,100,100029,100,98636,100
2019-06-28 09:56:30.000000000,99732,238,99611,238,99803,238,99314,238,99854,100,99183,100,99878,100,98945,100,99887,500,98919,100,99888,31,98873,100,99943,200,98869,100,100005,100,98845,100,100014,100,98767,100,100029,100,98636,100
2019-06-28 09:56:31.559839423,99732,238,99611,338,99803,238,99314,238,99854,100,99183,100,99878,100,98945,100,99887,400,98919,100,99888,31,98873,100,99943,200,98869,100,100005,100,98845,100,100014,100,98767,100,100029,100,98636,100
2019-06-28 09:56:40.000000000,99732,169,99611,269,99803,169,99314,169,99854,169,99183,169,99878,169,98945,169,99887,400,98919,100,99888,31,98873,100,99943,200,98869,100,100005,100,98845,100,100014,100,98767,100,100029,100,98636,100
2019-06-28 09:56:47.660122802,99732,169,99660,100,99803,169,99611,269,99854,169,99314,169,99878,169,99183,169,99887,400,98945,169,99888,31,98919,100,99943,200,98873,100,100005,100,98869,100,100014,100,98845,100,100029,100,98767,100
2019-06-28 09:56:50.000000000,99732,377,99660,377,99803,100,99611,200,99854,100,99314,100,99878,100,99183,100,99887,400,98945,100,99888,31,98919,100,99943,200,98873,100,100005,100,98869,100,100014,100,98845,100,100029,100,98767,100
2019-06-28 09:57:00.000000000,99732,377,99660,377,99803,100,99611,200,99854,100,99314,100,99878,100,99183,100,99887,400,98945,100,99888,31,98919,100,99943,200,98873,100,100005,100,98869,100,100014,100,98845,100,100029,100,98767,100
2019-06-28 09:57:08.193740224,99732,377,99660,377,99803,100,99649,100,99854,100,99611,200,99878,100,99314,100,99887,400,99183,100,99943,200,98945,100,100005,100,98919,100,100014,100,98873,100,100029,100,98869,100,100032,100,98845,100
2019-06-28 09:57:10.000000000,99732,169,99660,169,99803,169,99649,169,99854,169,99611,269,99878,169,99314,169,99887,400,99183,100,99943,200,98945,100,100005,100,98919,100,100014,100,98873,100,100029,100,98869,100,100032,100,98845,100
2019-06-28 09:57:20.000000000,99732,155,99660,155,99803,155,99649,155,99854,155,99611,255,99878,155,99314,155,99887,455,99183,155,99943,200,98945,100,100005,100,98919,100,100014,100,98873,100,100029,100,98869,100,100032,100,98845,100
2019-06-28 09:57:30.000000000,99732,377,99660,377,99803,100,99649,100,99854,100,99611,200,99878,100,99314,100,99887,400,99183,100,99943,200,98945,100,100005,100,98919,100,100014,100,98873,100,100029,100,98869,100,100032,100,98845,100
2019-06-28 09:57:40.000000000,99732,194,99660,194,99803,191,99649,191,99854,191,99611,291,99878,100,99314,100,99887,400,99183,100,99943,200,98945,100,100005,100,98919,100,100014,100,98873,100,100029,100,98869,100,100032,100,98845,100
2019-06-28 09:57:50.000000000,99732,238,99660,238,99803,238,99649,238,99854,100,99611,200,99878,100,99314,100,99887,400,99183,100,99943,200,98945,100,100005,100,98919,100,100014,100,98873,100,100029,100,98869,100,100032,100,98845,100
2019-06-28 09:58:00.000000000,99732,377,99660,377,99803,100,99649,100,99854,100,99611,200,99878,100,99314,100,99887,400,99183,100,99943,200,98945,100,100005,100,98919,100,100014,100,98873,100,100029,100,98869,100,100032,100,98845,100
2019-06-28 09:58:06.862210946,99732,277,99660,377,99803,100,99649,100,99854,100,99611,200,99878,100,99314,100,99887,400,99183,100,99943,200,98945,100,100005,100,98919,100,100014,100,98873,100,100029,100,98869,100,100032,100,98845,100
2019-06-28 09:58:10.000000000,99803,169,99660,169,99854,169,99649,169,99878,169,99611,269,99887,469,99314,169,99943,200,99183,100,100005,100,98945,100,100014,100,98919,100,100029,100,98873,100,100032,100,98869,100,100108,100,98845,100
2019-06-28 09:58:20.000000000,99803,155,99660,155,99854,155,99649,155,99878,155,99611,255,99887,455,99314,155,99943,255,99183,155,100005,100,98945,100,100014,100,98919,100,100029,100,98873,100,100032,100,98869,100,100108,100,98845,100
2019-06-28 09:58:21.281839263,99803,155,99660,155,99854,155,99649,155,99878,155,99611,255,99887,455,99314,155,99943,255,99183,55,100005,100,98945,100,100014,100,98919,100,100029,100,98873,100,100032,100,98869,100,100108,100,98845,100
2019-06-28 09:58:25.299289334,99803,155,99660,155,99854,155,99649,155,99878,155,99611,255,99887,455,99556,100,99943,255,99314,155,100005,100,99183,55,100014,100,98945,100,100029,100,98919,100,100032,100,98873,100,100108,100,98869,100
2019-06-28 09:58:30.000000000,99803,194,99660,194,99854,191,99649,191,99878,191,99611,291,99887,400,99556,100,99943,200,99314,100,100005,100,98945,100,100014,100,98919,100,100029,100,98873,100,100032,100,98869,100,100108,100,98767,100
2019-06-28 09:58:40.000000000,99803,194,99660,194,99854,191,99649,191,99878,191,99611,291,99887,400,99556,100,99943,200,99314,100,100005,100,98945,100,100014,100,98919,100,100029,100,98873,100,100032,100,98869,100,100108,100,98767,100
2019-06-28 09:58:41.402519912,99784,100,99660,194,99803,194,99649,191,99854,191,99611,291,99878,191,99556,100,99887,400,99314,100,99943,200,98945,100,100005,100,98919,100,100014,100,98873,100,100029,100,98869,100,100032,100,98767,100
2019-06-28 09:58:50.000000000,99784,155,99660,155,99803,155,99649,155,99854,155,99611,255,99878,155,99556,155,99887,455,99314,155,99943,200,98945,100,100005,100,98919,100,100014,100,98873,100,100029,100,98869,100,100032,100,98767,100
2019-06-28 09:59:00.000000000,99784,194,99660,194,99803,191,99649,191,99854,191,99611,291,99878,100,99556,100,99887,400,99314,100,99943,200,98945,100,100005,100,98919,100,100014,100,98873,100,100029,100,98869,100,100032,100,98767,100
2019-06-28 09:59:10.000000000,99784,155,99660,155,99803,155,99649,155,99854,155,99611,255,99878,155,99556,155,99887,455,99314,155,99943,200,98945,100,100005,100,98919,100,100014,100,98873,100,100029,100,98869,100,100032,100,98767,100
2019-06-28 09:59:19.299455931,99784,155,99660,155,99803,155,99649,155,99854,155,99611,255,99878,155,99556,155,99887,455,99314,155,99943,100,98945,100,100005,100,98919,100,100014,100,98873,100,100029,100,98869,100,100032,100,98767,100
2019-06-28 09:59:20.000000000,99784,169,99660,169,99803,169,99649,169,99854,169,99611,269,99878,169,99556,169,99887,400,99314,100,99943,100,98945,100,100005,100,98919,100,100014,100,98873,100,100029,100,98869,100,100032,100,98767,100
2019-06-28 09:59:30.000000000,99784,194,99660,194,99803,191,99649,191,99854,191,99611,291,99878,100,99556,100,99887,400,99314,100,99943,100,98945,100,100005,100,98919,100,100014,100,98873,100,100029,100,98869,100,100032,100,98767,100
2019-06-28 09:59:33.277071322,99784,194,99756,100,99803,191,99660,194,99854,191,99649,191,99878,100,99611,291,99887,400,99556,100,99943,100,99314,100,100005,100,98945,100,100014,100,98919,100,100029,100,98873,100,100032,100,98869,100
2019-06-28 09:59:40.000000000,99784,238,99756,238,99803,238,99660,238,99854,100,99649,100,99878,100,99611,200,99887,400,99556,100,99943,100,99314,100,100005,100,98945,100,100014,100,98919,100,100029,100,98873,100,100032,100,98869,100
2019-06-28 09:59:45.449973058,99784,238,99756,138,99803,238,99660,238,99854,100,99649,100,99878,100,99611,200,99887,400,99556,100,99943,100,99314,100,100005,100,98945,100,100014,100,98919,100,100029,100,98873,100,100032,100,98869,100
2019-06-28 09:59:50.000000000,99784,169,99660,169,99803,169,99649,169,99854,169,99611,269,99878,169,99556,169,99887,400,99314,100,99943,100,98945,100,100005,100,98919,100,100014,100,98873,100,100029,100,98869,100,100032,100,98767,100
2019-06-28 10:00:00.000000000,99784,155,99660,155,99803,155,99649,155,99854,155,99611,255,99878,155,99556,155,99887,455,99314,155,99943,100,98945,100,100005,100,98919,100,100014,100,98873,100,100029,100,98869,100,100032,100,98767,100
2019-06-28 10:00:09.434275097,99784,155,99660,155,99803,155,99649,155,99854,155,99611,255,99878,155,99556,155,99887,455,99314,155,99943,100,99260,100,100005,100,98919,100,100014,100,98873,100,100029,100,98869,100,100032,100,98767,100
2019-06-28 10:00:10.000000000,99784,377,99660,377,99803,100,99649,100,99854,100,99611,200,99878,100,99556,100,99887,400,99314,100,99943,100,99260,100,100005,100,98919,100,100014,100,98873,100,100029,100,98869,100,100032,100,98767,100
2019-06-28 10:00:20.000000000,99784,155,99660,155,99803,155,99649,155,99854,155,99611,255,99878,155,99556,155,99887,455,99314,155,99943,100,99260,100,100005,100,98919,100,100014,100,98873,100,100029,100,98869,100,100032,100,98767,100
2019-06-28 10:00:30.000000000,99784,169,99660,169,99803,169,99649,169,99854,169,99611,269,99878,169,99556,169,99887,400,99314,100,99943,100,99260,100,100005,100,98919,100,100014,100,98873,100,100029,100,98869,100,100032,100,98767,100
2019-06-28 10:00:40.000000000,99784,155,99660,155,99803,155,99649,155,99854,155,99611,255,99878,155,99556,155,99887,455,99314,155,99943,100,99260,100,100005,100,98919,100,100014,100,98873,100,100029,100,98869,100,100032,100,98767,100
2019-06-28 10:00:50.000000000,99784,155,99660,155,99803,155,99649,155,99854,155,99611,255,99878,155,99556,155,99887,455,99314,155,99943,100,99260,100,100005,100,98919,100,100014,100,98873,100,100029,100,98869,100,100032,100,98767,100
2019-06-28 10:00:57.081194817,99784,155,99660,155,99803,155,99649,155,99854,155,99611,255,99878,155,99556,155,99887,355,99314,155,99943,100,99260,100,100005,100,98919,100,100014,100,98873,100,100029,100,98869,100,100032,100,98767,100
2019-06-28 10:01:00.000000000,99784,155,99660,155,99803,155,99649,155,99854,155,99611,255,99878,155,99556,155,99887,355,99314,155,99943,100,99260,100,100005,100,98919,100,100014,100,98873,100,100029,100,98869,100,100032,100,98767,100
2019-06-28 10:01:10.000000000,99784,169,99660,169,99803,169,99649,169,99854,169,99611,269,99878,169,99556,169,99887,300,99314,100,99943,100,99260,100,100005,100,98919,100,100014,100,98873,100,100029,100,98869,100,100032,100,98767,100
2019-06-28 10:01:20.000000000,99784,238,99660,238,99803,238,99649,238,99854,100,99611,200,99878,100,99556,100,99887,300,99314,100,99943,100,99260,100,100005,100,98919,100,100014,100,98873,100,100029,100,98869,100,100032,100,98767,100
2019-06-28 10:01:21.742808194,99784,238,99732,100,99803,238,99660,238,99854,100,99649,238,99878,100,99611,100,99887,300,99556,100,99943,100,99314,100,100005,100,99260,100,100014,100,98919,100,100029,100,98873,100,100032,100,98869,100
2019-06-28 10:01:23.207558512,99784,238,99732,100,99803,238,99660,238,99854,100,99649,238,99878,100,99611,100,99887,300,99556,100,99907,100,99314,100,99943,100,99260,100,100005,100,98873,100,100014,100,98869,100,100029,100,98767,100
2019-06-28 10:01:26.479858292,99784,238,99732,100,99803,238,99660,238,99854,100,99649,238,99878,100,99611,100,99887,300,99601,100,99907,100,99556,100,99943,100,99314,100,100005,100,99260,100,100014,100,98873,100,100029,100,98869,100
2019-06-28 10:01:30.000000000,99784,238,99732,238,99803,238,99660,238,99854,100,99649,100,99878,100,99611,100,99887,300,99601,100,99907,100,99556,100,99943,100,99314,100,100005,100,99260,100,100014,100,98873,100,100029,100,98869,100
2019-06-28 10:01:38.230639650,99784,238,99732,138,99803,238,99660,238,99854,100,99649,100,99878,100,99601,100,99887,300,99556,100,99907,100,99314,100,99943,100,99260,100,100005,100,98873,100,100014,100,98869,100,100029,100,98767,100
2019-06-28 10:01:40.000000000,99784,194,99660,194,99803,191,99649,191,99854,191,99601,191,99878,100,99556,100,99887,300,99314,100,99907,100,99260,100,99943,100,98873,100,100005,100,98869,100,100014,100,98767,100,100029,100,98636,100
2019-06-28 10:01:50.000000000,99784,194,99660,194,99803,191,99649,191,99854,191,99601,191,99878,100,99556,100,99887,300,99314,100,99907,100,99260,100,99943,100,98873,100,100005,100,98869,100,100014,100,98767,100,100029,100,98636,100
2019-06-28 10:02:00.000000000,99784,155,99660,155,99803,155,99649,155,99854,155,99601,155,99878,155,99556,155,99887,355,99314,155,99907,100,99260,100,99943,100,98873,100,100005,100,98869,100,100014,100,98767,100,100029,100,98636,100
2019-06-28 10:02:10.000000000,99784,155,99660,155,99803,155,99649,155,99854,155,99601,155,99878,155,99556,155,99887,355,99314,155,99907,100,99260,100,99943,100,98873,100,100005,100,98869,100,100014,100,98767,100,100029,100,98636,100
2019-06-28 10:02:20.000000000,99784,169,99660,169,99803,169,99649,169,99854,169,99601,169,99878,169,99556,169,99887,300,99314,100,99907,100,99260,100,99943,100,98873,100,100005,100,98869,100,100014,100,98767,100,100029,100,98636,100
2019-06-28 10:02:20.532251165,99756,100,99660,169,99784,169,99649,169,99803,169,99601,169,99854,169,99556,169,99878,169,99314,100,99887,300,99260,100,99907,100,98873,100,99943,100,98869,100,100005,100,98767,100,100014,100,98636,100
2019-06-28 10:02:27.982573342,99756,100,99660,169,99784,169,99649,169,99803,169,99601,169,99854,169,99556,169,99878,169,99314,100,99887,300,99260,100,99907,100,99113,100,99943,100,98873,100,100005,100,98869,100,100014,100,98767,100
2019-06-28 10:02:30.000000000,99756,169,99660,169,99784,169,99649,169,99803,169,99601,169,99854,169,99556,169,99878,100,99314,100,99887,300,99260,100,99907,100,99113,100,99943,100,98873,100,100005,100,98869,100,100014,100,98767,100
2019-06-28 10:02:40.000000000,99756,377,99660,377,99784,100,99649,100,99803,100,99601,100,99854,100,99556,100,99878,100,99314,100,99887,300,99260,100,99907,100,99113,100,99943,100,98873,100,100005,100,98869,100,100014,100,98767,100
2019-06-28 10:02:49.303524577,99756,377,99660,377,99784,100,99649,100,99803,100,99601,100,99854,100,99556,100,99878,100,99314,100,99887,300,99260,100,99907,100,99113,100,99943,100,99016,100,100005,100,98873,100,100014,100,98869,100
2019-06-28 10:02:50.000000000,99756,238,99660,238,99784,238,99649,238,99803,100,99601,100,99854,100,99556,100,99878,100,99314,100,99887,300,99260,100,99907,100,99113,100,99943,100,99016,100,100005,100,98873,100,100014,100,98869,100
2019-06-28 10:03:00.000000000,99756,194,99660,194,99784,191,99649,191,99803,191,99601,191,99854,100,99556,100,99878,100,99314,100,99887,300,99260,100,99907,100,99113,100,99943,100,99016,100,100005,100,98873,100,100014,100,98869,100
2019-06-28 10:03:01.582675015,99756,194,99660,94,99784,191,99649,191,99803,191,99601,191,99854,100,99556,100,99878,100,99314,100,99887,300,99260,100,99907,100,99113,100,99943,100,98873,100,100005,100,98869,100,100014,100,98767,100
2019-06-28 10:03:04.646059115,99756,194,99660,94,99784,191,99649,191,99803,191,99601,191,99854,100,99556,100,99878,100,99314,100,99887,300,99260,100,99907,100,99113,100,99943,100,99025,100,100005,100,98873,100,100014,100,98869,100
2019-06-28 10:03:10.000000000,99756,377,99649,377,99784,100,99601,100,99803,100,99556,100,99854,100,99314,100,99878,100,99260,100,99887,300,99113,100,99907,100,99025,100,99943,100,98873,100,100005,100,98869,100,100014,100,98767,100
2019-06-28 10:03:20.000000000,99756,377,99649,377,99784,100,99601,100,99803,100,99556,100,99854,100,99314,100,99878,100,99260,100,99887,300,99113,100,99907,100,99025,100,99943,100,98873,100,100005,100,98869,100,100014,100,98767,100
2019-06-28 10:03:20.743756895,99756,377,99649,277,99784,100,99601,100,99803,100,99556,100,99854,100,99314,100,99878,100,99260,100,99887,300,99113,100,99907,100,99025,100,99943,100,98873,100,100005,100,98869,100,100014,100,98767,100
2019-06-28 10:03:30.000000000,99756,155,99601,155,99784,155,99556,155,99803,155,99314,155,99854,155,99260,155,99878,155,99113,155,99887,300,99025,100,99907,100,98873,100,99943,100,98869,100,100005,100,98767,100,100014,100,98636,100
2019-06-28 10:03:40.000000000,99756,377,99601,377,99784,100,99556,100,99803,100,99314,100,99854,100,99260,100,99878,100,99113,100,99887,300,99025,100,99907,100,98873,100,99943,100,98869,100,100005,100,98767,100,100014,100,98636,100
2019-06-28 10:03:40.032681183,99756,377,99601,277,99784,100,99556,100,99803,100,99314,100,99854,100,99260,100,99878,100,99113,100,99887,300,99025,100,99907,100,98873,100,99943,100,98869,100,100005,100,98767,100,100014,100,98636,100
2019-06-28 10:03:50.000000000,99756,238,99556,238,99784,238,99314,238,99803,100,99260,100,99854,100,99113,100,99878,100,99025,100,99887,300,98873,100,99907,100,98869,100,99943,100,98767,100,100005,100,98636,100,100014,100,98486,100
2019-06-28 10:03:52.477990906,99756,238,99556,238,99784,238,99314,238,99803,100,99260,100,99854,100,99228,100,99878,100,99113,100,99887,300,99025,100,99907,100,98873,100,99943,100,98869,100,100005,100,98767,100,100014,100,98636,100
2019-06-28 10:04:00.000000000,99756,377,99556,377,99784,100,99314,100,99803,100,99260,100,99854,100,99228,100,99878,100,99113,100,99887,300,99025,100,99907,100,98873,100,99943,100,98869,100,100005,100,98767,100,100014,100,98636,100
2019-06-28 10:04:10.000000000,99756,238,99556,238,99784,238,99314,238,99803,100,99260,100,99854,100,99228,100,99878,100,99113,100,99887,300,99025,100,99907,100,98873,100,99943,100,98869,100,100005,100,98767,100,100014,100,98636,100
2019-06-28 10:04:16.729695451,99690,100,99556,238,99756,238,99314,238,99784,238,99260,100,99803,100,99228,100,99854,100,99113,100,99878,100,99025,100,99887,300,98873,100,99907,100,98869,100,99943,100,98767,100,100005,100,98636,100
2019-06-28 10:04:20.000000000,99690,169,99556,169,99756,169,99314,169,99784,169,99260,169,99803,169,99228,169,99854,100,99113,100,99878,100,99025,100,99887,300,98873,100,99907,100,98869,100,99943,100,98767,100,100005,100,98636,100
2019-06-28 10:04:30.000000000,99690,169,99556,169,99756,169,99314,169,99784,169,99260,169,99803,169,99228,169,99854,100,99113,100,99878,100,99025,100,99887,300,98873,100,99907,100,98869,100,99943,100,98767,100,100005,100,98636,100
2019-06-28 10:04:40.000000000,99690,238,99556,238,99756,238,99314,238,99784,100,99260,100,99803,100,99228,100,99854,100,99113,100,99878,100,99025,100,99887,300,98873,100,99907,100,98869,100,99943,100,98767,100,100005,100,98636,100
2019-06-28 10:04:46.285755741,99690,238,99556,238,99756,238,99542,100,99784,100,99314,238,99803,100,99260,100,99854,100,99228,100,99878,100,99113,100,99887,300,99025,100,99907,100,98873,100,99943,100,98869,100,100005,100,98767,100
2019-06-28 10:04:50.000000000,99690,194,99556,194,99756,191,99542,191,99784,191,99314,191,99803,100,99260,100,99854,100,99228,100,99878,100,99113,100,99887,300,99025,100,99907,100,98873,100,99943,100,98869,100,100005,100,98767,100
2019-06-28 10:05:00.000000000,99690,169,99556,169,99756,169,99542,169,99784,169,99314,169,99803,169,99260,169,99854,100,99228,100,99878,100,99113,100,99887,300,99025,100,99907,100,98873,100,99943,100,98869,100,100005,100,98767,100
2019-06-28 10:05:06.356024348,99690,169,99556,169,99756,169,99542,169,99784,169,99314,169,99803,169,99260,169,99854,100,99228,100,99878,100,99113,100,99887,300,99025,100,99907,100,98869,100,99913,100,98767,100,99943,100,98636,100
2019-06-28 10:05:10.000000000,99690,169,99556,169,99756,169,99542,169,99784,169,99314,169,99803,169,99260,169,99854,100,99228,100,99878,100,99113,100,99887,300,99025,100,99907,100,98869,100,99913,100,98767,100,99943,100,98636,100
2019-06-28 10:05:20.000000000,99690,155,99556,155,99756,155,99542,155,99784,155,99314,155,99803,155,99260,155,99854,155,99228,155,99878,100,99113,100,99887,300,99025,100,99907,100,98869,100,99913,100,98767,100,99943,100,98636,100
2019-06-28 10:05:30.000000000,99690,169,99556,169,99756,169,99542,169,99784,169,99314,169,99803,169,99260,169,99854,100,99228,100,99878,100,99113,100,99887,300,99025,100,99907,100,98869,100,99913,100,98767,100,99943,100,98636,100
2019-06-28 10:05:36.763607307,99649,100,99556,169,99690,169,99542,169,99756,169,99314,169,99784,169,99260,169,99803,169,99228,100,99854,100,99113,100,99878,100,99025,100,99887,300,98869,100,99907,100,98767,100,99913,100,98636,100
2019-06-28 10:05:40.000000000,99649,238,99556,238,99690,238,99542,238,99756,100,99314,100,99784,100,99260,100,99803,100,99228,100,99854,100,99113,100,99878,100,99025,100,99887,300,98869,100,99907,100,98767,100,99913,100,98636,100
2019-06-28 10:05:50.000000000,99649,238,99556,238,99690,238,99542,238,99756,100,99314,100,99784,100,99260,100,99803,100,99228,100,99854,100,99113,100,99878,100,99025,100,99887,300,98869,100,99907,100,98767,100,99913,100,98636,100
2019-06-28 10:06:00.000000000,99649,155,99556,155,99690,155,99542,155,99756,155,99314,155,99784,155,99260,155,99803,155,99228,155,99854,100,99113,100,99878,100,99025,100,99887,300,98869,100,99907,100,98767,100,99913,100,98636,100
2019-06-28 10:06:10.000000000,99649,238,99556,238,99690,238,99542,238,99756,100,99314,100,99784,100,99260,100,99803,100,99228,100,99854,100,99113,100,99878,100,99025,100,99887,300,98869,100,99907,100,98767,100,99913,100,98636,100
2019-06-28 10:06:15.499927228,99649,138,99556,238,99690,238,99542,238,99756,100,99314,100,99784,100,99260,100,99803,100,99228,100,99854,100,99113,100,99878,100,99025,100,99887,300,98869,100,99907,100,98767,100,99913,100,98636,100
2019-06-28 10:06:20.000000000,99690,194,99556,194,99756,191,99542,191,99784,191,99314,191,99803,100,99260,100,99854,100,99228,100,99878,100,99113,100,99887,300,99025,100,99907,100,98869,100,99913,100,98767,100,99943,100,98636,100
2019-06-28 10:06:30.000000000,99690,169,99556,169,99756,169,99542,169,99784,169,99314,169,99803,169,99260,169,99854,100,99228,100,99878,100,99113,100,99887,300,99025,100,99907,100,98869,100,99913,100,98767,100,99943,100,98636,100
2019-06-28 10:06:40.000000000,99690,238,99556,238,99756,238,99542,238,99784,100,99314,100,99803,100,99260,100,99854,100,99228,100,99878,100,99113,100,99887,300,99025,100,99907,100,98869,100,99913,100,98767,100,99943,100,98636,100
2019-06-28 10:06:50.000000000,99690,377,99556,377,99756,100,99542,100,99784,100,99314,100,99803,100,99260,100,99854,100,99228,100,99878,100,99113,100,99887,300,99025,100,99907,100,98869,100,99913,100,98767,100,99943,100,98636,100
2019-06-28 10:07:00.000000000,99690,155,99556,155,99756,155,99542,155,99784,155,99314,155,99803,155,99260,155,99854,155,99228,155,99878,100,99113,100,99887,300,99025,100,99907,100,98869,100,99913,100,98767,100,99943,100,98636,100
2019-06-28 10:07:04.573040745,99690,155,99556,155,99756,155,99542,155,99784,155,99314,155,99803,155,99260,155,99854,155,99228,155,99878,100,99113,100,99887,300,99025,100,99907,100,98869,100,99913,100,98767,100,99943,100,98636,100
2019-06-28 10:07:10.000000000,99690,238,99556,238,99756,238,99542,238,99784,100,99314,100,99803,100,99260,100,99854,100,99228,100,99878,100,99113,100,99887,300,99025,100,99907,100,98869,100,99913,100,98767,100,99943,100,98636,100
2019-06-28 10:07:20.000000000,99690,169,99556,169,99756,169,99542,169,99784,169,99314,169,99803,169,99260,169,99854,100,99228,100,99878,100,99113,100,99887,300,99025,100,99907,100,98869,100,99913,100,98767,100,99943,100,98636,100
2019-06-28 10:07:30.000000000,99690,169,99556,169,99756,169,99542,169,99784,169,99314,169,99803,169,99260,169,99854,100,99228,100,99878,100,99113,100,99887,300,99025,100,99907,100,98869,100,99913,100,98767,100,99943,100,98636,100
2019-06-28 10:07:31.157764547,99690,169,99556,169,99756,169,99542,169,99784,169,99314,169,99803,169,99260,169,99854,100,99228,100,99878,100,99113,100,99887,300,99025,100,99907,100,98869,100,99913,100,98767,100,99943,100,98636,100
2019-06-28 10:07:40.000000000,99690,377,99556,377,99756,100,99542,100,99784,100,99314,100,99803,100,99260,100,99854,100,99228,100,99878,100,99113,100,99887,300,99025,100,99907,100,98869,100,99913,100,98767,100,99943,100,98636,100
2019-06-28 10:07:40.466450356,99690,277,99556,377,99756,100,99542,100,99784,100,99314,100,99803,100,99260,100,99854,100,99228,100,99878,100,99113,100,99887,300,99025,100,99907,100,98869,100,99913,100,98767,100,99943,100,98636,100
2019-06-28 10:07:50.000000000,99756,377,99556,377,99784,100,99542,100,99803,100,99314,100,99854,100,99260,100,99878,100,99228,100,99887,300,99113,100,99907,100,99025,100,99913,100,98869,100,99943,100,98767,100,100005,100,98636,100
2019-06-28 10:07:53.662520512,99756,377,99556,377,99784,100,99542,100,99803,100,99314,100,99854,100,99260,100,99878,100,99228,100,99887,300,99113,100,99907,100,99025,100,99913,100,98869,100,99943,100,98767,100,100005,100,98636,100
2019-06-28 10:08:00.000000000,99756,169,99556,169,99784,169,99542,169,99803,169,99314,169,99854,169,99260,169,99878,100,99228,100,99887,300,99113,100,99907,100,99025,100,99913,100,98869,100,99943,100,98767,100,100005,100,98636,100
2019-06-28 10:08:10.000000000,99756,194,99556,194,99784,191,99542,191,99803,191,99314,191,99854,100,99260,100,99878,100,99228,100,99887,300,99113,100,99907,100,99025,100,99913,100,98869,100,99943,100,98767,100,100005,100,98636,100
2019-06-28 10:08:16.814579032,99756,194,99649,100,99784,191,99556,194,99803,191,99542,191,99854,100,99314,191,99878,100,99260,100,99887,300,99228,100,99907,100,99113,100,99913,100,99025,100,100005,100,98869,100,100029,100,98767,100
2019-06-28 10:08:20.000000000,99756,377,99649,377,99784,100,99556,100,99803,100,99542,100,99854,100,99314,100,99878,100,99260,100,99887,300,99228,100,99907,100,99113,100,99913,100,99025,100,100005,100,98869,100,100029,100,98767,100
2019-06-28 10:08:23.654864251,99756,277,99649,377,99784,100,99556,100,99803,100,99542,100,99854,100,99314,100,99878,100,99260,100,99887,300,99228,100,99907,100,99113,100,99913,100,99025,100,100005,100,98869,100,100032,100,98767,100
2019-06-28 10:08:30.000000000,99784,169,99649,169,99803,169,99556,169,99854,169,99542,169,99878,169,99314,169,99887,300,99260,100,99907,100,99228,100,99913,100,99113,100,100005,100,99025,100,100032,100,98869,100,100412,100,98767,100
