,ask_price_1,ask_size_1,bid_price_1,bid_size_1,ask_price_2,ask_size_2,bid_price_2,bid_size_2,ask_price_3,ask_size_3,bid_price_3,bid_size_3,ask_price_4,ask_size_4,bid_price_4,bid_size_4,ask_price_5,ask_size_5,bid_price_5,bid_size_5,ask_price_6,ask_size_6,bid_price_6,bid_size_6,ask_price_7,ask_size_7,bid_price_7,bid_size_7,ask_price_8,ask_size_8,bid_price_8,bid_size_8,ask_price_9,ask_size_9,bid_price_9,bid_size_9,ask_price_10,ask_size_10,bid_price_10,bid_size_10
2019-06-28 09:30:00.000000001,99961,100,99925,100,,,,,,,,,,,,,,,,,,,,,,,,,,,,,,,,,,,,
2019-06-28 09:30:00.000000003,,,99925,100,,,,,,,,,,,,,,,,,,,,,,,,,,,,,,,,,,,,
2019-06-28 09:30:00.000000004,100024,100,99925,100,,,,,,,,,,,,,,,,,,,,,,,,,,,,,,,,,,,,
2019-06-28 09:30:00.000000005,100024,100,99925,100,,,99918,100,,,,,,,,,,,,,,,,,,,,,,,,,,,,,,,,
2019-06-28 09:30:00.000000008,100024,100,99947,100,100082,100,99925,100,,,99918,100,,,,,,,,,,,,,,,,,,,,,,,,,,,,
2019-06-28 09:30:00.000000011,100024,100,99999,100,100082,100,99947,100,,,99925,100,,,99918,100,,,,,,,,,,,,,,,,,,,,,,,,
2019-06-28 09:30:00.000000012,100024,100,99999,100,100082,100,99947,100,,,99932,100,,,99925,100,,,99918,100,,,,,,,,,,,,,,,,,,,,
2019-06-28 09:30:00.000000016,100024,100,100003,100,100082,100,99999,100,,,99947,100,,,99932,100,,,99925,100,,,99918,100,,,,,,,,,,,,,,,,
2019-06-28 09:30:00.000000019,100024,100,100003,100,100082,100,99999,100,,,99947,100,,,99932,100,,,99925,100,,,99918,100,,,99883,100,,,,,,,,,,,,
2019-06-28 09:30:00.000000020,100024,100,100003,100,100071,100,99999,100,100082,100,99947,100,,,99932,100,,,99925,100,,,99918,100,,,99883,100,,,,,,,,,,,,
2019-06-28 09:30:00.000000021,100024,100,100003,100,100071,100,99999,100,100082,100,99947,100,,,99932,100,,,99925,100,,,99918,100,,,99902,100,,,99883,100,,,,,,,,
2019-06-28 09:30:00.000000023,100024,100,100003,100,100071,100,99999,100,100082,100,99976,100,100096,100,99947,100,,,99934,100,,,99932,100,,,99925,100,,,99918,100,,,99902,100,,,99883,100
2019-06-28 09:30:00.000000025,100024,100,100003,100,100071,100,99999,100,100082,100,99976,100,100096,100,99947,100,100103,100,99934,100,,,99932,100,,,99925,100,,,99918,100,,,99902,100,,,99883,100
2019-06-28 09:30:00.000000027,100024,100,100014,100,100071,100,100003,100,100082,100,99999,100,100096,100,99984,100,100103,100,99976,100,,,99947,100,,,99943,100,,,99934,100,,,99932,100,,,99925,100
2019-06-28 09:30:00.000000028,100024,100,100014,100,100071,100,100003,100,100075,100,99999,100,100082,100,99984,100,100096,100,99976,100,100103,100,99947,100,,,99943,100,,,99934,100,,,99932,100,,,99925,100
2019-06-28 09:30:00.000000030,100024,100,100014,100,100058,100,100003,100,100071,100,99999,100,100075,100,99984,100,100076,100,99976,100,100082,100,99947,100,100096,100,99943,100,100103,100,99934,100,,,99932,100,,,99925,100
2019-06-28 09:30:00.000000031,100024,100,100014,100,100058,100,100003,200,100071,100,99999,100,100075,100,99984,100,100076,100,99976,100,100082,100,99947,100,100096,100,99943,100,100103,100,99934,100,,,99932,100,,,99925,100
2019-06-28 09:30:00.000000032,100024,100,100014,100,100058,100,100003,200,100071,100,99999,100,100075,100,99984,100,100076,100,99976,100,100082,100,99947,100,100096,100,99943,100,100103,100,99934,100,,,99932,100,,,99925,100
2019-06-28 09:30:00.000000033,100024,100,100014,100,100058,100,100004,100,100071,100,100003,200,100075,100,99999,100,100076,100,99984,100,100082,100,99976,100,100096,100,99947,100,100103,100,99943,100,,,99934,100,,,99932,100
2019-06-28 09:30:00.000000034,100024,100,100004,100,100058,100,100003,200,100071,100,99999,100,100075,100,99984,100,100076,100,99976,100,100082,100,99947,100,100096,100,99943,100,100103,100,99934,100,,,99932,100,,,99925,100
2019-06-28 09:30:00.000000035,100024,100,100004,100,100058,100,100003,200,100071,100,99999,100,100075,100,99984,100,100076,100,99983,100,100082,100,99976,100,100096,100,99947,100,100103,100,99943,100,,,99934,100,,,99932,100
2019-06-28 09:30:00.000000036,100010,100,100004,100,100024,100,100003,200,100058,100,99999,100,100071,100,99984,100,100075,100,99983,100,100076,100,99976,100,100082,100,99947,100,100096,100,99943,100,100103,100,99934,100,100204,100,99932,100
2019-06-28 09:30:00.000000037,100010,100,100005,100,100024,100,100004,100,100058,100,100003,200,100071,100,99999,100,100075,100,99984,100,100076,100,99983,100,100082,100,99976,100,100094,100,99947,100,100096,100,99943,100,100103,100,99934,100
2019-06-28 09:30:00.000000040,100010,100,100005,100,100024,100,100004,100,100058,100,100003,200,100071,100,99999,100,100075,100,99984,100,100076,100,99983,100,100082,100,99976,100,100094,100,99947,100,100096,100,99943,100,100103,100,99934,100
2019-06-28 09:30:00.000000041,100010,100,100005,100,100024,100,100004,100,100058,100,100003,200,100071,100,99999,100,100075,100,99984,100,100076,100,99983,100,100082,100,99976,100,100094,100,99947,100,100096,100,99943,100,100103,100,99934,100
2019-06-28 09:30:00.000000042,100010,100,100005,100,100024,100,100004,100,100058,100,100003,200,100071,100,99999,100,100075,100,99984,100,100076,100,99983,100,100082,100,99979,100,100094,100,99976,100,100096,100,99947,100,100103,100,99943,100
2019-06-28 09:30:00.000000043,100010,100,100005,100,100024,100,100004,100,100058,100,100003,200,100071,100,99999,100,100075,100,99984,100,100076,100,99983,100,100082,100,99979,100,100094,100,99976,100,100096,100,99971,100,100103,100,99947,100
2019-06-28 09:30:00.000000049,100010,100,100004,100,100024,100,100003,200,100058,100,99999,100,100071,100,99984,100,100075,100,99983,100,100076,100,99979,100,100082,100,99976,100,100094,100,99971,100,100096,100,99947,100,100103,100,99943,100
2019-06-28 09:30:00.000000050,100010,100,100004,100,100024,100,100003,200,100058,100,99999,100,100071,100,99984,100,100075,100,99983,100,100076,100,99979,100,100082,100,99976,100,100094,100,99971,100,100096,100,99964,100,100103,100,99947,100
2019-06-28 09:30:00.000000051,100010,100,100004,100,100024,100,100003,200,100058,100,99999,100,100069,100,99984,100,100071,100,99983,100,100075,100,99979,100,100076,100,99976,100,100082,100,99971,100,100094,100,99964,100,100096,100,99947,100
2019-06-28 09:30:00.000000052,100009,100,100004,100,100010,100,100003,200,100024,100,99999,100,100058,100,99984,100,100069,100,99983,100,100071,100,99979,100,100075,100,99976,100,100076,100,99971,100,100082,100,99964,100,100094,100,99947,100
2019-06-28 09:30:00.000000054,100009,100,100004,100,100010,100,100003,200,100024,100,99999,100,100058,100,99984,100,100067,100,99983,100,100069,100,99979,100,100071,100,99976,100,100075,100,99971,100,100076,100,99964,100,100082,100,99947,100
2019-06-28 09:30:00.000000057,100009,100,100004,100,100010,100,100003,200,100024,100,99999,100,100058,100,99984,100,100067,100,99983,100,100069,100,99979,100,100071,100,99976,100,100075,100,99971,100,100076,100,99964,100,100082,100,99952,100
2019-06-28 09:30:00.000000058,100009,100,100004,100,100010,100,100003,200,100024,100,99999,100,100057,100,99984,100,100058,100,99983,100,100067,100,99979,100,100069,100,99976,100,100071,100,99971,100,100075,100,99964,100,100076,100,99952,100
2019-06-28 09:30:00.000000059,100009,100,100004,100,100010,100,100003,200,100024,100,99999,100,100057,100,99984,100,100058,100,99983,100,100067,100,99979,100,100069,100,99976,100,100071,100,99971,100,100075,100,99964,100,100076,100,99952,100
2019-06-28 09:30:00.000000061,100010,100,100004,100,100024,100,100003,200,100057,100,99999,100,100058,100,99984,100,100067,100,99983,100,100069,100,99979,100,100071,100,99976,100,100075,100,99971,100,100076,100,99964,100,100082,100,99952,100
2019-06-28 09:30:00.000000065,100010,100,100004,100,100024,100,100003,200,100057,100,99999,100,100058,100,99984,100,100067,100,99983,100,100069,100,99979,100,100071,100,99976,100,100075,100,99971,100,100076,100,99964,100,100082,100,99952,100
2019-06-28 09:30:00.000000066,100010,100,100004,100,100024,100,100003,200,100057,100,99999,100,100058,100,99984,100,100067,100,99983,100,100069,100,99979,100,100070,100,99976,100,100071,100,99971,100,100075,100,99964,100,100076,100,99952,100
2019-06-28 09:30:00.000000067,100010,100,100004,100,100024,100,100003,200,100057,100,99999,100,100058,100,99984,100,100067,100,99983,100,100069,100,99979,100,100070,100,99976,100,100071,100,99971,100,100075,100,99964,100,100076,100,99952,100
2019-06-28 09:30:00.000000071,100010,100,100004,100,100024,100,100003,200,100057,100,99999,100,100058,100,99984,100,100061,100,99983,100,100067,100,99979,100,100069,100,99976,100,100070,100,99971,100,100071,100,99964,100,100075,100,99952,100
2019-06-28 09:30:00.000000072,100010,100,100004,100,100024,100,100003,200,100057,100,99999,100,100058,100,99984,100,100061,100,99983,100,100067,100,99979,100,100069,100,99976,100,100070,100,99971,100,100071,100,99964,100,100075,100,99963,100
2019-06-28 09:30:00.000000073,100010,100,100004,100,100024,100,100003,200,100057,100,99999,100,100058,100,99984,100,100061,100,99983,100,100067,100,99979,100,100069,100,99976,100,100070,100,99971,100,100071,100,99964,100,100075,100,99963,100
2019-06-28 09:30:00.000000074,100009,100,100004,100,100010,100,100003,200,100024,100,99999,100,100057,100,99984,100,100058,100,99983,100,100061,100,99979,100,100067,100,99976,100,100069,100,99971,100,100070,100,99964,100,100071,100,99963,100
2019-06-28 09:30:00.000000077,100009,200,100005,200,100010,100,100004,100,100024,100,100003,200,100057,100,99999,200,100058,100,99984,100,100061,100,99983,100,100067,100,99979,100,100069,100,99976,100,100070,100,99971,100,100071,100,99964,100
2019-06-28 09:30:00.000000078,100009,300,100005,200,100010,100,100004,100,100024,100,100003,200,100057,100,99999,200,100058,100,99984,100,100061,100,99983,100,100067,100,99979,100,100069,100,99976,100,100070,100,99971,100,100071,100,99964,100
2019-06-28 09:30:00.000000082,100009,300,100005,200,100010,100,100004,100,100024,100,100003,200,100057,100,99999,200,100058,100,99984,100,100061,100,99983,100,100067,100,99979,100,100069,100,99976,100,100070,100,99971,100,100071,100,99964,100
2019-06-28 09:30:00.000000086,100009,400,100005,200,100010,100,100004,100,100024,100,100003,200,100057,100,99999,200,100058,100,99984,100,100061,100,99983,100,100067,100,99979,100,100069,100,99976,100,100070,100,99971,100,100071,100,99964,100
2019-06-28 09:30:00.000000087,100009,400,100005,200,100010,100,100004,100,100024,100,100003,200,100057,100,99999,200,100058,100,99984,100,100061,100,99983,100,100067,100,99979,100,100069,100,99976,100,100070,100,99971,100,100071,100,99964,100
2019-06-28 09:30:00.000000096,100009,500,100005,100,100010,100,100004,100,100024,100,100003,200,100048,100,99999,200,100057,100,99984,100,100058,100,99983,100,100061,100,99979,100,100067,100,99976,100,100069,100,99971,100,100070,100,99964,100
2019-06-28 09:30:00.000000097,100009,400,100005,100,100010,100,100004,100,100024,100,100003,200,100048,100,99999,200,100057,100,99984,100,100058,100,99983,100,100061,100,99979,100,100067,100,99976,100,100069,100,99971,100,100070,100,99964,100
2019-06-28 09:30:02.050721184,100009,400,100006,100,100010,100,100005,100,100024,100,100004,100,100048,100,100003,200,100057,100,99999,200,100058,100,99984,100,100061,100,99983,100,100067,100,99979,100,100069,100,99976,100,100070,100,99971,100
2019-06-28 09:30:10.000000000,100009,483,100006,183,100010,183,100005,183,100024,183,100004,183,100048,183,100003,283,100057,183,99999,283,100058,100,99984,100,100061,100,99983,100,100067,100,99979,100,100069,100,99976,100,100070,100,99971,100
2019-06-28 09:30:20.000000000,100009,483,100006,183,100010,183,100005,183,100024,183,100004,183,100048,183,100003,283,100057,183,99999,283,100058,100,99984,100,100061,100,99983,100,100067,100,99979,100,100069,100,99976,100,100070,100,99971,100
2019-06-28 09:30:30.000000000,100009,483,100006,183,100010,183,100005,183,100024,183,100004,183,100048,183,100003,283,100057,183,99999,283,100058,100,99984,100,100061,100,99983,100,100067,100,99979,100,100069,100,99976,100,100070,100,99971,100
2019-06-28 09:30:33.543009566,100009,483,100006,283,100010,183,100005,183,100024,183,100004,183,100048,183,100003,283,100057,183,99999,283,100058,100,99984,100,100061,100,99983,100,100067,100,99979,100,100069,100,99976,100,100070,100,99971,100
2019-06-28 09:30:40.000000000,100009,607,100006,407,100010,307,100005,307,100024,100,100004,100,100048,100,100003,200,100057,100,99999,200,100058,100,99984,100,100061,100,99983,100,100067,100,99979,100,100069,100,99976,100,100070,100,99971,100
2019-06-28 09:30:43.891435587,100009,507,100006,407,100010,307,100005,307,100024,100,100004,100,100048,100,100003,200,100057,100,99999,200,100058,100,99984,100,100061,100,99983,100,100067,100,99979,100,100069,100,99976,100,100070,100,99971,100
2019-06-28 09:30:45.704855632,100009,507,100006,407,100010,307,100005,307,100024,100,100004,100,100048,100,100003,200,100057,100,99999,200,100058,100,99984,100,100061,100,99983,100,100067,100,99979,100,100069,100,99976,100,100070,100,99971,100
2019-06-28 09:30:50.000000000,100009,441,100006,341,100010,237,100005,237,100024,237,100004,237,100048,100,100003,200,100057,100,99999,200,100058,100,99984,100,100061,100,99983,100,100067,100,99979,100,100069,100,99976,100,100070,100,99971,100
2019-06-28 09:31:00.000000000,100009,441,100006,341,100010,237,100005,237,100024,237,100004,237,100048,100,100003,200,100057,100,99999,200,100058,100,99984,100,100061,100,99983,100,100067,100,99979,100,100069,100,99976,100,100070,100,99971,100
2019-06-28 09:31:10.000000000,100009,404,100006,304,100010,204,100005,204,100024,204,100004,204,100048,204,100003,304,100057,100,99999,200,100058,100,99984,100,100061,100,99983,100,100067,100,99979,100,100069,100,99976,100,100070,100,99971,100
2019-06-28 09:31:20.000000000,100009,404,100006,304,100010,204,100005,204,100024,204,100004,204,100048,204,100003,304,100057,100,99999,200,100058,100,99984,100,100061,100,99983,100,100067,100,99979,100,100069,100,99976,100,100070,100,99971,100
2019-06-28 09:31:21.619545877,100009,304,100006,304,100010,204,100005,204,100024,204,100004,204,100048,204,100003,304,100057,100,99999,200,100058,100,99984,100,100061,100,99983,100,100067,100,99979,100,100069,100,99976,100,100070,100,99964,100
2019-06-28 09:31:30.000000000,100009,283,100006,283,100010,183,100005,183,100024,183,100004,183,100048,183,100003,283,100057,183,99999,283,100058,100,99984,100,100061,100,99983,100,100067,100,99979,100,100069,100,99976,100,100070,100,99964,100
2019-06-28 09:31:30.810730633,100009,283,100006,283,100010,183,100005,183,100024,183,100004,183,100048,183,100003,283,100057,183,99999,283,100058,100,99984,100,100061,100,99983,100,100067,100,99979,100,100069,100,99976,100,100070,100,99964,100
2019-06-28 09:31:38.851421881,100009,183,100006,283,100010,183,100005,183,100024,183,100004,183,100048,183,100003,283,100057,183,99999,283,100058,100,99984,100,100061,100,99983,100,100067,100,99979,100,100069,100,99976,100,100070,100,99964,100
2019-06-28 09:31:39.498742848,100009,183,100006,283,100010,183,100005,183,100024,183,100004,183,100048,183,100003,283,100057,183,99999,283,100058,100,99984,100,100061,100,99983,100,100067,100,99979,100,100069,100,99976,100,100070,100,99964,100
2019-06-28 09:31:40.000000000,100009,241,100006,341,100010,237,100005,237,100024,237,100004,237,100048,100,100003,200,100057,100,99999,200,100058,100,99984,100,100061,100,99983,100,100067,100,99979,100,100069,100,99976,100,100070,100,99964,100
2019-06-28 09:31:40.126900629,100009,141,100006,341,100010,237,100005,237,100024,237,100004,237,100048,100,100003,200,100057,100,99999,200,100058,100,99984,100,100061,100,99983,100,100067,100,99979,100,100069,100,99976,100,100070,100,99964,100
2019-06-28 09:31:48.330209724,100009,141,100006,341,100010,237,100005,237,100024,237,100004,237,100048,100,100003,200,100057,100,99999,200,100058,100,99984,100,100061,100,99983,100,100066,100,99979,100,100067,100,99976,100,100069,100,99964,100
2019-06-28 09:31:50.000000000,100010,307,100006,407,100024,307,100005,307,100048,100,100004,100,100057,100,100003,200,100058,100,99999,200,100061,100,99984,100,100066,100,99983,100,100067,100,99979,100,100069,100,99976,100,100070,100,99964,100
2019-06-28 09:32:00.000000000,100010,241,100006,341,100024,237,100005,237,100048,237,100004,237,100057,100,100003,200,100058,100,99999,200,100061,100,99984,100,100066,100,99983,100,100067,100,99979,100,100069,100,99976,100,100070,100,99964,100
2019-06-28 09:32:06.699495900,100010,141,100006,341,100024,237,100005,237,100048,237,100004,237,100057,100,100003,200,100058,100,99999,200,100061,100,99984,100,100066,100,99983,100,100067,100,99979,100,100069,100,99976,100,100070,100,99964,100
2019-06-28 09:32:10.000000000,100024,241,100006,341,100048,237,100005,237,100057,237,100004,237,100058,100,100003,200,100061,100,99999,200,100066,100,99984,100,100067,100,99983,100,100069,100,99979,100,100070,100,99976,100,100071,100,99964,100
2019-06-28 09:32:20.000000000,100024,183,100006,283,100048,183,100005,183,100057,183,100004,183,100058,183,100003,283,100061,183,99999,283,100066,100,99984,100,100067,100,99983,100,100069,100,99979,100,100070,100,99976,100,100071,100,99964,100
2019-06-28 09:32:30.000000000,100024,241,100006,341,100048,237,100005,237,100057,237,100004,237,100058,100,100003,200,100061,100,99999,200,100066,100,99984,100,100067,100,99983,100,100069,100,99979,100,100070,100,99976,100,100071,100,99964,100
2019-06-28 09:32:36.653559706,100024,241,100006,341,100048,237,100005,237,100057,237,100004,237,100058,100,100003,200,100066,100,99999,200,100067,100,99984,100,100069,100,99983,100,100070,100,99979,100,100071,100,99976,100,100076,100,99964,100
2019-06-28 09:32:40.000000000,100024,241,100006,341,100048,237,100005,237,100057,237,100004,237,100058,100,100003,200,100066,100,99999,200,100067,100,99984,100,100069,100,99983,100,100070,100,99979,100,100071,100,99976,100,100076,100,99964,100
2019-06-28 09:32:44.570157858,100024,241,100006,341,100048,237,100005,237,100057,237,100004,237,100058,100,100003,200,100066,100,99999,200,100067,100,99984,100,100069,100,99983,100,100070,100,99979,100,100071,100,99976,100,100076,100,99964,100
2019-06-28 09:32:45.492618691,100024,141,100006,341,100048,237,100005,237,100057,237,100004,237,100058,100,100003,200,100066,100,99999,200,100067,100,99984,100,100069,100,99983,100,100070,100,99979,100,100071,100,99976,100,100076,100,99964,100
2019-06-28 09:32:49.498184989,100024,141,100006,341,100048,237,100005,237,100057,237,100004,237,100058,100,100003,200,100066,100,99999,200,100067,100,99984,100,100069,100,99983,100,100070,100,99979,100,100071,100,99976,100,100076,100,99964,100
2019-06-28 09:32:50.000000000,100048,204,100006,304,100057,204,100005,204,100058,204,100004,204,100066,204,100003,304,100067,100,99999,200,100069,100,99984,100,100070,100,99983,100,100071,100,99979,100,100076,100,99976,100,100082,100,99964,100
2019-06-28 09:33:00.000000000,100048,241,100006,341,100057,237,100005,237,100058,237,100004,237,100066,100,100003,200,100067,100,99999,200,100069,100,99984,100,100070,100,99983,100,100071,100,99979,100,100076,100,99976,100,100082,100,99964,100
2019-06-28 09:33:10.000000000,100048,307,100006,407,100057,307,100005,307,100058,100,100004,100,100066,100,100003,200,100067,100,99999,200,100069,100,99984,100,100070,100,99983,100,100071,100,99979,100,100076,100,99976,100,100082,100,99964,100
2019-06-28 09:33:20.000000000,100048,204,100006,304,100057,204,100005,204,100058,204,100004,204,100066,204,100003,304,100067,100,99999,200,100069,100,99984,100,100070,100,99983,100,100071,100,99979,100,100076,100,99976,100,100082,100,99964,100
2019-06-28 09:33:30.000000000,100048,514,100006,614,100057,100,100005,100,100058,100,100004,100,100066,100,100003,200,100067,100,99999,200,100069,100,99984,100,100070,100,99983,100,100071,100,99979,100,100076,100,99976,100,100082,100,99964,100
2019-06-28 09:33:40.000000000,100048,241,100006,341,100057,237,100005,237,100058,237,100004,237,100066,100,100003,200,100067,100,99999,200,100069,100,99984,100,100070,100,99983,100,100071,100,99979,100,100076,100,99976,100,100082,100,99964,100
2019-06-28 09:33:50.000000000,100048,204,100006,304,100057,204,100005,204,100058,204,100004,204,100066,204,100003,304,100067,100,99999,200,100069,100,99984,100,100070,100,99983,100,100071,100,99979,100,100076,100,99976,100,100082,100,99964,100
2019-06-28 09:34:00.000000000,100048,183,100006,283,100057,183,100005,183,100058,183,100004,183,100066,183,100003,283,100067,183,99999,283,100069,100,99984,100,100070,100,99983,100,100071,100,99979,100,100076,100,99976,100,100082,100,99964,100
2019-06-28 09:34:09.504395786,100048,183,100010,100,100057,183,100006,283,100058,183,100005,183,100066,183,100004,183,100067,183,100003,283,100069,100,99999,283,100070,100,99984,100,100071,100,99983,100,100076,100,99979,100,100082,100,99976,100
2019-06-28 09:34:10.000000000,100048,241,100010,241,100057,237,100006,337,100058,237,100005,237,100066,100,100004,100,100067,100,100003,200,100069,100,99999,200,100070,100,99984,100,100071,100,99983,100,100076,100,99979,100,100082,100,99976,100
2019-06-28 09:34:20.000000000,100048,183,100010,183,100057,183,100006,283,100058,183,100005,183,100066,183,100004,183,100067,183,100003,283,100069,100,99999,200,100070,100,99984,100,100071,100,99983,100,100076,100,99979,100,100082,100,99976,100
2019-06-28 09:34:30.000000000,100048,307,100010,307,100057,307,100006,407,100058,100,100005,100,100066,100,100004,100,100067,100,100003,200,100069,100,99999,200,100070,100,99984,100,100071,100,99983,100,100076,100,99979,100,100082,100,99976,100
2019-06-28 09:34:34.181421340,100048,207,100010,307,100057,307,100006,407,100058,100,100005,100,100066,100,100004,100,100067,100,100003,200,100069,100,99999,200,100070,100,99984,100,100071,100,99983,100,100076,100,99979,100,100086,100,99976,100
2019-06-28 09:34:40.000000000,100057,514,100010,514,100058,100,100006,200,100066,100,100005,100,100067,100,100004,100,100069,100,100003,200,100070,100,99999,200,100071,100,99984,100,100076,100,99983,100,100086,100,99979,100,100094,100,99976,100
2019-06-28 09:34:44.244129695,100057,414,100010,514,100058,100,100006,200,100066,100,100005,100,100067,100,100004,100,100069,100,100003,200,100070,100,99999,200,100071,100,99983,100,100076,100,99979,100,100086,100,99976,100,100094,100,99964,100
2019-06-28 09:34:45.764855645,100057,414,100048,100,100058,100,100010,514,100066,100,100006,200,100067,100,100005,100,100069,100,100004,100,100070,100,100003,200,100071,100,99999,200,100076,100,99983,100,100086,100,99979,100,100094,100,99976,100
2019-06-28 09:34:45.774656983,100057,414,100048,100,100058,100,100010,514,100066,100,100006,200,100067,100,100005,100,100069,100,100004,100,100070,100,100003,200,100071,100,99999,200,100076,100,99983,100,100086,100,99979,100,100094,100,99976,100
2019-06-28 09:34:50.000000000,100058,241,100048,241,100066,237,100010,237,100067,237,100006,337,100069,100,100005,100,100070,100,100004,100,100071,100,100003,200,100076,100,99999,200,100086,100,99983,100,100094,100,99979,100,100096,100,99976,100
2019-06-28 09:34:55.387499899,100058,141,100048,241,100066,237,100010,237,100067,237,100006,337,100069,100,100005,100,100070,100,100004,100,100071,100,100003,200,100076,100,99999,200,100086,100,99983,100,100094,100,99979,100,100096,100,99976,100
2019-06-28 09:34:57.093228472,100058,141,100048,241,100066,237,100010,237,100067,237,100006,337,100069,100,100005,100,100070,100,100004,100,100071,100,100003,200,100076,100,99999,200,100086,100,99983,100,100094,100,99979,100,100096,100,99964,100
2019-06-28 09:35:00.000000000,100066,241,100048,241,100067,237,100010,237,100069,237,100006,337,100070,100,100005,100,100071,100,100004,100,100076,100,100003,200,100086,100,99999,200,100094,100,99983,100,100096,100,99979,100,100100,100,99964,100
2019-06-28 09:35:07.678207920,100066,141,100048,241,100067,237,100010,237,100069,237,100006,337,100070,100,100005,100,100071,100,100004,100,100076,100,100003,200,100086,100,99999,200,100094,100,99983,100,100096,100,99979,100,100100,100,99964,100
2019-06-28 09:35:10.000000000,100067,241,100048,241,100069,237,100010,237,100070,237,100006,337,100071,100,100005,100,100076,100,100004,100,100086,100,100003,200,100094,100,99999,200,100096,100,99983,100,100100,100,99979,100,100103,100,99964,100
2019-06-28 09:35:15.644317964,100067,241,100048,241,100069,237,100010,237,100070,237,100006,337,100071,100,100005,100,100076,100,100004,100,100086,100,100003,200,100094,100,99999,200,100096,100,99983,100,100100,100,99979,100,100103,100,99964,100
2019-06-28 09:35:20.000000000,100067,514,100048,514,100069,100,100010,100,100070,100,100006,200,100071,100,100005,100,100076,100,100004,100,100086,100,100003,200,100094,100,99999,200,100096,100,99983,100,100100,100,99979,100,100103,100,99964,100
2019-06-28 09:35:30.000000000,100067,307,100048,307,100069,307,100010,307,100070,100,100006,200,100071,100,100005,100,100076,100,100004,100,100086,100,100003,200,100094,100,99999,200,100096,100,99983,100,100100,100,99979,100,100103,100,99964,100
2019-06-28 09:35:40.000000000,100067,307,100048,307,100069,307,100010,307,100070,100,100006,200,100071,100,100005,100,100076,100,100004,100,100086,100,100003,200,100094,100,99999,200,100096,100,99983,100,100100,100,99979,100,100103,100,99964,100
2019-06-28 09:35:50.000000000,100067,241,100048,241,100069,237,100010,237,100070,237,100006,337,100071,100,100005,100,100076,100,100004,100,100086,100,100003,200,100094,100,99999,200,100096,100,99983,100,100100,100,99979,100,100103,100,99964,100
2019-06-28 09:36:00.000000000,100067,241,100048,241,100069,237,100010,237,100070,237,100006,337,100071,100,100005,100,100076,100,100004,100,100086,100,100003,200,100094,100,99999,200,100096,100,99983,100,100100,100,99979,100,100103,100,99964,100
2019-06-28 09:36:10.000000000,100067,514,100048,514,100069,100,100010,100,100070,100,100006,200,100071,100,100005,100,100076,100,100004,100,100086,100,100003,200,100094,100,99999,200,100096,100,99983,100,100100,100,99979,100,100103,100,99964,100
2019-06-28 09:36:18.353204717,100067,514,100058,100,100069,100,100048,514,100070,100,100010,100,100071,100,100006,200,100076,100,100005,100,100086,100,100004,100,100094,100,100003,200,100096,100,99999,200,100100,100,99983,100,100103,100,99979,100
2019-06-28 09:36:20.000000000,100067,307,100058,307,100069,307,100048,307,100070,100,100010,100,100071,100,100006,200,100076,100,100005,100,100086,100,100004,100,100094,100,100003,200,100096,100,99999,200,100100,100,99983,100,100103,100,99979,100
2019-06-28 09:36:21.547507585,100067,207,100058,307,100069,307,100048,307,100070,100,100010,100,100071,100,100006,200,100076,100,100005,100,100086,100,100004,100,100094,100,100003,200,100096,100,99999,200,100103,100,99983,100,100106,100,99979,100
2019-06-28 09:36:30.000000000,100069,204,100058,204,100070,204,100048,204,100071,204,100010,204,100076,204,100006,304,100086,100,100005,100,100094,100,100004,100,100096,100,100003,200,100103,100,99999,200,100106,100,99983,100,100113,100,99979,100
2019-06-28 09:36:31.530969704,100069,204,100058,204,100070,204,100048,204,100071,204,100010,204,100076,204,100006,304,100086,100,100005,100,100094,100,100004,100,100096,100,100003,200,100103,100,99999,200,100106,100,99983,100,100113,100,99979,100
2019-06-28 09:36:32.029223039,100069,204,100066,100,100070,204,100058,204,100071,204,100048,204,100076,204,100010,204,100086,100,100006,304,100094,100,100005,100,100103,100,100004,100,100106,100,100003,200,100113,100,99999,200,100172,100,99983,100
2019-06-28 09:36:34.802593371,100069,104,100066,100,100070,204,100058,204,100071,204,100048,204,100076,204,100010,204,100086,100,100006,304,100094,100,100005,100,100103,100,100004,100,100106,100,100003,200,100113,100,99999,200,100172,100,99983,100
2019-06-28 09:36:40.000000000,100070,241,100066,241,100071,237,100058,237,100076,237,100048,237,100086,100,100010,100,100094,100,100006,200,100103,100,100005,100,100106,100,100004,100,100113,100,100003,200,100172,100,99999,200,100182,100,99983,100
2019-06-28 09:36:41.354258560,100070,241,100066,241,100071,237,100058,237,100076,237,100048,237,100086,100,100010,100,100094,100,100006,200,100103,100,100005,100,100106,100,100004,100,100113,100,100003,200,100172,100,99999,200,100182,100,99983,100
2019-06-28 09:36:50.000000000,100070,241,100066,241,100071,237,100058,237,100076,237,100048,237,100086,100,100010,100,100094,100,100006,200,100103,100,100005,100,100106,100,100004,100,100113,100,100003,200,100172,100,99999,200,100182,100,99983,100
2019-06-28 09:37:00.000000000,100070,514,100066,514,100071,100,100058,100,100076,100,100048,100,100086,100,100010,100,100094,100,100006,200,100103,100,100005,100,100106,100,100004,100,100113,100,100003,200,100172,100,99999,200,100182,100,99983,100
2019-06-28 09:37:01.012107927,100070,514,100066,514,100071,100,100058,100,100076,100,100048,100,100086,100,100010,100,100094,100,100006,200,100103,100,100005,100,100106,100,100004,100,100113,100,100003,200,100172,100,99999,200,100182,100,99983,100
2019-06-28 09:37:10.000000000,100070,241,100066,241,100071,237,100058,237,100076,237,100048,237,100086,100,100010,100,100094,100,100006,200,100103,100,100005,100,100106,100,100004,100,100113,100,100003,200,100172,100,99999,200,100182,100,99983,100
2019-06-28 09:37:20.000000000,100070,307,100066,307,100071,307,100058,307,100076,100,100048,100,100086,100,100010,100,100094,100,100006,200,100103,100,100005,100,100106,100,100004,100,100113,100,100003,200,100172,100,99999,200,100182,100,99983,100
2019-06-28 09:37:27.483774814,100070,307,100066,307,100071,307,100058,307,100076,100,100048,100,100086,100,100010,100,100094,100,100006,200,100103,100,100005,100,100106,100,100004,100,100113,100,100003,200,100172,100,99999,200,100182,100,99983,100
2019-06-28 09:37:30.000000000,100070,183,100066,183,100071,183,100058,183,100076,183,100048,183,100086,183,100010,183,100094,183,100006,283,100103,100,100005,100,100106,100,100004,100,100113,100,100003,200,100172,100,99999,200,100182,100,99983,100
2019-06-28 09:37:40.000000000,100070,241,100066,241,100071,237,100058,237,100076,237,100048,237,100086,100,100010,100,100094,100,100006,200,100103,100,100005,100,100106,100,100004,100,100113,100,100003,200,100172,100,99999,200,100182,100,99983,100
2019-06-28 09:37:50.000000000,100070,204,100066,204,100071,204,100058,204,100076,204,100048,204,100086,204,100010,204,100094,100,100006,200,100103,100,100005,100,100106,100,100004,100,100113,100,100003,200,100172,100,99999,200,100182,100,99983,100
2019-06-28 09:37:51.861373361,100070,104,100066,204,100071,204,100058,204,100076,204,100048,204,100086,204,100010,204,100094,100,100006,200,100103,100,100005,100,100106,100,100004,100,100113,100,100003,200,100172,100,99999,200,100182,100,99983,100
2019-06-28 09:38:00.000000000,100071,307,100066,307,100076,307,100058,307,100086,100,100048,100,100094,100,100010,100,100103,100,100006,200,100106,100,100005,100,100113,100,100004,100,100172,100,100003,200,100182,100,99999,200,100475,100,99983,100
2019-06-28 09:38:01.228292973,100071,307,100066,307,100076,307,100058,307,100086,100,100048,100,100094,100,100010,100,100103,100,100006,200,100106,100,100005,100,100113,100,100004,100,100172,100,100003,200,100182,100,99999,200,100475,100,99983,100
2019-06-28 09:38:05.217337844,100071,307,100069,100,100076,307,100066,307,100086,100,100058,307,100094,100,100048,100,100103,100,100010,100,100106,100,100006,200,100113,100,100005,100,100172,100,100004,100,100182,100,100003,200,100475,100,99999,200
2019-06-28 09:38:10.000000000,100071,514,100069,514,100076,100,100066,100,100086,100,100058,100,100094,100,100048,100,100103,100,100010,100,100106,100,100006,200,100113,100,100005,100,100172,100,100004,100,100182,100,100003,200,100475,100,99999,200
2019-06-28 09:38:20.000000000,100071,241,100069,241,100076,237,100066,237,100086,237,100058,237,100094,100,100048,100,100103,100,100010,100,100106,100,100006,200,100113,100,100005,100,100172,100,100004,100,100182,100,100003,200,100475,100,99999,200
2019-06-28 09:38:20.412204982,100071,241,100069,341,100076,237,100066,237,100086,237,100058,237,100094,100,100048,100,100103,100,100010,100,100106,100,100006,200,100113,100,100005,100,100172,100,100003,200,100182,100,99999,200,100475,100,99983,100
2019-06-28 09:38:23.899575418,100071,141,100069,341,100076,237,100066,237,100086,237,100058,237,100094,100,100048,100,100103,100,100010,100,100106,100,100006,200,100113,100,100005,100,100172,100,100003,200,100182,100,99999,200,100475,100,99983,100
2019-06-28 09:38:30.000000000,100076,204,100069,304,100086,204,100066,204,100094,204,100058,204,100103,204,100048,204,100106,100,100010,100,100113,100,100006,200,100172,100,100005,100,100182,100,100003,200,100475,100,99999,200,100506,100,99983,100
2019-06-28 09:38:31.695086727,100076,204,100069,304,100086,204,100066,204,100094,204,100058,204,100103,204,100048,204,100106,100,100010,100,100113,100,100006,200,100172,100,100005,100,100182,100,100003,200,100475,100,99999,200,100506,100,99983,100
2019-06-28 09:38:40.000000000,100076,307,100069,407,100086,307,100066,307,100094,100,100058,100,100103,100,100048,100,100106,100,100010,100,100113,100,100006,200,100172,100,100005,100,100182,100,100003,200,100475,100,99999,200,100506,100,99983,100
2019-06-28 09:38:45.879145990,100076,207,100069,407,100086,307,100066,307,100094,100,100058,100,100103,100,100048,100,100106,100,100010,100,100113,100,100006,200,100172,100,100005,100,100182,100,100003,200,100475,100,99999,200,100506,100,99983,100
2019-06-28 09:38:50.000000000,100086,514,100069,614,100094,100,100066,100,100103,100,100058,100,100106,100,100048,100,100113,100,100010,100,100172,100,100006,200,100182,100,100005,100,100475,100,100003,200,100506,100,99999,200,100879,100,99983,100
2019-06-28 09:39:00.000000000,100086,204,100069,304,100094,204,100066,204,100103,204,100058,204,100106,204,100048,204,100113,100,100010,100,100172,100,100006,200,100182,100,100005,100,100475,100,100003,200,100506,100,99999,200,100879,100,99983,100
2019-06-28 09:39:10.000000000,100086,514,100069,614,100094,100,100066,100,100103,100,100058,100,100106,100,100048,100,100113,100,100010,100,100172,100,100006,200,100182,100,100005,100,100475,100,100003,200,100506,100,99999,200,100879,100,99983,100
2019-06-28 09:39:20.000000000,100086,183,100069,283,100094,183,100066,183,100103,183,100058,183,100106,183,100048,183,100113,183,100010,183,100172,100,100006,200,100182,100,100005,100,100475,100,100003,200,100506,100,99999,200,100879,100,99983,100
2019-06-28 09:39:30.000000000,100086,241,100069,341,100094,237,100066,237,100103,237,100058,237,100106,100,100048,100,100113,100,100010,100,100172,100,100006,200,100182,100,100005,100,100475,100,100003,200,100506,100,99999,200,100879,100,99983,100
2019-06-28 09:39:37.191400953,100086,241,100071,100,100094,237,100069,341,100103,237,100066,237,100106,100,100058,237,100113,100,100048,100,100172,100,100010,100,100182,100,100006,200,100475,100,100005,100,100506,100,100003,200,100879,100,99999,200
2019-06-28 09:39:40.000000000,100086,241,100071,241,100094,237,100069,337,100103,237,100066,237,100106,100,100058,100,100113,100,100048,100,100172,100,100010,100,100182,100,100006,200,100475,100,100005,100,100506,100,100003,200,100879,100,99999,200
2019-06-28 09:39:40.275717221,100086,41,100071,241,100094,237,100069,337,100103,237,100066,237,100106,100,100058,100,100113,100,100048,100,100172,100,100010,100,100182,100,100006,200,100475,100,100005,100,100506,100,100003,200,100879,100,99999,200
2019-06-28 09:39:50.000000000,100094,204,100071,204,100103,204,100069,304,100106,204,100066,204,100113,204,100058,204,100172,100,100048,100,100182,100,100010,100,100475,100,100006,200,100506,100,100005,100,100879,100,100003,200,101198,100,99999,200
2019-06-28 09:39:57.205642834,100094,204,100071,204,100103,204,100069,204,100106,204,100066,204,100113,204,100058,204,100172,100,100048,100,100182,100,100010,100,100475,100,100006,200,100506,100,100005,100,100879,100,100003,200,101198,100,99999,200
2019-06-28 09:40:00.000000000,100094,183,100071,183,100103,183,100069,183,100106,183,100066,183,100113,183,100058,183,100172,183,100048,183,100182,100,100010,100,100475,100,100006,200,100506,100,100005,100,100879,100,100003,200,101198,100,99999,200
2019-06-28 09:40:09.025521121,100094,183,100071,183,100103,183,100069,183,100106,183,100066,183,100113,183,100058,183,100172,83,100048,183,100182,100,100010,100,100475,100,100006,200,100506,100,100005,100,100879,100,100003,200,101198,100,99999,200
2019-06-28 09:40:10.000000000,100094,183,100071,183,100103,183,100069,183,100106,183,100066,183,100113,183,100058,183,100182,183,100048,183,100475,100,100010,100,100506,100,100006,200,100879,100,100005,100,101198,100,100003,200,101387,100,99999,200
2019-06-28 09:40:18.102542121,100094,183,100076,100,100103,183,100071,183,100106,183,100069,183,100113,183,100066,183,100182,183,100058,183,100475,100,100048,183,100506,100,100006,200,100879,100,100005,100,101198,100,100003,200,101387,100,99999,200
2019-06-28 09:40:20.000000000,100094,183,100076,183,100103,183,100071,183,100106,183,100069,183,100113,183,100066,183,100182,183,100058,183,100475,100,100048,100,100506,100,100006,200,100879,100,100005,100,101198,100,100003,200,101387,100,99999,200
2019-06-28 09:40:21.390810230,100094,183,100076,183,100103,183,100071,183,100106,183,100069,183,100113,183,100066,183,100182,183,100058,183,100475,100,100048,100,100506,100,100006,200,100879,100,100005,100,101198,100,100003,200,101347,100,99999,200
2019-06-28 09:40:21.409598249,100094,183,100076,183,100103,183,100071,183,100106,183,100069,183,100113,183,100066,183,100182,183,100058,183,100475,100,100048,100,100506,100,100006,200,100879,100,100005,100,101198,100,100003,200,101347,100,99999,200
2019-06-28 09:40:30.000000000,100094,204,100076,204,100103,204,100071,204,100106,204,100069,204,100113,204,100066,204,100182,100,100058,100,100475,100,100048,100,100506,100,100006,200,100879,100,100005,100,101198,100,100003,200,101347,100,99999,200
2019-06-28 09:40:40.000000000,100094,514,100076,514,100103,100,100071,100,100106,100,100069,100,100113,100,100066,100,100182,100,100058,100,100475,100,100048,100,100506,100,100006,200,100879,100,100005,100,101198,100,100003,200,101347,100,99999,200
2019-06-28 09:40:48.828585857,100094,514,100076,514,100103,100,100071,100,100106,100,100069,100,100113,100,100066,100,100182,100,100058,100,100475,100,100048,100,100506,100,100006,200,100879,100,100005,100,101066,100,100003,200,101198,100,99999,200
2019-06-28 09:40:50.000000000,100094,241,100076,241,100103,237,100071,237,100106,237,100069,237,100113,100,100066,100,100182,100,100058,100,100475,100,100048,100,100506,100,100006,200,100879,100,100005,100,101066,100,100003,200,101198,100,99999,200
2019-06-28 09:41:00.000000000,100094,307,100076,307,100103,307,100071,307,100106,100,100069,100,100113,100,100066,100,100182,100,100058,100,100475,100,100048,100,100506,100,100006,200,100879,100,100005,100,101066,100,100003,200,101198,100,99999,200
2019-06-28 09:41:01.119435839,100094,307,100076,407,100103,307,100071,307,100106,100,100069,100,100113,100,100066,100,100182,100,100058,100,100475,100,100048,100,100506,100,100006,200,100879,100,100005,100,101066,100,100003,200,101198,100,99999,200
2019-06-28 09:41:09.089907620,100094,207,100076,407,100103,307,100071,307,100106,100,100069,100,100113,100,100066,100,100182,100,100058,100,100475,100,100048,100,100506,100,100006,200,100879,100,100005,100,101066,100,100003,200,101198,100,99999,200
2019-06-28 09:41:10.000000000,100103,514,100076,614,100106,100,100071,100,100113,100,100069,100,100182,100,100066,100,100475,100,100058,100,100506,100,100048,100,100879,100,100006,200,101066,100,100005,100,101198,100,100003,200,101347,100,99999,200
2019-06-28 09:41:12.278482502,100103,414,100076,614,100106,100,100071,100,100113,100,100069,100,100182,100,100066,100,100475,100,100058,100,100506,100,100048,100,100879,100,100006,200,101198,100,100005,100,101347,100,100003,200,101387,100,99999,200
2019-06-28 09:41:20.000000000,100106,307,100076,407,100113,307,100071,307,100182,100,100069,100,100475,100,100066,100,100506,100,100058,100,100879,100,100048,100,101198,100,100006,200,101347,100,100005,100,101387,100,100003,200,101412,100,99999,200
2019-06-28 09:41:21.802912777,100106,307,100076,407,100113,307,100071,307,100182,100,100069,100,100475,100,100066,100,100506,100,100058,100,100879,100,100048,100,101198,100,100006,200,101347,100,100003,200,101387,100,99999,200,101412,100,99983,100
2019-06-28 09:41:30.000000000,100106,204,100076,304,100113,204,100071,204,100182,204,100069,204,100475,204,100066,204,100506,100,100058,100,100879,100,100048,100,101198,100,100006,200,101347,100,100003,200,101387,100,99999,200,101412,100,99983,100
2019-06-28 09:41:37.323084233,100106,204,100076,304,100113,104,100071,204,100182,204,100069,204,100475,204,100066,204,100506,100,100058,100,100721,100,100048,100,100879,100,100006,200,101198,100,100003,200,101347,100,99999,200,101387,100,99983,100
2019-06-28 09:41:40.000000000,100106,204,100076,304,100182,204,100071,204,100475,204,100069,204,100506,204,100066,204,100721,100,100058,100,100879,100,100048,100,101198,100,100006,200,101347,100,100003,200,101387,100,99999,200,101412,100,99983,100
2019-06-28 09:41:50.000000000,100106,514,100076,614,100182,100,100071,100,100475,100,100069,100,100506,100,100066,100,100721,100,100058,100,100879,100,100048,100,101198,100,100006,200,101347,100,100003,200,101387,100,99999,200,101412,100,99983,100
2019-06-28 09:41:52.222523077,100106,514,100076,614,100182,100,100071,100,100475,100,100069,100,100506,100,100066,100,100684,100,100058,100,100721,100,100048,100,100879,100,100006,200,101198,100,100003,200,101347,100,99999,200,101387,100,99983,100
2019-06-28 09:42:00.000000000,100106,514,100076,614,100182,100,100071,100,100475,100,100069,100,100506,100,100066,100,100684,100,100058,100,100721,100,100048,100,100879,100,100006,200,101198,100,100003,200,101347,100,99999,200,101387,100,99983,100
2019-06-28 09:42:00.434954689,100106,514,100094,100,100182,100,100076,614,100475,100,100071,100,100506,100,100069,100,100684,100,100058,100,100721,100,100048,100,100879,100,100006,200,101198,100,100003,200,101347,100,99999,200,101387,100,99983,100
2019-06-28 09:42:10.000000000,100106,514,100094,514,100182,100,100076,200,100475,100,100071,100,100506,100,100069,100,100684,100,100058,100,100721,100,100048,100,100879,100,100006,200,101198,100,100003,200,101347,100,99999,200,101387,100,99983,100
2019-06-28 09:42:18.615048567,100106,514,100094,614,100182,100,100076,200,100475,100,100071,100,100506,100,100069,100,100684,100,100058,100,100721,100,100048,100,100879,100,100006,200,101198,100,100003,200,101347,100,99999,200,101387,100,99983,100
2019-06-28 09:42:19.769590475,100106,514,100094,714,100182,100,100076,200,100475,100,100071,100,100506,100,100069,100,100684,100,100058,100,100721,100,100048,100,100879,100,100006,200,101198,100,100003,200,101347,100,99999,200,101387,100,99983,100
2019-06-28 09:42:20.000000000,100106,514,100094,714,100182,100,100076,200,100475,100,100071,100,100506,100,100069,100,100684,100,100058,100,100721,100,100048,100,100879,100,100006,200,101198,100,100003,200,101347,100,99999,200,101387,100,99983,100
2019-06-28 09:42:30.000000000,100106,514,100094,714,100182,100,100076,200,100475,100,100071,100,100506,100,100069,100,100684,100,100058,100,100721,100,100048,100,100879,100,100006,200,101198,100,100003,200,101347,100,99999,200,101387,100,99983,100
2019-06-28 09:42:40.000000000,100106,183,100094,383,100182,183,100076,283,100475,183,100071,183,100506,183,100069,183,100684,183,100058,183,100721,100,100048,100,100879,100,100006,200,101198,100,100003,200,101347,100,99999,200,101387,100,99983,100
2019-06-28 09:42:50.000000000,100106,307,100094,507,100182,307,100076,407,100475,100,100071,100,100506,100,100069,100,100684,100,100058,100,100721,100,100048,100,100879,100,100006,200,101198,100,100003,200,101347,100,99999,200,101387,100,99983,100
2019-06-28 09:43:00.000000000,100106,514,100094,714,100182,100,100076,200,100475,100,100071,100,100506,100,100069,100,100684,100,100058,100,100721,100,100048,100,100879,100,100006,200,101198,100,100003,200,101347,100,99999,200,101387,100,99983,100
2019-06-28 09:43:01.909863417,100106,414,100094,714,100182,100,100076,200,100475,100,100071,100,100684,100,100069,100,100721,100,100058,100,100879,100,100048,100,101198,100,100006,200,101347,100,100003,200,101387,100,99999,200,101412,100,99983,100
2019-06-28 09:43:05.879864639,100106,414,100103,100,100182,100,100094,714,100475,100,100076,100,100684,100,100071,100,100721,100,100069,100,100879,100,100058,100,101198,100,100048,100,101347,100,100006,200,101387,100,100003,200,101412,100,99999,200
2019-06-28 09:43:09.983630792,100106,314,100103,100,100182,100,100094,714,100475,100,100076,100,100684,100,100071,100,100721,100,100069,100,100879,100,100058,100,101198,100,100048,100,101347,100,100006,200,101387,100,100003,200,101412,100,99999,200
2019-06-28 09:43:10.000000000,100182,514,100103,514,100475,100,100094,300,100684,100,100076,100,100721,100,100071,100,100879,100,100069,100,101198,100,100058,100,101347,100,100048,100,101387,100,100006,200,101412,100,100003,200,101438,100,99999,200
2019-06-28 09:43:18.248461536,100182,414,100103,514,100475,100,100094,300,100684,100,100076,100,100721,100,100071,100,100879,100,100069,100,101198,100,100058,100,101347,100,100048,100,101387,100,100006,200,101412,100,100003,200,101438,100,99999,200
2019-06-28 09:43:20.000000000,100475,514,100103,514,100684,100,100094,300,100721,100,100076,100,100879,100,100071,100,101198,100,100069,100,101347,100,100058,100,101387,100,100048,100,101412,100,100006,200,101438,100,100003,200,101509,100,99999,200
2019-06-28 09:43:30.000000000,100475,241,100103,241,100684,237,100094,437,100721,237,100076,237,100879,100,100071,100,101198,100,100069,100,101347,100,100058,100,101387,100,100048,100,101412,100,100006,200,101438,100,100003,200,101509,100,99999,200
2019-06-28 09:43:36.224187833,100412,100,100103,241,100475,241,100094,437,100684,237,100076,237,100721,237,100071,100,100879,100,100069,100,101198,100,100058,100,101347,100,100048,100,101387,100,100006,200,101412,100,100003,200,101438,100,99999,200
2019-06-28 09:43:39.845353095,100412,100,100103,241,100421,100,100094,437,100475,241,100076,237,100684,237,100071,100,100721,237,100069,100,100879,100,100058,100,101198,100,100048,100,101347,100,100006,200,101387,100,100003,200,101412,100,99999,200
2019-06-28 09:43:40.000000000,100412,514,100103,514,100421,100,100094,300,100475,100,100076,100,100684,100,100071,100,100721,100,100069,100,100879,100,100058,100,101198,100,100048,100,101347,100,100006,200,101387,100,100003,200,101412,100,99999,200
2019-06-28 09:43:50.000000000,100412,514,100103,514,100421,100,100094,300,100475,100,100076,100,100684,100,100071,100,100721,100,100069,100,100879,100,100058,100,101198,100,100048,100,101347,100,100006,200,101387,100,100003,200,101412,100,99999,200
2019-06-28 09:43:52.761543144,100291,100,100103,514,100412,514,100094,300,100421,100,100076,100,100475,100,100071,100,100684,100,100069,100,100721,100,100058,100,100879,100,100048,100,101198,100,100006,200,101347,100,100003,200,101387,100,99999,200
2019-06-28 09:44:00.000000000,100291,514,100103,514,100412,100,100094,300,100421,100,100076,100,100475,100,100071,100,100684,100,100069,100,100721,100,100058,100,100879,100,100048,100,101198,100,100006,200,101347,100,100003,200,101387,100,99999,200
2019-06-28 09:44:10.000000000,100291,183,100103,183,100412,183,100094,383,100421,183,100076,183,100475,183,100071,183,100684,183,100069,183,100721,100,100058,100,100879,100,100048,100,101198,100,100006,200,101347,100,100003,200,101387,100,99999,200
2019-06-28 09:44:20.000000000,100291,514,100103,514,100412,100,100094,300,100421,100,100076,100,100475,100,100071,100,100684,100,100069,100,100721,100,100058,100,100879,100,100048,100,101198,100,100006,200,101347,100,100003,200,101387,100,99999,200
2019-06-28 09:44:30.000000000,100291,514,100103,514,100412,100,100094,300,100421,100,100076,100,100475,100,100071,100,100684,100,100069,100,100721,100,100058,100,100879,100,100048,100,101198,100,100006,200,101347,100,100003,200,101387,100,99999,200
2019-06-28 09:44:31.030749225,100121,100,100103,514,100291,414,100094,300,100412,100,100076,100,100421,100,100071,100,100475,100,100069,100,100684,100,100058,100,100721,100,100048,100,100879,100,100006,200,101198,100,100003,200,101347,100,99999,200
2019-06-28 09:44:33.653756253,100121,100,100103,514,100291,414,100094,300,100412,100,100076,100,100421,100,100071,100,100475,100,100069,100,100684,100,100058,100,100721,100,100048,100,100879,100,100006,200,101198,100,100003,200,101347,100,99999,200
2019-06-28 09:44:38.610585051,100121,100,100106,100,100291,414,100103,514,100412,100,100094,300,100421,100,100076,100,100475,100,100071,100,100684,100,100069,100,100721,100,100058,100,100879,100,100048,100,101198,100,100006,200,101347,100,100003,200
2019-06-28 09:44:40.000000000,100121,204,100106,204,100412,204,100103,204,100421,204,100094,404,100475,204,100076,204,100684,100,100071,100,100721,100,100069,100,100879,100,100058,100,101198,100,100048,100,101347,100,100006,200,101387,100,100003,200
2019-06-28 09:44:50.000000000,100121,183,100106,183,100412,183,100103,183,100421,183,100094,383,100475,183,100076,183,100684,183,100071,183,100721,100,100069,100,100879,100,100058,100,101198,100,100048,100,101347,100,100006,200,101387,100,100003,200
2019-06-28 09:45:00.000000000,100121,514,100106,514,100412,100,100103,100,100421,100,100094,300,100475,100,100076,100,100684,100,100071,100,100721,100,100069,100,100879,100,100058,100,101198,100,100048,100,101347,100,100006,200,101387,100,100003,200
2019-06-28 09:45:06.996525009,100121,514,100106,514,100181,100,100103,100,100412,100,100094,300,100421,100,100076,100,100475,100,100071,100,100684,100,100069,100,100721,100,100058,100,100879,100,100048,100,101198,100,100006,200,101347,100,100003,200
2019-06-28 09:45:09.094635840,100121,514,100106,514,100181,100,100103,100,100220,100,100094,300,100412,100,100076,100,100421,100,100071,100,100475,100,100069,100,100684,100,100058,100,100721,100,100048,100,100879,100,100006,200,101198,100,100003,200
2019-06-28 09:45:10.000000000,100121,241,100106,241,100181,237,100103,237,100220,237,100094,437,100412,100,100076,100,100421,100,100071,100,100475,100,100069,100,100684,100,100058,100,100721,100,100048,100,100879,100,100006,200,101198,100,100003,200
2019-06-28 09:45:20.000000000,100121,307,100106,307,100181,307,100103,307,100220,100,100094,300,100412,100,100076,100,100421,100,100071,100,100475,100,100069,100,100684,100,100058,100,100721,100,100048,100,100879,100,100006,200,101198,100,100003,200
2019-06-28 09:45:20.033939083,100121,307,100106,307,100181,307,100103,307,100220,100,100094,300,100412,100,100076,100,100421,100,100071,100,100475,100,100069,100,100684,100,100058,100,100721,100,100048,100,100879,100,100006,200,101198,100,100003,200
2019-06-28 09:45:28.673604401,100121,307,100106,207,100181,307,100103,307,100220,100,100094,300,100412,100,100076,100,100421,100,100071,100,100475,100,100069,100,100684,100,100058,100,100721,100,100048,100,100879,100,100006,200,101198,100,100003,200
2019-06-28 09:45:30.000000000,100121,241,100103,241,100181,237,100094,437,100220,237,100076,237,100412,100,100071,100,100421,100,100069,100,100475,100,100058,100,100684,100,100048,100,100721,100,100006,200,100879,100,100003,200,101198,100,99999,200
2019-06-28 09:45:40.000000000,100121,204,100103,204,100181,204,100094,404,100220,204,100076,204,100412,204,100071,204,100421,100,100069,100,100475,100,100058,100,100684,100,100048,100,100721,100,100006,200,100879,100,100003,200,101198,100,99999,200
2019-06-28 09:45:41.946046730,100121,204,100103,204,100181,204,100094,404,100220,204,100076,204,100412,204,100071,204,100421,100,100069,100,100475,100,100058,100,100684,100,100048,100,100721,100,100006,200,100879,100,100003,200,101198,100,99999,200
2019-06-28 09:45:50.000000000,100121,183,100103,183,100181,183,100094,383,100220,183,100076,183,100412,183,100071,183,100421,183,100069,183,100475,100,100058,100,100684,100,100048,100,100721,100,100006,200,100879,100,100003,200,101198,100,99999,200
2019-06-28 09:45:54.713044452,100121,183,100103,83,100181,183,100094,383,100220,183,100076,183,100412,183,100071,183,100421,183,100069,183,100475,100,100058,100,100684,100,100048,100,100721,100,100006,200,100879,100,100003,200,101198,100,99999,200
2019-06-28 09:46:00.000000000,100121,307,100094,507,100181,307,100076,307,100220,100,100071,100,100412,100,100069,100,100421,100,100058,100,100475,100,100048,100,100684,100,100006,200,100721,100,100003,200,100879,100,99999,200,101198,100,99994,100
2019-06-28 09:46:07.052822351,100121,307,100094,507,100181,307,100076,307,100220,100,100071,100,100412,100,100069,100,100421,100,100058,100,100475,100,100048,100,100684,100,100006,200,100721,100,100003,200,100879,100,99999,200,101198,100,99994,100
2019-06-28 09:46:08.701390876,100121,307,100094,407,100181,307,100076,307,100220,100,100071,100,100412,100,100069,100,100421,100,100058,100,100475,100,100048,100,100684,100,100006,200,100721,100,100003,100,100879,100,99999,200,101198,100,99994,100
2019-06-28 09:46:10.000000000,100121,307,100094,407,100181,307,100076,307,100220,100,100071,100,100412,100,100069,100,100421,100,100058,100,100475,100,100048,100,100684,100,100006,200,100721,100,100003,100,100879,100,99999,200,101198,100,99994,100
2019-06-28 09:46:20.000000000,100121,241,100094,341,100181,237,100076,237,100220,237,100071,237,100412,100,100069,100,100421,100,100058,100,100475,100,100048,100,100684,100,100006,200,100721,100,100003,100,100879,100,99999,200,101198,100,99994,100
2019-06-28 09:46:22.307105602,100121,241,100094,341,100181,237,100076,237,100220,237,100071,237,100412,100,100069,100,100421,100,100058,100,100475,100,100048,100,100684,100,100006,200,100721,100,100003,100,100879,100,99999,200,101198,100,99994,100
2019-06-28 09:46:26.717221183,100121,241,100094,241,100181,237,100076,237,100220,237,100071,237,100412,100,100069,100,100421,100,100058,100,100475,100,100048,100,100684,100,100006,200,100721,100,100003,100,100879,100,99999,200,101198,100,99994,100
2019-06-28 09:46:30.000000000,100121,307,100094,307,100181,307,100076,307,100220,100,100071,100,100412,100,100069,100,100421,100,100058,100,100475,100,100048,100,100684,100,100006,200,100721,100,100003,100,100879,100,99999,200,101198,100,99994,100
2019-06-28 09:46:40.000000000,100121,204,100094,204,100181,204,100076,204,100220,204,100071,204,100412,204,100069,204,100421,100,100058,100,100475,100,100048,100,100684,100,100006,200,100721,100,100003,100,100879,100,99999,200,101198,100,99994,100
2019-06-28 09:46:43.401379416,100121,204,100094,104,100181,204,100076,204,100220,204,100071,204,100412,204,100069,204,100421,100,100058,100,100475,100,100048,100,100684,100,100006,200,100721,100,100003,100,100879,100,99999,200,101198,100,99994,100
2019-06-28 09:46:49.814244934,100121,204,100094,104,100181,204,100076,204,100220,204,100071,204,100412,204,100069,204,100421,100,100058,100,100475,100,100048,100,100684,100,100006,200,100721,100,100003,100,100879,100,99999,200,101198,100,99994,100
2019-06-28 09:46:50.000000000,100121,241,100076,241,100181,237,100071,237,100220,237,100069,237,100412,100,100058,100,100421,100,100048,100,100475,100,100006,200,100684,100,100003,100,100721,100,99999,200,100879,100,99994,100,101198,100,99983,100
2019-06-28 09:46:57.230065600,100121,241,100076,241,100181,237,100071,237,100220,237,100069,237,100421,100,100058,100,100475,100,100048,100,100684,100,100006,200,100721,100,100003,100,100879,100,99999,200,101198,100,99994,100,101347,100,99983,100
2019-06-28 09:47:00.000000000,100121,514,100076,514,100181,100,100071,100,100220,100,100069,100,100421,100,100058,100,100475,100,100048,100,100684,100,100006,200,100721,100,100003,100,100879,100,99999,200,101198,100,99994,100,101347,100,99983,100
2019-06-28 09:47:10.000000000,100121,241,100076,241,100181,237,100071,237,100220,237,100069,237,100421,100,100058,100,100475,100,100048,100,100684,100,100006,200,100721,100,100003,100,100879,100,99999,200,101198,100,99994,100,101347,100,99983,100
2019-06-28 09:47:20.000000000,100121,514,100076,514,100181,100,100071,100,100220,100,100069,100,100421,100,100058,100,100475,100,100048,100,100684,100,100006,200,100721,100,100003,100,100879,100,99999,200,101198,100,99994,100,101347,100,99983,100
2019-06-28 09:47:30.000000000,100121,204,100076,204,100181,204,100071,204,100220,204,100069,204,100421,204,100058,204,100475,100,100048,100,100684,100,100006,200,100721,100,100003,100,100879,100,99999,200,101198,100,99994,100,101347,100,99983,100
2019-06-28 09:47:40.000000000,100121,183,100076,183,100181,183,100071,183,100220,183,100069,183,100421,183,100058,183,100475,183,100048,183,100684,100,100006,200,100721,100,100003,100,100879,100,99999,200,101198,100,99994,100,101347,100,99983,100
2019-06-28 09:47:50.000000000,100121,204,100076,204,100181,204,100071,204,100220,204,100069,204,100421,204,100058,204,100475,100,100048,100,100684,100,100006,200,100721,100,100003,100,100879,100,99999,200,101198,100,99994,100,101347,100,99983,100
2019-06-28 09:47:52.771869414,100121,204,100076,104,100181,204,100071,204,100220,204,100069,204,100421,204,100058,204,100475,100,100048,100,100721,100,100006,200,100879,100,100003,100,101198,100,99999,200,101347,100,99994,100,101387,100,99983,100
2019-06-28 09:47:53.725128054,100094,100,100076,104,100121,204,100071,204,100181,204,100069,204,100220,204,100058,204,100421,204,100048,100,100475,100,100006,100,100721,100,100003,100,100879,100,99999,200,101198,100,99994,100,101347,100,99983,100
2019-06-28 09:47:54.707321214,100094,200,100076,104,100121,204,100071,204,100181,204,100069,204,100220,204,100058,204,100421,204,100048,100,100475,100,100006,100,100721,100,100003,100,100879,100,99999,200,101198,100,99994,100,101347,100,99983,100
2019-06-28 09:48:00.000000000,100094,283,100071,183,100121,183,100069,183,100181,183,100058,183,100220,183,100048,183,100421,183,100006,183,100475,100,100003,100,100721,100,99999,200,100879,100,99994,100,101198,100,99983,100,101347,100,99979,100
2019-06-28 09:48:02.544122775,100094,383,100071,183,100121,183,100069,183,100181,183,100058,183,100220,183,100048,183,100421,183,100006,183,100475,100,100003,100,100721,100,99999,200,100879,100,99994,100,101198,100,99983,100,101347,100,99979,100
2019-06-28 09:48:10.000000000,100094,404,100071,204,100121,204,100069,204,100181,204,100058,204,100220,204,100048,204,100421,100,100006,100,100475,100,100003,100,100721,100,99999,200,100879,100,99994,100,101198,100,99983,100,101347,100,99979,100
2019-06-28 09:48:20.000000000,100094,441,100071,241,100121,237,100069,237,100181,237,100058,237,100220,100,100048,100,100421,100,100006,100,100475,100,100003,100,100721,100,99999,200,100879,100,99994,100,101198,100,99983,100,101347,100,99979,100
2019-06-28 09:48:30.000000000,100094,404,100071,204,100121,204,100069,204,100181,204,100058,204,100220,204,100048,204,100421,100,100006,100,100475,100,100003,100,100721,100,99999,200,100879,100,99994,100,101198,100,99983,100,101347,100,99979,100
2019-06-28 09:48:39.230899249,100094,504,100071,204,100121,204,100069,204,100181,204,100058,104,100220,204,100048,204,100421,100,100006,100,100475,100,100003,100,100721,100,99999,200,100879,100,99994,100,101198,100,99983,100,101347,100,99979,100
2019-06-28 09:48:40.000000000,100094,607,100071,307,100121,307,100069,307,100181,100,100048,100,100220,100,100006,100,100421,100,100003,100,100475,100,99999,200,100721,100,99994,100,100879,100,99983,100,101198,100,99979,100,101347,100,99932,100
2019-06-28 09:48:47.004972266,100094,607,100071,207,100121,307,100069,307,100181,100,100048,100,100220,100,100006,100,100421,100,100003,100,100475,100,99999,200,100721,100,99994,100,100879,100,99983,100,101198,100,99979,100,101347,100,99932,100
2019-06-28 09:48:50.000000000,100094,504,100069,204,100121,204,100048,204,100181,204,100006,204,100220,204,100003,204,100421,100,99999,200,100475,100,99994,100,100721,100,99983,100,100879,100,99979,100,101198,100,99932,100,101347,100,99892,100
2019-06-28 09:48:53.138609529,100094,504,100069,204,100121,204,100048,204,100181,204,100006,204,100220,204,100003,204,100421,100,99999,200,100475,100,99994,100,100721,100,99983,100,100879,100,99979,100,101198,100,99932,100,101347,100,99892,100
2019-06-28 09:48:53.266057321,100094,504,100069,104,100121,204,100048,204,100181,204,100006,204,100220,204,100003,204,100421,100,99999,200,100475,100,99994,100,100721,100,99983,100,100879,100,99979,100,101198,100,99932,100,101347,100,99892,100
2019-06-28 09:49:00.000000000,100094,607,100048,307,100121,307,100006,307,100181,100,100003,100,100220,100,99999,200,100421,100,99994,100,100475,100,99983,100,100721,100,99979,100,100879,100,99932,100,101198,100,99892,100,101347,100,99847,100
2019-06-28 09:49:06.939284594,100094,607,100048,307,100121,307,100006,307,100181,100,100003,100,100220,100,99999,200,100421,100,99994,100,100475,100,99983,100,100721,100,99979,100,100879,100,99932,100,101198,100,99892,100,101347,100,99847,100
2019-06-28 09:49:10.000000000,100094,504,100048,204,100121,204,100006,204,100181,204,100003,204,100220,204,99999,304,100421,100,99994,100,100475,100,99983,100,100721,100,99979,100,100879,100,99932,100,101198,100,99892,100,101347,100,99847,100
2019-06-28 09:49:20.000000000,100094,814,100048,514,100121,100,100006,100,100181,100,100003,100,100220,100,99999,200,100421,100,99994,100,100475,100,99983,100,100721,100,99979,100,100879,100,99932,100,101198,100,99892,100,101347,100,99847,100
2019-06-28 09:49:30.000000000,100094,607,100048,307,100121,307,100006,307,100181,100,100003,100,100220,100,99999,200,100421,100,99994,100,100475,100,99983,100,100721,100,99979,100,100879,100,99932,100,101198,100,99892,100,101347,100,99847,100
2019-06-28 09:49:32.729535748,100094,607,100048,207,100121,307,100006,307,100181,100,100003,100,100220,100,99999,200,100421,100,99994,100,100475,100,99983,100,100721,100,99979,100,100879,100,99932,100,101198,100,99892,100,101347,100,99847,100
2019-06-28 09:49:36.228149090,100094,607,100048,207,100121,307,100006,307,100181,100,100003,100,100220,100,99999,200,100421,100,99994,100,100475,100,99983,100,100721,100,99979,100,100879,100,99932,100,101198,100,99892,100,101347,100,99847,100
2019-06-28 09:49:38.201897563,100094,607,100048,207,100121,307,100006,307,100181,100,100003,100,100220,100,99999,200,100421,100,99994,100,100475,100,99983,100,100721,100,99979,100,100879,100,99932,100,101198,100,99892,100,101347,100,99847,100
2019-06-28 09:49:40.000000000,100094,607,100006,307,100121,307,100003,307,100181,100,99999,200,100220,100,99994,100,100421,100,99983,100,100475,100,99979,100,100721,100,99932,100,100879,100,99892,100,101198,100,99847,100,101347,100,99682,100
2019-06-28 09:49:40.237348026,100069,100,100006,307,100094,607,100003,307,100121,307,99999,200,100220,100,99994,100,100421,100,99983,100,100475,100,99979,100,100721,100,99932,100,100879,100,99892,100,101198,100,99847,100,101347,100,99682,100
2019-06-28 09:49:50.000000000,100069,514,100006,514,100094,400,100003,100,100121,100,99999,200,100220,100,99994,100,100421,100,99983,100,100475,100,99979,100,100721,100,99932,100,100879,100,99892,100,101198,100,99847,100,101347,100,99682,100
2019-06-28 09:49:59.277450477,100069,514,100006,414,100094,400,100003,100,100121,100,99999,200,100220,100,99994,100,100421,100,99983,100,100475,100,99979,100,100721,100,99932,100,100879,100,99892,100,101198,100,99847,100,101347,100,99682,100
2019-06-28 09:50:00.000000000,100069,241,100003,241,100094,537,99999,337,100121,237,99994,237,100220,100,99983,100,100421,100,99979,100,100475,100,99932,100,100721,100,99892,100,100879,100,99847,100,101198,100,99682,100,101347,100,99496,100
2019-06-28 09:50:10.000000000,100069,204,100003,204,100094,504,99999,304,100121,204,99994,204,100220,204,99983,204,100421,100,99979,100,100475,100,99932,100,100721,100,99892,100,100879,100,99847,100,101198,100,99682,100,101347,100,99496,100
2019-06-28 09:50:20.000000000,100069,307,100003,307,100094,607,99999,407,100121,100,99994,100,100220,100,99983,100,100421,100,99979,100,100475,100,99932,100,100721,100,99892,100,100879,100,99847,100,101198,100,99682,100,101347,100,99496,100
2019-06-28 09:50:20.551558980,100069,307,100003,307,100094,607,99999,407,100121,100,99994,100,100220,100,99983,100,100421,100,99979,100,100475,100,99932,100,100721,100,99892,100,100879,100,99847,100,101198,100,99682,100,101347,100,99496,100
2019-06-28 09:50:30.000000000,100069,204,100003,204,100094,504,99999,304,100121,204,99994,204,100220,204,99983,204,100421,100,99979,100,100475,100,99932,100,100721,100,99892,100,100879,100,99847,100,101198,100,99682,100,101347,100,99496,100
2019-06-28 09:50:40.000000000,100069,204,100003,204,100094,504,99999,304,100121,204,99994,204,100220,204,99983,204,100421,100,99979,100,100475,100,99932,100,100721,100,99892,100,100879,100,99847,100,101198,100,99682,100,101347,100,99496,100
2019-06-28 09:50:49.633902593,100069,204,100003,204,100094,504,99999,304,100121,204,99994,204,100220,204,99983,204,100421,100,99979,100,100475,100,99932,100,100721,100,99892,100,100879,100,99847,100,101198,100,99682,100,101347,100,99496,100
2019-06-28 09:50:50.000000000,100069,183,100003,183,100094,483,99999,283,100121,183,99994,183,100220,183,99983,183,100421,183,99979,183,100475,100,99932,100,100721,100,99892,100,100879,100,99847,100,101198,100,99682,100,101347,100,99496,100
2019-06-28 09:51:00.000000000,100069,307,100003,307,100094,607,99999,407,100121,100,99994,100,100220,100,99983,100,100421,100,99979,100,100475,100,99932,100,100721,100,99892,100,100879,100,99847,100,101198,100,99682,100,101347,100,99496,100
2019-06-28 09:51:10.000000000,100069,307,100003,307,100094,607,99999,407,100121,100,99994,100,100220,100,99983,100,100421,100,99979,100,100475,100,99932,100,100721,100,99892,100,100879,100,99847,100,101198,100,99682,100,101347,100,99496,100
2019-06-28 09:51:12.304425735,100048,100,100003,307,100069,307,99999,407,100094,607,99994,100,100121,100,99983,100,100220,100,99979,100,100421,100,99932,100,100475,100,99892,100,100721,100,99847,100,100879,100,99682,100,101198,100,99496,100
2019-06-28 09:51:19.690794976,100048,100,100003,207,100069,307,99999,407,100094,607,99994,100,100121,100,99983,100,100220,100,99979,100,100421,100,99932,100,100475,100,99892,100,100721,100,99847,100,100879,100,99496,100,101198,100,99490,100
2019-06-28 09:51:20.000000000,100048,241,99999,341,100069,237,99994,237,100094,537,99983,237,100121,100,99979,100,100220,100,99932,100,100421,100,99892,100,100475,100,99847,100,100721,100,99496,100,100879,100,99490,100,101198,100,99444,100
2019-06-28 09:51:20.599119116,100048,241,99999,241,100069,237,99994,237,100094,537,99983,237,100121,100,99979,100,100220,100,99932,100,100421,100,99892,100,100475,100,99847,100,100721,100,99496,100,100879,100,99490,100,101198,100,99444,100
2019-06-28 09:51:21.826217211,100048,241,99999,241,100069,237,99994,237,100094,537,99983,237,100121,100,99979,100,100220,100,99932,100,100421,100,99892,100,100475,100,99847,100,100721,100,99496,100,100879,100,99490,100,101198,100,99444,100
2019-06-28 09:51:30.000000000,100048,514,99999,514,100069,100,99994,100,100094,400,99983,100,100121,100,99979,100,100220,100,99932,100,100421,100,99892,100,100475,100,99847,100,100721,100,99496,100,100879,100,99490,100,101198,100,99444,100
2019-06-28 09:51:36.244594616,100048,514,99999,514,100069,100,99994,100,100094,400,99983,100,100121,100,99979,100,100220,100,99932,100,100421,100,99892,100,100475,100,99847,100,100721,100,99496,100,101198,100,99490,100,101347,100,99444,100
2019-06-28 09:51:40.000000000,100048,514,99999,514,100069,100,99994,100,100094,400,99983,100,100121,100,99979,100,100220,100,99932,100,100421,100,99892,100,100475,100,99847,100,100721,100,99496,100,101198,100,99490,100,101347,100,99444,100
2019-06-28 09:51:47.461866716,100048,514,99999,414,100069,100,99994,100,100094,400,99983,100,100121,100,99979,100,100220,100,99932,100,100421,100,99892,100,100475,100,99847,100,100721,100,99496,100,101198,100,99490,100,101347,100,99444,100
2019-06-28 09:51:50.000000000,100048,183,99994,183,100069,183,99983,183,100094,483,99979,183,100121,183,99932,183,100220,183,99892,183,100421,100,99847,100,100475,100,99496,100,100721,100,99490,100,101198,100,99444,100,101347,100,99003,100
2019-06-28 09:52:00.000000000,100048,514,99994,514,100069,100,99983,100,100094,400,99979,100,100121,100,99932,100,100220,100,99892,100,100421,100,99847,100,100475,100,99496,100,100721,100,99490,100,101198,100,99444,100,101347,100,99003,100
2019-06-28 09:52:02.512714867,100048,514,99994,414,100069,100,99983,100,100094,400,99979,100,100121,100,99932,100,100220,100,99892,100,100421,100,99847,100,100475,100,99496,100,100721,100,99490,100,101198,100,99444,100,101347,100,98838,100
2019-06-28 09:52:10.000000000,100048,514,99983,514,100069,100,99979,100,100094,400,99932,100,100121,100,99892,100,100220,100,99847,100,100421,100,99496,100,100475,100,99490,100,100721,100,99444,100,101198,100,98838,100,101347,100,98816,100
2019-06-28 09:52:20.000000000,100048,307,99983,307,100069,307,99979,307,100094,400,99932,100,100121,100,99892,100,100220,100,99847,100,100421,100,99496,100,100475,100,99490,100,100721,100,99444,100,101198,100,98838,100,101347,100,98816,100
2019-06-28 09:52:23.433270494,100048,307,99983,207,100069,307,99979,307,100094,400,99932,100,100121,100,99892,100,100220,100,99847,100,100421,100,99496,100,100475,100,99490,100,100721,100,99444,100,101198,100,98838,100,101347,100,98816,100
2019-06-28 09:52:30.000000000,100048,204,99979,204,100069,204,99932,204,100094,504,99892,204,100121,204,99847,204,100220,100,99496,100,100421,100,99490,100,100475,100,99444,100,100721,100,98838,100,101198,100,98816,100,101347,100,98772,100
2019-06-28 09:52:40.000000000,100048,183,99979,183,100069,183,99932,183,100094,483,99892,183,100121,183,99847,183,100220,183,99496,183,100421,100,99490,100,100475,100,99444,100,100721,100,98838,100,101198,100,98816,100,101347,100,98772,100
2019-06-28 09:52:49.876088959,100048,183,99979,183,100069,183,99932,183,100094,383,99892,183,100121,183,99847,183,100220,183,99496,183,100421,100,99490,100,100475,100,99444,100,100721,100,98838,100,101198,100,98816,100,101347,100,98772,100
2019-06-28 09:52:50.000000000,100048,241,99979,241,100069,237,99932,237,100094,437,99892,237,100121,100,99847,100,100220,100,99496,100,100421,100,99490,100,100475,100,99444,100,100721,100,98838,100,101198,100,98816,100,101347,100,98772,100
2019-06-28 09:53:00.000000000,100048,307,99979,307,100069,307,99932,307,100094,300,99892,100,100121,100,99847,100,100220,100,99496,100,100421,100,99490,100,100475,100,99444,100,100721,100,98838,100,101198,100,98816,100,101347,100,98772,100
2019-06-28 09:53:10.000000000,100048,183,99979,183,100069,183,99932,183,100094,383,99892,183,100121,183,99847,183,100220,183,99496,183,100421,100,99490,100,100475,100,99444,100,100721,100,98838,100,101198,100,98816,100,101347,100,98772,100
2019-06-28 09:53:20.000000000,100048,241,99979,241,100069,237,99932,237,100094,437,99892,237,100121,100,99847,100,100220,100,99496,100,100421,100,99490,100,100475,100,99444,100,100721,100,98838,100,101198,100,98816,100,101347,100,98772,100
2019-06-28 09:53:20.874967133,100048,241,99979,141,100069,237,99932,237,100094,437,99892,237,100121,100,99847,100,100220,100,99496,100,100421,100,99490,100,100475,100,99444,100,100721,100,98838,100,101198,100,98816,100,101347,100,98772,100
2019-06-28 09:53:24.870486808,100048,241,99979,41,100069,237,99932,237,100094,437,99892,237,100121,100,99847,100,100220,100,99496,100,100421,100,99490,100,100475,100,99444,100,100721,100,98838,100,101198,100,98816,100,101347,100,98772,100
2019-06-28 09:53:30.000000000,100048,241,99932,241,100069,237,99892,237,100094,437,99847,237,100121,100,99496,100,100220,100,99490,100,100421,100,99444,100,100475,100,98838,100,100721,100,98816,100,101198,100,98772,100,101347,100,98664,100
2019-06-28 09:53:40.000000000,100048,204,99932,204,100069,204,99892,204,100094,404,99847,204,100121,204,99496,204,100220,100,99490,100,100421,100,99444,100,100475,100,98838,100,100721,100,98816,100,101198,100,98772,100,101347,100,98664,100
2019-06-28 09:53:41.344925348,100048,204,99932,204,100069,204,99892,204,100094,304,99847,204,100121,204,99496,204,100220,100,99490,100,100421,100,99444,100,100475,100,98838,100,100721,100,98816,100,101198,100,98772,100,101347,100,98664,100
2019-06-28 09:53:50.000000000,100048,514,99932,514,100069,100,99892,100,100094,200,99847,100,100121,100,99496,100,100220,100,99490,100,100421,100,99444,100,100475,100,98838,100,100721,100,98816,100,101198,100,98772,100,101347,100,98664,100
2019-06-28 09:54:00.000000000,100048,204,99932,204,100069,204,99892,204,100094,304,99847,204,100121,204,99496,204,100220,100,99490,100,100421,100,99444,100,100475,100,98838,100,100721,100,98816,100,101198,100,98772,100,101347,100,98664,100
2019-06-28 09:54:01.617649535,100048,204,99932,204,100069,204,99892,204,100094,304,99847,204,100121,204,99496,204,100220,100,99490,100,100421,100,99444,100,100475,100,99133,100,100721,100,98838,100,101198,100,98816,100,101438,100,98772,100
2019-06-28 09:54:10.000000000,100048,204,99932,204,100069,204,99892,204,100094,304,99847,204,100121,204,99496,204,100220,100,99490,100,100421,100,99444,100,100475,100,99133,100,100721,100,98838,100,101198,100,98816,100,101438,100,98772,100
2019-06-28 09:54:10.611597450,100048,204,99932,204,100069,204,99892,204,100094,304,99847,204,100121,204,99496,204,100220,100,99490,100,100421,100,99444,100,100475,100,99230,100,100721,100,99133,100,101198,100,98838,100,101438,100,98772,100
2019-06-28 09:54:11.389058685,99979,100,99932,204,100048,204,99892,204,100069,204,99847,204,100094,204,99496,204,100121,204,99490,100,100220,100,99444,100,100421,100,99230,100,100475,100,99133,100,100721,100,98838,100,101198,100,98772,100
2019-06-28 09:54:20.000000000,99979,307,99932,307,100048,307,99892,307,100069,100,99847,100,100094,100,99496,100,100121,100,99490,100,100220,100,99444,100,100421,100,99230,100,100475,100,99133,100,100721,100,98838,100,101198,100,98772,100
2019-06-28 09:54:30.000000000,99979,307,99932,307,100048,307,99892,307,100069,100,99847,100,100094,100,99496,100,100121,100,99490,100,100220,100,99444,100,100421,100,99230,100,100475,100,99133,100,100721,100,98838,100,101198,100,98772,100
2019-06-28 09:54:34.671216735,99979,307,99932,307,100048,307,99892,307,100069,100,99847,100,100094,100,99496,100,100121,100,99444,100,100220,100,99230,100,100421,100,99133,100,100475,100,99100,100,100721,100,98838,100,101198,100,98772,100
2019-06-28 09:54:40.000000000,99979,183,99932,183,100048,183,99892,183,100069,183,99847,183,100094,183,99496,183,100121,183,99444,183,100220,100,99230,100,100421,100,99133,100,100475,100,99100,100,100721,100,98838,100,101198,100,98772,100
2019-06-28 09:54:40.073995740,99979,183,99932,83,100048,183,99892,183,100069,183,99847,183,100094,183,99496,183,100121,183,99444,183,100220,100,99230,100,100421,100,99133,100,100475,100,99100,100,100721,100,98838,100,101198,100,98772,100
2019-06-28 09:54:46.288290147,99979,183,99932,83,100048,183,99892,183,100069,183,99847,183,100094,183,99496,183,100121,183,99444,183,100220,100,99230,100,100421,100,99133,100,100475,100,99100,100,100721,100,99021,100,101438,100,98838,100
2019-06-28 09:54:48.516819174,99978,100,99932,83,99979,183,99892,183,100048,183,99847,183,100069,183,99496,183,100094,183,99444,183,100121,183,99230,100,100220,100,99133,100,100421,100,99100,100,100475,100,99021,100,100721,100,98838,100
2019-06-28 09:54:50.000000000,99978,204,99892,204,99979,204,99847,204,100048,204,99496,204,100069,204,99444,204,100094,100,99230,100,100121,100,99133,100,100220,100,99100,100,100421,100,99021,100,100475,100,98838,100,100721,100,98772,100
2019-06-28 09:55:00.000000000,99978,241,99892,241,99979,237,99847,237,100048,237,99496,237,100069,100,99444,100,100094,100,99230,100,100121,100,99133,100,100220,100,99100,100,100421,100,99021,100,100475,100,98838,100,100721,100,98772,100
2019-06-28 09:55:10.000000000,99978,307,99892,307,99979,307,99847,307,100048,100,99496,100,100069,100,99444,100,100094,100,99230,100,100121,100,99133,100,100220,100,99100,100,100421,100,99021,100,100475,100,98838,100,100721,100,98772,100
2019-06-28 09:55:17.329077076,99978,307,99892,207,99979,307,99847,307,100048,100,99496,100,100069,100,99444,100,100094,100,99230,100,100121,100,99133,100,100220,100,99100,100,100421,100,99021,100,100475,100,98838,100,100721,100,98772,100
2019-06-28 09:55:20.000000000,99978,183,99847,183,99979,183,99496,183,100048,183,99444,183,100069,183,99230,183,100094,183,99133,183,100121,100,99100,100,100220,100,99021,100,100421,100,98838,100,100475,100,98772,100,100721,100,98664,100
2019-06-28 09:55:30.000000000,99978,183,99847,183,99979,183,99496,183,100048,183,99444,183,100069,183,99230,183,100094,183,99133,183,100121,100,99100,100,100220,100,99021,100,100421,100,98838,100,100475,100,98772,100,100721,100,98664,100
2019-06-28 09:55:40.000000000,99978,204,99847,204,99979,204,99496,204,100048,204,99444,204,100069,204,99230,204,100094,100,99133,100,100121,100,99100,100,100220,100,99021,100,100421,100,98838,100,100475,100,98772,100,100721,100,98664,100
2019-06-28 09:55:50.000000000,99978,183,99847,183,99979,183,99496,183,100048,183,99444,183,100069,183,99230,183,100094,183,99133,183,100121,100,99100,100,100220,100,99021,100,100421,100,98838,100,100475,100,98772,100,100721,100,98664,100
2019-06-28 09:55:59.499249449,99978,183,99847,83,99979,183,99496,183,100048,183,99444,183,100069,183,99230,183,100094,183,99133,183,100121,100,99100,100,100220,100,99021,100,100421,100,98838,100,100475,100,98772,100,100721,100,98664,100
2019-06-28 09:56:00.000000000,99978,241,99496,241,99979,237,99444,237,100048,237,99230,237,100069,100,99133,100,100094,100,99100,100,100121,100,99021,100,100220,100,98838,100,100421,100,98772,100,100475,100,98664,100,100721,100,98462,100
2019-06-28 09:56:10.000000000,99978,241,99496,241,99979,237,99444,237,100048,237,99230,237,100069,100,99133,100,100094,100,99100,100,100121,100,99021,100,100220,100,98838,100,100421,100,98772,100,100475,100,98664,100,100721,100,98462,100
2019-06-28 09:56:10.481755417,99978,241,99496,241,99979,237,99444,237,100048,237,99230,237,100069,100,99133,100,100094,100,99100,100,100121,100,99021,100,100220,100,98838,100,100421,100,98818,100,100475,100,98772,100,100721,100,98664,100
2019-06-28 09:56:20.000000000,99978,307,99496,307,99979,307,99444,307,100048,100,99230,100,100069,100,99133,100,100094,100,99100,100,100121,100,99021,100,100220,100,98838,100,100421,100,98818,100,100475,100,98772,100,100721,100,98664,100
2019-06-28 09:56:28.536992554,99978,307,99496,307,99979,307,99444,307,100048,100,99230,100,100069,100,99193,100,100094,100,99100,100,100121,100,99021,100,100220,100,98838,100,100421,100,98818,100,100475,100,98772,100,100721,100,98664,100
2019-06-28 09:56:30.000000000,99978,183,99496,183,99979,183,99444,183,100048,183,99230,183,100069,183,99193,183,100094,183,99100,183,100121,100,99021,100,100220,100,98838,100,100421,100,98818,100,100475,100,98772,100,100721,100,98664,100
2019-06-28 09:56:32.327130384,99892,100,99496,183,99978,183,99444,183,99979,183,99230,183,100048,183,99193,183,100069,183,99100,183,100094,183,99021,100,100121,100,98838,100,100220,100,98818,100,100421,100,98772,100,100475,100,98664,100
2019-06-28 09:56:39.837392515,99892,100,99496,183,99978,183,99444,183,99979,183,99230,183,100048,183,99193,183,100069,183,99100,183,100094,183,99099,100,100121,100,99021,100,100220,100,98838,100,100421,100,98818,100,100475,100,98772,100
2019-06-28 09:56:40.000000000,99892,183,99496,183,99978,183,99444,183,99979,183,99230,183,100048,183,99193,183,100069,183,99100,183,100094,100,99099,100,100121,100,99021,100,100220,100,98838,100,100421,100,98818,100,100475,100,98772,100
2019-06-28 09:56:50.000000000,99892,307,99496,307,99978,307,99444,307,99979,100,99230,100,100048,100,99193,100,100069,100,99100,100,100094,100,99099,100,100121,100,99021,100,100220,100,98838,100,100421,100,98818,100,100475,100,98772,100
2019-06-28 09:56:57.839994412,99892,307,99683,100,99978,307,99496,307,99979,100,99444,307,100048,100,99230,100,100069,100,99193,100,100094,100,99100,100,100121,100,99099,100,100421,100,99021,100,100475,100,98838,100,100721,100,98818,100
2019-06-28 09:57:00.000000000,99892,307,99683,307,99978,307,99496,307,99979,100,99444,100,100048,100,99230,100,100069,100,99193,100,100094,100,99100,100,100121,100,99099,100,100421,100,99021,100,100475,100,98838,100,100721,100,98818,100
2019-06-28 09:57:04.944141594,99892,307,99683,107,99978,307,99496,307,99979,100,99444,100,100048,100,99230,100,100069,100,99193,100,100094,100,99100,100,100121,100,99099,100,100421,100,99021,100,100475,100,98838,100,100721,100,98818,100
2019-06-28 09:57:10.000000000,99892,204,99496,204,99978,204,99444,204,99979,204,99230,204,100048,204,99193,204,100069,100,99100,100,100094,100,99099,100,100121,100,99021,100,100421,100,98838,100,100475,100,98818,100,100721,100,98772,100
2019-06-28 09:57:20.000000000,99892,183,99496,183,99978,183,99444,183,99979,183,99230,183,100048,183,99193,183,100069,183,99100,183,100094,100,99099,100,100121,100,99021,100,100421,100,98838,100,100475,100,98818,100,100721,100,98772,100
2019-06-28 09:57:30.000000000,99892,307,99496,307,99978,307,99444,307,99979,100,99230,100,100048,100,99193,100,100069,100,99100,100,100094,100,99099,100,100121,100,99021,100,100421,100,98838,100,100475,100,98818,100,100721,100,98772,100
2019-06-28 09:57:30.478211837,99777,100,99496,307,99892,307,99444,307,99978,307,99230,100,99979,100,99193,100,100048,100,99100,100,100069,100,99099,100,100094,100,99021,100,100121,100,98838,100,100421,100,98818,100,100475,100,98772,100
2019-06-28 09:57:30.686029718,99777,100,99548,100,99892,307,99496,307,99978,307,99444,307,99979,100,99230,100,100048,100,99193,100,100069,100,99100,100,100094,100,99099,100,100121,100,99021,100,100421,100,98838,100,100475,100,98818,100
2019-06-28 09:57:40.000000000,99777,204,99548,204,99892,204,99496,204,99978,204,99444,204,99979,204,99230,204,100048,100,99193,100,100069,100,99100,100,100094,100,99099,100,100121,100,99021,100,100421,100,98838,100,100475,100,98818,100
2019-06-28 09:57:40.480441386,99777,204,99754,100,99892,204,99548,204,99978,204,99496,204,99979,204,99444,204,100048,100,99230,204,100069,100,99193,100,100094,100,99100,100,100121,100,99099,100,100421,100,99021,100,100475,100,98838,100
2019-06-28 09:57:50.000000000,99777,183,99754,183,99892,183,99548,183,99978,183,99496,183,99979,183,99444,183,100048,183,99230,183,100069,100,99193,100,100094,100,99100,100,100121,100,99099,100,100421,100,99021,100,100475,100,98838,100
2019-06-28 09:58:00.000000000,99777,241,99754,241,99892,237,99548,237,99978,237,99496,237,99979,100,99444,100,100048,100,99230,100,100069,100,99193,100,100094,100,99100,100,100121,100,99099,100,100421,100,99021,100,100475,100,98838,100
2019-06-28 09:58:01.593281209,99777,241,99754,241,99892,237,99548,237,99978,237,99496,237,99979,100,99230,100,100048,100,99193,100,100069,100,99100,100,100094,100,99099,100,100121,100,99021,100,100179,100,98838,100,100421,100,98818,100
2019-06-28 09:58:08.928008908,99777,141,99754,241,99892,237,99548,237,99978,237,99496,237,99979,100,99230,100,100048,100,99193,100,100069,100,99100,100,100094,100,99099,100,100121,100,99021,100,100421,100,98838,100,100475,100,98818,100
2019-06-28 09:58:10.000000000,99892,183,99754,183,99978,183,99548,183,99979,183,99496,183,100048,183,99230,183,100069,183,99193,183,100094,100,99100,100,100121,100,99099,100,100421,100,99021,100,100475,100,98838,100,100721,100,98818,100
2019-06-28 09:58:10.145020620,99892,183,99754,183,99978,183,99655,100,99979,183,99548,183,100048,183,99496,183,100069,183,99230,183,100094,100,99193,183,100121,100,99100,100,100421,100,99099,100,100475,100,99021,100,100721,100,98838,100
2019-06-28 09:58:17.316925674,99892,183,99754,183,99978,183,99655,100,99979,183,99548,183,100031,100,99496,183,100048,183,99230,183,100069,183,99193,183,100094,100,99100,100,100121,100,99099,100,100421,100,99021,100,100475,100,98838,100
2019-06-28 09:58:20.000000000,99892,514,99754,514,99978,100,99655,100,99979,100,99548,100,100031,100,99496,100,100048,100,99230,100,100069,100,99193,100,100094,100,99100,100,100121,100,99099,100,100421,100,99021,100,100475,100,98838,100
2019-06-28 09:58:30.000000000,99892,241,99754,241,99978,237,99655,237,99979,237,99548,237,100031,100,99496,100,100048,100,99230,100,100069,100,99193,100,100094,100,99100,100,100121,100,99099,100,100421,100,99021,100,100475,100,98838,100
2019-06-28 09:58:40.000000000,99892,241,99754,241,99978,237,99655,237,99979,237,99548,237,100031,100,99496,100,100048,100,99230,100,100069,100,99193,100,100094,100,99100,100,100121,100,99099,100,100421,100,99021,100,100475,100,98838,100
2019-06-28 09:58:47.967793764,99892,141,99754,241,99978,237,99655,237,99979,237,99548,237,100031,100,99496,100,100048,100,99230,100,100069,100,99193,100,100094,100,99100,100,100121,100,99099,100,100421,100,99021,100,100475,100,98838,100
2019-06-28 09:58:50.000000000,99978,241,99754,241,99979,237,99655,237,100031,237,99548,237,100048,100,99496,100,100069,100,99230,100,100094,100,99193,100,100121,100,99100,100,100421,100,99099,100,100475,100,99021,100,100721,100,98838,100
2019-06-28 09:58:56.018065765,99978,241,99777,100,99979,237,99754,241,100031,237,99655,237,100048,100,99548,237,100069,100,99496,100,100094,100,99230,100,100121,100,99193,100,100421,100,99100,100,100475,100,99099,100,100721,100,99021,100
2019-06-28 09:59:00.000000000,99978,204,99777,204,99979,204,99754,204,100031,204,99655,204,100048,204,99548,204,100069,100,99496,100,100094,100,99230,100,100121,100,99193,100,100421,100,99100,100,100475,100,99099,100,100721,100,99021,100
2019-06-28 09:59:05.774078097,99978,204,99860,100,99979,204,99777,204,100031,204,99754,204,100048,204,99655,204,100069,100,99548,204,100094,100,99496,100,100121,100,99230,100,100421,100,99193,100,100475,100,99100,100,100721,100,99099,100
2019-06-28 09:59:10.000000000,99978,183,99860,183,99979,183,99777,183,100031,183,99754,183,100048,183,99655,183,100069,183,99548,183,100094,100,99496,100,100121,100,99230,100,100421,100,99193,100,100475,100,99100,100,100721,100,99099,100
2019-06-28 09:59:14.408816670,99978,183,99860,183,99979,183,99777,183,100031,183,99754,183,100048,183,99655,183,100069,183,99548,183,100094,100,99496,100,100121,100,99230,100,100282,100,99193,100,100421,100,99100,100,100475,100,99099,100
2019-06-28 09:59:20.000000000,99978,307,99860,307,99979,307,99777,307,100031,100,99754,100,100048,100,99655,100,100069,100,99548,100,100094,100,99496,100,100121,100,99230,100,100282,100,99193,100,100421,100,99100,100,100475,100,99099,100
2019-06-28 09:59:25.248130996,99978,307,99860,307,99979,307,99777,307,100031,100,99754,100,100048,100,99655,100,100069,100,99548,100,100094,100,99496,100,100121,100,99230,100,100282,100,99193,100,100421,100,99100,100,100475,100,99099,100
2019-06-28 09:59:30.000000000,99978,183,99860,183,99979,183,99777,183,100031,183,99754,183,100048,183,99655,183,100069,183,99548,183,100094,100,99496,100,100121,100,99230,100,100282,100,99193,100,100421,100,99100,100,100475,100,99099,100
2019-06-28 09:59:30.387955810,99978,183,99860,183,99979,183,99777,183,100031,183,99754,183,100048,183,99655,183,100069,183,99548,183,100121,100,99496,100,100282,100,99230,100,100421,100,99193,100,100475,100,99100,100,100721,100,99099,100
2019-06-28 09:59:40.000000000,99978,241,99860,241,99979,237,99777,237,100031,237,99754,237,100048,100,99655,100,100069,100,99548,100,100121,100,99496,100,100282,100,99230,100,100421,100,99193,100,100475,100,99100,100,100721,100,99099,100
2019-06-28 09:59:42.529623038,99978,241,99860,241,99979,237,99777,337,100031,237,99754,237,100048,100,99655,100,100069,100,99548,100,100121,100,99496,100,100282,100,99230,100,100421,100,99193,100,100475,100,99100,100,100721,100,99099,100
2019-06-28 09:59:48.684612185,99891,100,99860,241,99978,241,99777,337,99979,237,99754,237,100031,237,99655,100,100048,100,99548,100,100069,100,99496,100,100121,100,99230,100,100282,100,99193,100,100421,100,99100,100,100475,100,99099,100
2019-06-28 09:59:50.000000000,99891,307,99860,307,99978,307,99777,407,99979,100,99754,100,100031,100,99655,100,100048,100,99548,100,100069,100,99496,100,100121,100,99230,100,100282,100,99193,100,100421,100,99100,100,100475,100,99099,100
2019-06-28 10:00:00.000000000,99891,514,99860,514,99978,100,99777,200,99979,100,99754,100,100031,100,99655,100,100048,100,99548,100,100069,100,99496,100,100121,100,99230,100,100282,100,99193,100,100421,100,99100,100,100475,100,99099,100
2019-06-28 10:00:05.941228115,99891,414,99860,514,99978,100,99777,200,99979,100,99754,100,100031,100,99655,100,100048,100,99496,100,100069,100,99230,100,100121,100,99193,100,100282,100,99100,100,100421,100,99099,100,100475,100,99021,100
2019-06-28 10:00:10.000000000,99978,183,99860,183,99979,183,99777,283,100031,183,99754,183,100048,183,99655,183,100069,183,99496,183,100121,100,99230,100,100282,100,99193,100,100421,100,99100,100,100475,100,99099,100,100721,100,99021,100
2019-06-28 10:00:20.000000000,99978,241,99860,241,99979,237,99777,337,100031,237,99754,237,100048,100,99655,100,100069,100,99496,100,100121,100,99230,100,100282,100,99193,100,100421,100,99100,100,100475,100,99099,100,100721,100,99021,100
2019-06-28 10:00:30.000000000,99978,183,99860,183,99979,183,99777,283,100031,183,99754,183,100048,183,99655,183,100069,183,99496,183,100121,100,99230,100,100282,100,99193,100,100421,100,99100,100,100475,100,99099,100,100721,100,99021,100
2019-06-28 10:00:40.000000000,99978,241,99860,241,99979,237,99777,337,100031,237,99754,237,100048,100,99655,100,100069,100,99496,100,100121,100,99230,100,100282,100,99193,100,100421,100,99100,100,100475,100,99099,100,100721,100,99021,100
2019-06-28 10:00:41.400950917,99978,241,99891,100,99979,237,99860,241,100031,237,99777,337,100048,100,99754,237,100069,100,99655,100,100121,100,99496,100,100282,100,99230,100,100421,100,99193,100,100475,100,99100,100,100721,100,99099,100
2019-06-28 10:00:46.913982883,99978,241,99891,100,99979,237,99860,241,100031,237,99777,337,100069,100,99754,237,100121,100,99655,100,100282,100,99496,100,100421,100,99230,100,100475,100,99193,100,100721,100,99100,100,101438,100,99099,100
2019-06-28 10:00:50.000000000,99978,514,99891,514,99979,100,99860,100,100031,100,99777,200,100069,100,99754,100,100121,100,99655,100,100282,100,99496,100,100421,100,99230,100,100475,100,99193,100,100721,100,99100,100,101438,100,99099,100
2019-06-28 10:01:00.000000000,99978,514,99891,514,99979,100,99860,100,100031,100,99777,200,100069,100,99754,100,100121,100,99655,100,100282,100,99496,100,100421,100,99230,100,100475,100,99193,100,100721,100,99100,100,101438,100,99099,100
2019-06-28 10:01:10.000000000,99978,514,99891,514,99979,100,99860,100,100031,100,99777,200,100069,100,99754,100,100121,100,99655,100,100282,100,99496,100,100421,100,99230,100,100475,100,99193,100,100721,100,99100,100,101438,100,99099,100
2019-06-28 10:01:15.022054104,99978,514,99891,514,99979,100,99879,100,100031,100,99860,100,100069,100,99777,200,100282,100,99754,100,100421,100,99655,100,100475,100,99496,100,100721,100,99230,100,101438,100,99193,100,,,99100,100
2019-06-28 10:01:20.000000000,99978,204,99891,204,99979,204,99879,204,100031,204,99860,204,100069,204,99777,304,100282,100,99754,100,100421,100,99655,100,100475,100,99496,100,100721,100,99230,100,101438,100,99193,100,,,99100,100
2019-06-28 10:01:30.000000000,99978,514,99891,514,99979,100,99879,100,100031,100,99860,100,100069,100,99777,200,100282,100,99754,100,100421,100,99655,100,100475,100,99496,100,100721,100,99230,100,101438,100,99193,100,,,99100,100
2019-06-28 10:01:40.000000000,99978,307,99891,307,99979,307,99879,307,100031,100,99860,100,100069,100,99777,200,100282,100,99754,100,100421,100,99655,100,100475,100,99496,100,100721,100,99230,100,101438,100,99193,100,,,99100,100
2019-06-28 10:01:44.963660470,99978,307,99891,307,99979,307,99879,307,100031,100,99860,100,100069,100,99777,200,100282,100,99754,100,100421,100,99655,100,100475,100,99496,100,100721,100,99491,100,101438,100,99230,100,,,99193,100
2019-06-28 10:01:47.611398879,99978,307,99891,207,99979,307,99879,307,100031,100,99860,100,100069,100,99777,200,100282,100,99754,100,100421,100,99655,100,100475,100,99496,100,100721,100,99491,100,101438,100,99230,100,,,99193,100
2019-06-28 10:01:50.000000000,99978,307,99879,307,99979,307,99860,307,100031,100,99777,200,100069,100,99754,100,100282,100,99655,100,100421,100,99496,100,100475,100,99491,100,100721,100,99230,100,101438,100,99193,100,,,99100,100
2019-06-28 10:01:54.163732459,99978,307,99879,307,99979,307,99860,307,100015,100,99777,200,100031,100,99754,100,100069,100,99655,100,100282,100,99496,100,100421,100,99491,100,100475,100,99230,100,100721,100,99193,100,101438,100,99100,100
2019-06-28 10:02:00.000000000,99978,307,99879,307,99979,307,99860,307,100015,100,99777,200,100031,100,99754,100,100069,100,99655,100,100282,100,99496,100,100421,100,99491,100,100475,100,99230,100,100721,100,99193,100,101438,100,99100,100
2019-06-28 10:02:10.000000000,99978,307,99879,307,99979,307,99860,307,100015,100,99777,200,100031,100,99754,100,100069,100,99655,100,100282,100,99496,100,100421,100,99491,100,100475,100,99230,100,100721,100,99193,100,101438,100,99100,100
2019-06-28 10:02:20.000000000,99978,241,99879,241,99979,237,99860,237,100015,237,99777,337,100031,100,99754,100,100069,100,99655,100,100282,100,99496,100,100421,100,99491,100,100475,100,99230,100,100721,100,99193,100,101438,100,99100,100
2019-06-28 10:02:29.453492943,99978,241,99879,241,99979,237,99860,237,100015,237,99777,237,100031,100,99754,100,100069,100,99655,100,100282,100,99496,100,100421,100,99491,100,100475,100,99230,100,100721,100,99193,100,101438,100,99100,100
2019-06-28 10:02:30.000000000,99978,204,99879,204,99979,204,99860,204,100015,204,99777,204,100031,204,99754,204,100069,100,99655,100,100282,100,99496,100,100421,100,99491,100,100475,100,99230,100,100721,100,99193,100,101438,100,99100,100
2019-06-28 10:02:40.000000000,99978,241,99879,241,99979,237,99860,237,100015,237,99777,237,100031,100,99754,100,100069,100,99655,100,100282,100,99496,100,100421,100,99491,100,100475,100,99230,100,100721,100,99193,100,101438,100,99100,100
2019-06-28 10:02:44.369338230,99978,141,99879,241,99979,237,99860,237,100015,137,99777,237,100031,100,99754,100,100069,100,99655,100,100282,100,99496,100,100421,100,99491,100,100475,100,99230,100,100721,100,99193,100,101438,100,99100,100
2019-06-28 10:02:46.937723289,99978,141,99879,241,99979,237,99860,237,100015,137,99777,237,100031,100,99754,100,100069,100,99655,100,100159,100,99496,100,100282,100,99491,100,100421,100,99230,100,100475,100,99193,100,100721,100,99100,100
2019-06-28 10:02:49.175894982,99978,141,99879,241,99979,237,99860,237,100015,137,99777,237,100031,100,99754,100,100069,100,99655,100,100159,100,99491,100,100185,100,99230,100,100282,100,99193,100,100421,100,99100,100,100475,100,99021,100
2019-06-28 10:02:49.291103552,99978,41,99879,241,99979,237,99860,237,100015,137,99777,237,100031,100,99754,100,100069,100,99655,100,100159,100,99491,100,100185,100,99230,100,100282,100,99193,100,100421,100,99100,100,100475,100,99021,100
2019-06-28 10:02:50.000000000,99979,307,99879,307,100031,307,99860,307,100069,100,99777,100,100159,100,99754,100,100185,100,99655,100,100282,100,99491,100,100421,100,99230,100,100475,100,99193,100,100721,100,99100,100,101438,100,99021,100
2019-06-28 10:03:00.000000000,99979,307,99879,307,100031,307,99860,307,100069,100,99777,100,100159,100,99754,100,100185,100,99655,100,100282,100,99491,100,100421,100,99230,100,100475,100,99193,100,100721,100,99100,100,101438,100,99021,100
2019-06-28 10:03:00.582532430,99978,100,99879,307,99979,307,99860,307,100031,307,99777,100,100069,100,99754,100,100159,100,99655,100,100185,100,99491,100,100282,100,99230,100,100421,100,99193,100,100475,100,99100,100,100721,100,99021,100
2019-06-28 10:03:10.000000000,99978,307,99879,307,99979,307,99860,307,100031,100,99777,100,100069,100,99754,100,100159,100,99655,100,100185,100,99491,100,100282,100,99230,100,100421,100,99193,100,100475,100,99100,100,100721,100,99021,100
2019-06-28 10:03:20.000000000,99978,204,99879,204,99979,204,99860,204,100031,204,99777,204,100069,204,99754,204,100159,100,99655,100,100185,100,99491,100,100282,100,99230,100,100421,100,99193,100,100475,100,99100,100,100721,100,99021,100
2019-06-28 10:03:30.000000000,99978,307,99879,307,99979,307,99860,307,100031,100,99777,100,100069,100,99754,100,100159,100,99655,100,100185,100,99491,100,100282,100,99230,100,100421,100,99193,100,100475,100,99100,100,100721,100,99021,100
2019-06-28 10:03:35.646888993,99978,307,99879,307,99979,307,99860,307,100031,100,99777,100,100069,100,99754,100,100159,100,99676,100,100185,100,99655,100,100282,100,99491,100,100421,100,99230,100,100475,100,99193,100,100721,100,99100,100
2019-06-28 10:03:40.000000000,99978,204,99879,204,99979,204,99860,204,100031,204,99777,204,100069,204,99754,204,100159,100,99676,100,100185,100,99655,100,100282,100,99491,100,100421,100,99230,100,100475,100,99193,100,100721,100,99100,100
2019-06-28 10:03:50.000000000,99978,204,99879,204,99979,204,99860,204,100031,204,99777,204,100069,204,99754,204,100159,100,99676,100,100185,100,99655,100,100282,100,99491,100,100421,100,99230,100,100475,100,99193,100,100721,100,99100,100
2019-06-28 10:03:53.375970008,99977,100,99879,204,99978,204,99860,204,99979,204,99777,204,100031,204,99754,204,100069,204,99676,100,100159,100,99655,100,100185,100,99491,100,100282,100,99230,100,100421,100,99193,100,100475,100,99100,100
2019-06-28 10:04:00.000000000,99977,204,99879,204,99978,204,99860,204,99979,204,99777,204,100031,204,99754,204,100069,100,99676,100,100159,100,99655,100,100185,100,99491,100,100282,100,99230,100,100421,100,99193,100,100475,100,99100,100
2019-06-28 10:04:09.492338882,99977,204,99879,204,99978,204,99860,204,99979,204,99777,204,100031,204,99754,204,100069,100,99724,100,100159,100,99676,100,100185,100,99655,100,100282,100,99491,100,100421,100,99230,100,100475,100,99193,100
2019-06-28 10:04:10.000000000,99977,183,99879,183,99978,183,99860,183,99979,183,99777,183,100031,183,99754,183,100069,183,99724,183,100159,100,99676,100,100185,100,99655,100,100282,100,99491,100,100421,100,99230,100,100475,100,99193,100
2019-06-28 10:04:20.000000000,99977,514,99879,514,99978,100,99860,100,99979,100,99777,100,100031,100,99754,100,100069,100,99724,100,100159,100,99676,100,100185,100,99655,100,100282,100,99491,100,100421,100,99230,100,100475,100,99193,100
2019-06-28 10:04:22.953756018,99977,514,99883,100,99978,100,99879,514,99979,100,99860,100,100031,100,99777,100,100069,100,99754,100,100159,100,99724,100,100185,100,99676,100,100282,100,99655,100,100421,100,99491,100,100475,100,99230,100
2019-06-28 10:04:27.189769048,99977,614,99883,100,99978,100,99879,514,99979,100,99860,100,100031,100,99777,100,100069,100,99754,100,100159,100,99724,100,100185,100,99676,100,100282,100,99655,100,100421,100,99491,100,100475,100,99230,100
2019-06-28 10:04:30.000000000,99977,283,99883,183,99978,183,99879,183,99979,183,99860,183,100031,183,99777,183,100069,183,99754,183,100159,100,99724,100,100185,100,99676,100,100282,100,99655,100,100421,100,99491,100,100475,100,99230,100
2019-06-28 10:04:40.000000000,99977,614,99883,514,99978,100,99879,100,99979,100,99860,100,100031,100,99777,100,100069,100,99754,100,100159,100,99724,100,100185,100,99676,100,100282,100,99655,100,100421,100,99491,100,100475,100,99230,100
2019-06-28 10:04:43.612092659,99977,614,99883,514,99978,100,99879,100,99979,100,99860,100,100031,100,99777,100,100069,100,99754,100,100089,100,99676,100,100159,100,99655,100,100185,100,99491,100,100282,100,99230,100,100421,100,99193,100
2019-06-28 10:04:50.000000000,99977,614,99883,514,99978,100,99879,100,99979,100,99860,100,100031,100,99777,100,100069,100,99754,100,100089,100,99676,100,100159,100,99655,100,100185,100,99491,100,100282,100,99230,100,100421,100,99193,100
2019-06-28 10:04:57.577650913,99977,714,99883,514,99978,100,99879,100,99979,100,99860,100,100031,100,99777,100,100069,100,99754,100,100089,100,99676,100,100159,100,99655,100,100185,100,99491,100,100282,100,99230,100,100421,100,99193,100
