,ask_price_1,ask_size_1,bid_price_1,bid_size_1,ask_price_2,ask_size_2,bid_price_2,bid_size_2,ask_price_3,ask_size_3,bid_price_3,bid_size_3,ask_price_4,ask_size_4,bid_price_4,bid_size_4,ask_price_5,ask_size_5,bid_price_5,bid_size_5,ask_price_6,ask_size_6,bid_price_6,bid_size_6,ask_price_7,ask_size_7,bid_price_7,bid_size_7,ask_price_8,ask_size_8,bid_price_8,bid_size_8,ask_price_9,ask_size_9,bid_price_9,bid_size_9,ask_price_10,ask_size_10,bid_price_10,bid_size_10
2019-06-28 09:30:00.000000001,100133,100,,,,,,,,,,,,,,,,,,,,,,,,,,,,,,,,,,,,,,
2019-06-28 09:30:00.000000002,100117,100,,,100133,100,,,,,,,,,,,,,,,,,,,,,,,,,,,,,,,,,,
2019-06-28 09:30:00.000000006,100117,100,99965,100,100133,100,,,,,,,,,,,,,,,,,,,,,,,,,,,,,,,,,,
2019-06-28 09:30:00.000000007,100117,100,,,100133,100,,,,,,,,,,,,,,,,,,,,,,,,,,,,,,,,,,
2019-06-28 09:30:00.000000009,100117,100,100024,100,100133,100,99932,100,100319,100,,,,,,,,,,,,,,,,,,,,,,,,,,,,,,
2019-06-28 09:30:00.000000011,100117,100,100024,100,100133,100,99932,100,100319,100,99838,100,,,,,,,,,,,,,,,,,,,,,,,,,,,,
2019-06-28 09:30:00.000000016,100117,100,100024,100,100133,100,99932,100,100319,100,99873,100,,,99838,100,,,,,,,,,,,,,,,,,,,,,,,,
2019-06-28 09:30:00.000000019,100117,100,100024,100,100133,100,99932,100,100319,100,99873,100,,,99838,100,,,,,,,,,,,,,,,,,,,,,,,,
2019-06-28 09:30:00.000000023,100028,100,100024,100,100117,100,99932,100,100133,100,99873,100,100142,100,99838,100,100319,100,,,,,,,,,,,,,,,,,,,,,,
2019-06-28 09:30:00.000000024,100028,100,100024,100,100117,100,99935,100,100133,100,99932,100,100142,100,99873,100,100319,100,99838,100,,,,,,,,,,,,,,,,,,,,
2019-06-28 09:30:00.000000029,100028,100,99951,100,100117,100,99935,100,100133,100,99932,100,100142,100,99873,100,100319,100,99838,100,,,,,,,,,,,,,,,,,,,,
2019-06-28 09:30:00.000000031,100022,100,99951,100,100026,100,99935,100,100028,100,99932,100,100117,100,99873,100,100133,100,99838,100,100142,100,99790,100,100147,100,,,100319,100,,,,,,,,,,
2019-06-28 09:30:00.000000032,100022,100,99951,100,100026,100,99935,100,100028,100,99932,100,100051,100,99873,100,100117,100,99838,100,100133,100,99790,100,100142,100,,,100147,100,,,100319,100,,,,,,
2019-06-28 09:30:00.000000033,100026,100,99951,100,100028,100,99935,100,100051,100,99932,100,100117,100,99910,100,100133,100,99873,100,100142,100,99838,100,100147,100,99790,100,100319,100,,,,,,,,,,
2019-06-28 09:30:00.000000036,100026,100,99971,100,100028,100,99951,100,100051,100,99935,100,100117,100,99932,100,100133,100,99910,100,100142,100,99873,100,100147,100,99838,100,100319,100,99790,100,,,,,,,,
2019-06-28 09:30:00.000000037,100026,100,99971,100,100028,100,99951,100,100051,100,99935,100,100113,100,99932,100,100117,100,99910,100,100133,100,99873,100,100142,100,99838,100,100147,100,99790,100,100319,100,,,,,,
2019-06-28 09:30:00.000000038,100026,100,99971,100,100028,100,99951,100,100051,100,99935,100,100075,100,99932,100,100113,100,99910,100,100117,100,99873,100,100133,100,99838,100,100142,100,99790,100,100147,100,,,100319,100,,
2019-06-28 09:30:00.000000041,100012,100,99971,100,100026,100,99951,100,100028,100,99939,100,100051,100,99935,100,100075,100,99932,100,100113,100,99910,100,100117,100,99873,100,100133,100,99838,100,100142,100,99790,100,100147,100,,
2019-06-28 09:30:00.000000043,100012,100,99971,100,100026,100,99951,100,100028,100,99939,100,100051,100,99935,100,100075,100,99932,100,100088,100,99910,100,100113,100,99873,100,100117,100,99838,100,100133,100,99790,100,100142,100,,
2019-06-28 09:30:00.000000046,100012,100,99971,100,100024,100,99951,100,100026,100,99939,100,100028,100,99935,100,100051,100,99932,100,100075,100,99910,100,100088,100,99873,100,100113,100,99838,100,100117,100,99790,100,100133,100,,
2019-06-28 09:30:00.000000047,100012,100,99971,100,100024,100,99951,100,100026,100,99939,100,100028,100,99935,100,100043,100,99932,100,100051,100,99910,100,100075,100,99873,100,100088,100,99838,100,100113,100,99790,100,100117,100,,
2019-06-28 09:30:00.000000050,100012,100,99971,100,100024,200,99951,100,100026,100,99939,100,100028,100,99935,100,100043,100,99932,100,100051,100,99910,100,100075,100,99873,100,100088,100,99838,100,100113,100,99790,100,100117,100,,
2019-06-28 09:30:00.000000052,100024,200,99971,100,100026,100,99951,100,100028,100,99939,100,100043,100,99935,100,100051,100,99932,100,100075,100,99910,100,100088,100,99873,100,100113,100,99838,100,100117,100,99832,100,100133,100,99790,100
2019-06-28 09:30:00.000000054,100022,100,99971,100,100024,200,99951,100,100026,100,99939,100,100028,100,99935,100,100043,100,99932,100,100051,100,99910,100,100075,100,99873,100,100088,100,99838,100,100113,100,99832,100,100117,100,99790,100
2019-06-28 09:30:00.000000057,100022,100,99971,100,100024,200,99951,100,100026,100,99939,100,100028,100,99935,100,100043,100,99932,100,100051,100,99910,100,100075,100,99873,100,100088,100,99838,100,100113,100,99832,100,100117,100,99790,100
2019-06-28 09:30:00.000000059,100022,100,99971,100,100024,200,99951,100,100026,100,99939,100,100028,100,99935,100,100043,100,99932,100,100051,100,99910,100,100075,100,99873,100,100080,100,99838,100,100088,100,99832,100,100113,100,99790,100
2019-06-28 09:30:00.000000064,100022,100,99951,100,100024,200,99939,100,100026,100,99935,100,100028,100,99932,100,100043,100,99910,100,100051,100,99873,100,100075,100,99838,100,100080,100,99832,100,100088,100,99790,100,100113,100,99770,100
2019-06-28 09:30:00.000000069,99952,100,99951,100,100022,100,99939,100,100024,200,99935,100,100026,100,99932,100,100028,100,99910,100,100043,100,99873,100,100051,100,99838,100,100075,100,99832,100,100079,100,99790,100,100080,100,99770,100
2019-06-28 09:30:00.000000071,99952,100,99951,100,100012,200,99939,100,100022,100,99935,100,100024,200,99932,100,100026,100,99910,100,100028,100,99873,100,100043,100,99838,100,100051,100,99832,100,100075,100,99790,100,100079,100,99770,100
2019-06-28 09:30:00.000000073,100012,200,99951,100,100022,100,99939,100,100024,200,99935,100,100026,100,99932,100,100028,100,99910,100,100043,100,99873,100,100051,100,99838,100,100075,100,99832,100,100079,100,99790,100,100080,100,99770,100
2019-06-28 09:30:00.000000074,100012,200,99952,100,100022,100,99951,100,100024,200,99939,100,100026,100,99935,100,100028,100,99932,100,100043,100,99910,100,100051,100,99873,100,100075,100,99838,100,100079,100,99832,100,100080,100,99790,100
2019-06-28 09:30:00.000000076,99985,100,99952,100,100005,100,99951,100,100012,200,99939,100,100022,100,99935,100,100024,200,99932,100,100026,100,99910,100,100028,200,99873,100,100043,100,99838,100,100051,100,99832,100,100075,100,99790,100
2019-06-28 09:30:00.000000077,99985,100,99952,100,100005,100,99951,100,100012,200,99939,100,100022,100,99935,100,100024,300,99932,100,100026,100,99910,100,100028,200,99873,100,100043,100,99838,100,100051,100,99832,100,100075,100,99790,100
2019-06-28 09:30:00.000000078,99985,100,99952,100,100005,100,99951,100,100012,200,99939,100,100022,100,99935,100,100024,300,99932,100,100026,100,99910,100,100028,200,99873,100,100036,100,99838,100,100043,100,99832,100,100051,100,99790,100
2019-06-28 09:30:00.000000080,99985,100,99952,100,100005,100,99951,100,100012,200,99939,100,100022,100,99935,100,100024,300,99932,100,100026,100,99910,100,100028,200,99873,100,100036,100,99838,100,100043,100,99832,100,100047,100,99790,100
2019-06-28 09:30:00.000000084,99985,100,99952,100,100005,100,99951,100,100012,200,99943,100,100022,100,99940,100,100024,300,99939,100,100026,100,99935,100,100028,200,99932,100,100036,100,99910,100,100043,100,99873,100,100047,100,99838,100
2019-06-28 09:30:00.000000086,99985,100,99957,100,100005,100,99952,100,100012,200,99951,100,100022,100,99943,100,100024,300,99940,100,100026,100,99939,100,100028,200,99935,100,100036,100,99932,100,100043,100,99910,100,100047,100,99873,100
2019-06-28 09:30:00.000000087,100005,100,99957,100,100012,200,99952,100,100022,100,99951,100,100024,300,99943,100,100026,100,99940,100,100028,200,99939,100,100036,100,99935,100,100043,100,99932,100,100047,100,99910,100,100051,100,99873,100
2019-06-28 09:30:00.000000093,100005,100,99957,100,100012,200,99952,100,100022,100,99951,100,100024,300,99943,100,100026,100,99940,100,100028,200,99939,100,100036,100,99935,100,100043,100,99932,100,100047,100,99910,100,100051,100,99873,100
2019-06-28 09:30:00.000000094,100005,100,99957,100,100012,200,99952,100,100022,100,99951,100,100024,300,99943,100,100026,100,99940,100,100028,200,99939,100,100036,100,99935,100,100043,100,99932,100,100047,100,99910,100,100051,100,99873,100
2019-06-28 09:30:00.000000096,100005,100,99957,100,100012,200,99952,100,100022,100,99951,100,100024,300,99943,100,100026,100,99940,100,100028,200,99939,100,100036,100,99935,100,100043,100,99932,100,100047,100,99910,100,100051,100,99906,100
2019-06-28 09:30:02.513727095,100005,200,99957,100,100012,200,99952,100,100022,100,99951,100,100024,300,99943,100,100026,100,99940,100,100028,200,99939,100,100036,100,99935,100,100043,100,99932,100,100047,100,99910,100,100051,100,99906,100
2019-06-28 09:30:10.000000000,100005,477,99957,377,100012,200,99952,100,100022,100,99951,100,100024,300,99943,100,100026,100,99940,100,100028,200,99939,100,100036,100,99935,100,100043,100,99932,100,100047,100,99910,100,100051,100,99906,100
2019-06-28 09:30:20.000000000,100005,294,99957,194,100012,291,99952,191,100022,191,99951,191,100024,300,99943,100,100026,100,99940,100,100028,200,99939,100,100036,100,99935,100,100043,100,99932,100,100047,100,99910,100,100051,100,99906,100
2019-06-28 09:30:23.187415587,100005,294,99957,94,100012,291,99952,191,100022,191,99951,191,100024,300,99943,100,100026,100,99940,100,100028,200,99939,100,100036,100,99935,100,100043,100,99932,100,100047,100,99910,100,100051,100,99906,100
2019-06-28 09:30:30.000000000,100005,338,99952,238,100012,338,99951,238,100022,100,99943,100,100024,300,99940,100,100026,100,99939,100,100028,200,99935,100,100036,100,99932,100,100043,100,99910,100,100047,100,99906,100,100051,100,99873,100
2019-06-28 09:30:40.000000000,100005,294,99952,194,100012,291,99951,191,100022,191,99943,191,100024,300,99940,100,100026,100,99939,100,100028,200,99935,100,100036,100,99932,100,100043,100,99910,100,100047,100,99906,100,100051,100,99873,100
2019-06-28 09:30:50.000000000,100005,255,99952,155,100012,255,99951,155,100022,155,99943,155,100024,355,99940,155,100026,155,99939,155,100028,200,99935,100,100036,100,99932,100,100043,100,99910,100,100047,100,99906,100,100051,100,99873,100
2019-06-28 09:30:53.099684751,100005,155,99952,155,100012,255,99951,155,100022,155,99943,155,100024,355,99940,155,100026,155,99939,155,100028,200,99935,100,100036,100,99932,100,100043,100,99910,100,100047,100,99906,100,100051,100,99873,100
2019-06-28 09:30:55.237424838,100005,55,99952,155,100012,255,99951,155,100022,155,99943,155,100024,355,99940,155,100026,155,99939,155,100028,200,99935,100,100036,100,99932,100,100043,100,99910,100,100047,100,99906,100,100051,100,99873,100
2019-06-28 09:31:00.000000000,100012,294,99952,194,100022,191,99951,191,100024,391,99943,191,100026,100,99940,100,100028,200,99939,100,100036,100,99935,100,100043,100,99932,100,100047,100,99910,100,100051,100,99906,100,100056,100,99873,100
2019-06-28 09:31:00.206896588,100012,294,99952,194,100022,191,99951,191,100024,391,99943,191,100026,100,99940,100,100028,200,99939,100,100036,100,99935,100,100043,100,99932,100,100047,100,99910,100,100051,100,99906,100,100056,100,99873,100
2019-06-28 09:31:02.647055775,100012,294,99952,194,100022,191,99951,191,100024,391,99943,191,100026,100,99940,100,100028,200,99939,100,100036,100,99935,100,100043,100,99932,100,100047,100,99910,100,100051,100,99906,100,100056,100,99873,100
2019-06-28 09:31:10.000000000,100012,477,99952,377,100022,100,99951,100,100024,300,99943,100,100026,100,99940,100,100028,200,99939,100,100036,100,99935,100,100043,100,99932,100,100047,100,99910,100,100051,100,99906,100,100056,100,99873,100
2019-06-28 09:31:20.000000000,100012,255,99952,155,100022,155,99951,155,100024,355,99943,155,100026,155,99940,155,100028,255,99939,155,100036,100,99935,100,100043,100,99932,100,100047,100,99910,100,100051,100,99906,100,100056,100,99873,100
2019-06-28 09:31:30.000000000,100012,269,99952,169,100022,169,99951,169,100024,369,99943,169,100026,169,99940,169,100028,200,99939,100,100036,100,99935,100,100043,100,99932,100,100047,100,99910,100,100051,100,99906,100,100056,100,99873,100
2019-06-28 09:31:39.456571354,100012,269,99952,169,100022,169,99951,169,100024,369,99943,169,100026,169,99940,169,100028,200,99939,100,100036,100,99935,100,100043,100,99932,100,100047,100,99910,100,100051,100,99906,100,100056,100,99873,100
2019-06-28 09:31:40.000000000,100012,338,99952,238,100022,238,99951,238,100024,300,99943,100,100026,100,99940,100,100028,200,99939,100,100036,100,99935,100,100043,100,99932,100,100047,100,99910,100,100051,100,99906,100,100056,100,99873,100
2019-06-28 09:31:46.375767702,100012,238,99952,238,100022,238,99951,238,100024,300,99943,100,100026,100,99940,100,100028,200,99939,100,100036,100,99935,100,100043,100,99932,100,100047,100,99910,100,100051,100,99906,100,100056,100,99873,100
2019-06-28 09:31:50.000000000,100012,238,99952,238,100022,238,99951,238,100024,300,99943,100,100026,100,99940,100,100028,200,99939,100,100036,100,99935,100,100043,100,99932,100,100047,100,99910,100,100051,100,99906,100,100056,100,99873,100
2019-06-28 09:32:00.000000000,100012,155,99952,155,100022,155,99951,155,100024,355,99943,155,100026,155,99940,155,100028,255,99939,155,100036,100,99935,100,100043,100,99932,100,100047,100,99910,100,100051,100,99906,100,100056,100,99873,100
2019-06-28 09:32:10.000000000,100012,194,99952,194,100022,191,99951,191,100024,391,99943,191,100026,100,99940,100,100028,200,99939,100,100036,100,99935,100,100043,100,99932,100,100047,100,99910,100,100051,100,99906,100,100056,100,99873,100
2019-06-28 09:32:20.000000000,100012,377,99952,377,100022,100,99951,100,100024,300,99943,100,100026,100,99940,100,100028,200,99939,100,100036,100,99935,100,100043,100,99932,100,100047,100,99910,100,100051,100,99906,100,100056,100,99873,100
2019-06-28 09:32:24.472467480,100012,377,100005,100,100022,100,99952,377,100024,300,99951,100,100026,100,99943,100,100028,200,99940,100,100036,100,99939,100,100043,100,99935,100,100047,100,99932,100,100051,100,99910,100,100056,100,99906,100
2019-06-28 09:32:29.196621237,100012,277,100005,100,100022,100,99952,377,100024,300,99951,100,100026,100,99943,100,100028,200,99940,100,100036,100,99939,100,100043,100,99935,100,100047,100,99932,100,100051,100,99910,100,100056,100,99906,100
2019-06-28 09:32:30.000000000,100022,238,100005,238,100024,438,99952,238,100026,100,99951,100,100028,200,99943,100,100036,100,99940,100,100043,100,99939,100,100047,100,99935,100,100051,100,99932,100,100056,100,99910,100,100075,100,99906,100
2019-06-28 09:32:38.355282832,100022,138,100005,238,100024,438,99952,238,100026,100,99951,100,100028,200,99943,100,100036,100,99940,100,100043,100,99939,100,100047,100,99935,100,100051,100,99932,100,100056,100,99910,100,100078,100,99906,100
2019-06-28 09:32:40.000000000,100024,438,100005,238,100026,238,99952,238,100028,200,99951,100,100036,100,99943,100,100043,100,99940,100,100047,100,99939,100,100051,100,99935,100,100056,100,99932,100,100078,100,99910,100,100079,100,99906,100
2019-06-28 09:32:49.414140024,100024,438,100005,238,100026,238,99952,238,100028,200,99951,100,100036,100,99943,100,100043,100,99940,100,100047,100,99939,100,100051,100,99935,100,100056,100,99932,100,100078,100,99910,100,100079,100,99906,100
2019-06-28 09:32:50.000000000,100024,438,100005,238,100026,238,99952,238,100028,200,99951,100,100036,100,99943,100,100043,100,99940,100,100047,100,99939,100,100051,100,99935,100,100056,100,99932,100,100078,100,99910,100,100079,100,99906,100
2019-06-28 09:32:52.841314049,100024,438,100005,238,100026,238,99952,238,100028,200,99951,100,100036,100,99943,100,100043,100,99940,100,100047,100,99939,100,100051,100,99935,100,100056,100,99932,100,100061,100,99910,100,100078,100,99906,100
2019-06-28 09:33:00.000000000,100024,355,100005,155,100026,155,99952,155,100028,255,99951,155,100036,155,99943,155,100043,155,99940,155,100047,100,99939,100,100051,100,99935,100,100056,100,99932,100,100061,100,99910,100,100078,100,99906,100
2019-06-28 09:33:10.000000000,100024,369,100005,169,100026,169,99952,169,100028,269,99951,169,100036,169,99943,169,100043,100,99940,100,100047,100,99939,100,100051,100,99935,100,100056,100,99932,100,100061,100,99910,100,100078,100,99906,100
2019-06-28 09:33:14.480449819,100024,369,100005,169,100026,169,99952,169,100028,269,99951,169,100036,169,99943,169,100043,100,99940,100,100047,100,99939,100,100051,100,99935,100,100056,100,99932,100,100061,100,99910,100,100078,100,99906,100
2019-06-28 09:33:18.526181900,100024,269,100005,169,100026,169,99952,169,100028,269,99951,169,100036,169,99943,169,100043,100,99940,100,100047,100,99939,100,100051,100,99935,100,100056,100,99932,100,100061,100,99910,100,100078,100,99906,100
2019-06-28 09:33:20.000000000,100024,477,100005,377,100026,100,99952,100,100028,200,99951,100,100036,100,99943,100,100043,100,99940,100,100047,100,99939,100,100051,100,99935,100,100056,100,99932,100,100061,100,99910,100,100078,100,99906,100
2019-06-28 09:33:20.634151238,100024,477,100005,377,100026,100,99952,100,100028,200,99951,100,100036,100,99943,100,100043,100,99940,100,100047,100,99939,100,100051,100,99935,100,100056,100,99932,100,100061,100,99910,100,100078,100,99906,100
2019-06-28 09:33:27.456591084,100024,377,100005,377,100026,100,99952,100,100028,200,99951,100,100036,100,99943,100,100043,100,99940,100,100047,100,99939,100,100051,100,99935,100,100056,100,99932,100,100061,100,99910,100,100078,100,99906,100
2019-06-28 09:33:30.000000000,100024,377,100005,377,100026,100,99952,100,100028,200,99951,100,100036,100,99943,100,100043,100,99940,100,100047,100,99939,100,100051,100,99935,100,100056,100,99932,100,100061,100,99910,100,100078,100,99906,100
2019-06-28 09:33:40.000000000,100024,377,100005,377,100026,100,99952,100,100028,200,99951,100,100036,100,99943,100,100043,100,99940,100,100047,100,99939,100,100051,100,99935,100,100056,100,99932,100,100061,100,99910,100,100078,100,99906,100
2019-06-28 09:33:41.806777063,100024,377,100005,377,100026,100,99952,100,100028,200,99951,100,100036,100,99943,100,100043,100,99940,100,100047,100,99939,100,100051,100,99935,100,100056,100,99910,100,100061,100,99906,100,100078,100,99838,100
2019-06-28 09:33:44.278437988,100024,377,100005,377,100026,100,99952,100,100028,200,99951,100,100036,100,99943,100,100043,100,99940,100,100047,100,99939,100,100051,100,99935,100,100056,100,99910,100,100061,100,99906,100,100078,100,99838,100
2019-06-28 09:33:50.000000000,100024,377,100005,377,100026,100,99952,100,100028,200,99951,100,100036,100,99943,100,100043,100,99940,100,100047,100,99939,100,100051,100,99935,100,100056,100,99910,100,100061,100,99906,100,100078,100,99838,100
2019-06-28 09:34:00.000000000,100024,194,100005,194,100026,191,99952,191,100028,291,99951,191,100036,100,99943,100,100043,100,99940,100,100047,100,99939,100,100051,100,99935,100,100056,100,99910,100,100061,100,99906,100,100078,100,99838,100
2019-06-28 09:34:10.000000000,100024,194,100005,194,100026,191,99952,191,100028,291,99951,191,100036,100,99943,100,100043,100,99940,100,100047,100,99939,100,100051,100,99935,100,100056,100,99910,100,100061,100,99906,100,100078,100,99838,100
2019-06-28 09:34:20.000000000,100024,155,100005,155,100026,155,99952,155,100028,255,99951,155,100036,155,99943,155,100043,155,99940,155,100047,100,99939,100,100051,100,99935,100,100056,100,99910,100,100061,100,99906,100,100078,100,99838,100
2019-06-28 09:34:27.051409379,100024,55,100005,155,100026,55,99952,155,100028,255,99951,155,100036,155,99943,155,100043,155,99940,155,100047,100,99939,100,100051,100,99935,100,100056,100,99910,100,100061,100,99906,100,100078,100,99838,100
2019-06-28 09:34:30.000000000,100028,255,100005,155,100036,155,99952,155,100043,155,99951,155,100047,155,99943,155,100051,155,99940,155,100056,100,99939,100,100061,100,99935,100,100078,100,99910,100,100079,100,99906,100,100080,100,99838,100
2019-06-28 09:34:40.000000000,100028,294,100005,194,100036,191,99952,191,100043,191,99951,191,100047,100,99943,100,100051,100,99940,100,100056,100,99939,100,100061,100,99935,100,100078,100,99910,100,100079,100,99906,100,100080,100,99838,100
2019-06-28 09:34:45.338954835,100028,294,100005,194,100036,191,99952,191,100043,191,99951,191,100047,100,99943,100,100051,100,99940,100,100056,100,99935,100,100061,100,99910,100,100078,100,99906,100,100079,100,99838,100,100080,100,99832,100
2019-06-28 09:34:50.000000000,100028,269,100005,169,100036,169,99952,169,100043,169,99951,169,100047,169,99943,169,100051,100,99940,100,100056,100,99935,100,100061,100,99910,100,100078,100,99906,100,100079,100,99838,100,100080,100,99832,100
2019-06-28 09:35:00.000000000,100028,338,100005,238,100036,238,99952,238,100043,100,99951,100,100047,100,99943,100,100051,100,99940,100,100056,100,99935,100,100061,100,99910,100,100078,100,99906,100,100079,100,99838,100,100080,100,99832,100
2019-06-28 09:35:10.000000000,100028,294,100005,194,100036,191,99952,191,100043,191,99951,191,100047,100,99943,100,100051,100,99940,100,100056,100,99935,100,100061,100,99910,100,100078,100,99906,100,100079,100,99838,100,100080,100,99832,100
2019-06-28 09:35:20.000000000,100028,255,100005,155,100036,155,99952,155,100043,155,99951,155,100047,155,99943,155,100051,155,99940,155,100056,100,99935,100,100061,100,99910,100,100078,100,99906,100,100079,100,99838,100,100080,100,99832,100
2019-06-28 09:35:28.649930892,100028,155,100005,155,100036,155,99952,155,100043,155,99951,155,100047,155,99943,155,100051,155,99940,155,100056,100,99935,100,100061,100,99910,100,100078,100,99906,100,100079,100,99838,100,100080,100,99832,100
2019-06-28 09:35:30.000000000,100028,155,100005,155,100036,155,99952,155,100043,155,99951,155,100047,155,99943,155,100051,155,99940,155,100056,100,99935,100,100061,100,99910,100,100078,100,99906,100,100079,100,99838,100,100080,100,99832,100
2019-06-28 09:35:30.898382052,100028,155,100005,155,100036,155,99952,155,100043,155,99951,155,100047,155,99943,155,100051,155,99940,155,100061,100,99935,100,100078,100,99910,100,100079,100,99906,100,100080,100,99838,100,100088,100,99832,100
2019-06-28 09:35:33.265032359,100028,155,100024,100,100036,155,100005,155,100043,155,99952,155,100047,155,99951,155,100051,155,99943,155,100061,100,99940,155,100078,100,99935,100,100079,100,99910,100,100080,100,99906,100,100088,100,99838,100
2019-06-28 09:35:40.000000000,100028,238,100024,238,100036,238,100005,238,100043,100,99952,100,100047,100,99951,100,100051,100,99943,100,100061,100,99940,100,100078,100,99935,100,100079,100,99910,100,100080,100,99906,100,100088,100,99838,100
2019-06-28 09:35:50.000000000,100028,238,100024,238,100036,238,100005,238,100043,100,99952,100,100047,100,99951,100,100051,100,99943,100,100061,100,99940,100,100078,100,99935,100,100079,100,99910,100,100080,100,99906,100,100088,100,99838,100
2019-06-28 09:35:53.403997602,100028,238,100024,338,100036,238,100005,238,100043,100,99952,100,100047,100,99951,100,100051,100,99943,100,100061,100,99940,100,100078,100,99935,100,100079,100,99910,100,100080,100,99906,100,100088,100,99838,100
2019-06-28 09:36:00.000000000,100028,169,100024,269,100036,169,100005,169,100043,169,99952,169,100047,169,99951,169,100051,100,99943,100,100061,100,99940,100,100078,100,99935,100,100079,100,99910,100,100080,100,99906,100,100088,100,99838,100
2019-06-28 09:36:10.000000000,100028,194,100024,294,100036,191,100005,191,100043,191,99952,191,100047,100,99951,100,100051,100,99943,100,100061,100,99940,100,100078,100,99935,100,100079,100,99910,100,100080,100,99906,100,100088,100,99838,100
2019-06-28 09:36:20.000000000,100028,194,100024,294,100036,191,100005,191,100043,191,99952,191,100047,100,99951,100,100051,100,99943,100,100061,100,99940,100,100078,100,99935,100,100079,100,99910,100,100080,100,99906,100,100088,100,99838,100
2019-06-28 09:36:25.818349912,100028,94,100024,294,100036,191,100005,191,100043,191,99952,191,100047,100,99951,100,100051,100,99943,100,100061,100,99940,100,100078,100,99935,100,100079,100,99910,100,100080,100,99906,100,100088,100,99838,100
2019-06-28 09:36:26.564285215,100036,191,100028,6,100043,191,100024,294,100047,100,100005,191,100051,100,99952,191,100061,100,99951,100,100078,100,99943,100,100079,100,99940,100,100080,100,99935,100,100088,100,99910,100,100101,100,99906,100
2019-06-28 09:36:26.829492717,100036,91,100028,6,100043,191,100024,294,100047,100,100005,191,100051,100,99952,191,100061,100,99943,100,100078,100,99940,100,100079,100,99935,100,100080,100,99910,100,100088,100,99906,100,100101,100,99838,100
2019-06-28 09:36:30.000000000,100043,169,100028,75,100047,169,100024,269,100051,169,100005,169,100061,169,99952,169,100078,100,99943,100,100079,100,99940,100,100080,100,99935,100,100088,100,99910,100,100101,100,99906,100,100117,100,99838,100
2019-06-28 09:36:40.000000000,100043,155,100028,61,100047,155,100024,255,100051,155,100005,155,100061,155,99952,155,100078,155,99943,155,100079,100,99940,100,100080,100,99935,100,100088,100,99910,100,100101,100,99906,100,100117,100,99838,100
2019-06-28 09:36:45.531807896,100043,55,100028,61,100047,155,100024,255,100051,155,100005,155,100061,155,99952,155,100078,155,99943,155,100079,100,99940,100,100080,100,99935,100,100088,100,99910,100,100101,100,99906,100,100117,100,99838,100
2019-06-28 09:36:48.026635856,100043,55,100036,100,100047,155,100028,61,100051,155,100024,255,100061,155,100005,155,100078,155,99952,155,100079,100,99943,155,100080,100,99940,100,100088,100,99935,100,100101,100,99910,100,100117,100,99906,100
2019-06-28 09:36:50.000000000,100047,194,100036,194,100051,191,100028,97,100061,191,100024,291,100078,100,100005,100,100079,100,99952,100,100080,100,99943,100,100088,100,99940,100,100101,100,99935,100,100117,100,99910,100,100125,100,99906,100
2019-06-28 09:37:00.000000000,100047,238,100036,238,100051,238,100028,144,100061,100,100024,200,100078,100,100005,100,100079,100,99952,100,100080,100,99943,100,100088,100,99940,100,100101,100,99935,100,100117,100,99910,100,100125,100,99906,100
2019-06-28 09:37:01.129571825,100047,238,100036,238,100051,238,100028,144,100061,100,100024,200,100078,100,100005,100,100079,100,99952,100,100080,100,99943,100,100088,100,99940,100,100101,100,99935,100,100117,100,99910,100,100125,100,99906,100
2019-06-28 09:37:02.932195029,100047,238,100036,238,100051,238,100028,144,100061,100,100024,200,100078,100,100005,100,100079,100,99952,100,100088,100,99943,100,100101,100,99940,100,100117,100,99935,100,100125,100,99910,100,100133,100,99906,100
2019-06-28 09:37:08.958390063,100047,238,100036,338,100051,238,100028,144,100061,100,100024,200,100078,100,99952,100,100079,100,99943,100,100088,100,99940,100,100101,100,99935,100,100117,100,99910,100,100125,100,99906,100,100133,100,99832,100
2019-06-28 09:37:10.000000000,100047,238,100036,338,100051,238,100028,144,100061,100,100024,200,100078,100,99952,100,100079,100,99943,100,100088,100,99940,100,100101,100,99935,100,100117,100,99910,100,100125,100,99906,100,100133,100,99832,100
2019-06-28 09:37:13.776068227,100047,238,100036,338,100051,238,100028,144,100061,100,100024,200,100078,100,99952,100,100079,100,99943,100,100088,100,99940,100,100101,100,99935,100,100117,100,99910,100,100125,100,99906,100,100133,100,99832,100
2019-06-28 09:37:16.261380513,100047,238,100036,438,100051,238,100028,144,100061,100,100024,200,100078,100,99952,100,100079,100,99943,100,100088,100,99940,100,100101,100,99935,100,100117,100,99910,100,100125,100,99906,100,100133,100,99832,100
2019-06-28 09:37:20.000000000,100047,155,100036,355,100051,155,100028,61,100061,155,100024,255,100078,155,99952,155,100079,155,99943,155,100088,100,99940,100,100101,100,99935,100,100117,100,99910,100,100125,100,99906,100,100133,100,99832,100
2019-06-28 09:37:30.000000000,100047,194,100036,394,100051,191,100028,97,100061,191,100024,291,100078,100,99952,100,100079,100,99943,100,100088,100,99940,100,100101,100,99935,100,100117,100,99910,100,100125,100,99906,100,100133,100,99832,100
2019-06-28 09:37:40.000000000,100047,377,100036,577,100051,100,100028,6,100061,100,100024,200,100078,100,99952,100,100079,100,99943,100,100088,100,99940,100,100101,100,99935,100,100117,100,99910,100,100125,100,99906,100,100133,100,99832,100
2019-06-28 09:37:45.243260071,100047,277,100036,577,100051,100,100028,6,100061,100,100024,200,100078,100,99952,100,100079,100,99943,100,100088,100,99940,100,100101,100,99935,100,100117,100,99910,100,100125,100,99906,100,100133,100,99832,100
2019-06-28 09:37:50.000000000,100051,194,100036,394,100061,191,100028,97,100078,191,100024,291,100079,100,99952,100,100088,100,99943,100,100101,100,99940,100,100117,100,99935,100,100125,100,99910,100,100133,100,99906,100,100147,100,99832,100
2019-06-28 09:37:55.898938036,100051,94,100036,394,100061,191,100028,97,100078,191,100024,291,100079,100,99952,100,100088,100,99943,100,100101,100,99940,100,100117,100,99935,100,100125,100,99910,100,100133,100,99906,100,100147,100,99832,100
2019-06-28 09:38:00.000000000,100061,155,100036,355,100078,155,100028,61,100079,155,100024,255,100088,155,99952,155,100101,155,99943,155,100117,100,99940,100,100125,100,99935,100,100133,100,99910,100,100147,100,99906,100,100151,100,99832,100
2019-06-28 09:38:10.000000000,100061,194,100036,394,100078,191,100028,97,100079,191,100024,291,100088,100,99952,100,100101,100,99943,100,100117,100,99940,100,100125,100,99935,100,100133,100,99910,100,100147,100,99906,100,100151,100,99832,100
2019-06-28 09:38:20.000000000,100061,377,100036,577,100078,100,100028,6,100079,100,100024,200,100088,100,99952,100,100101,100,99943,100,100117,100,99940,100,100125,100,99935,100,100133,100,99910,100,100147,100,99906,100,100151,100,99832,100
2019-06-28 09:38:30.000000000,100061,238,100036,438,100078,238,100028,144,100079,100,100024,200,100088,100,99952,100,100101,100,99943,100,100117,100,99940,100,100125,100,99935,100,100133,100,99910,100,100147,100,99906,100,100151,100,99832,100
2019-06-28 09:38:40.000000000,100061,155,100036,355,100078,155,100028,61,100079,155,100024,255,100088,155,99952,155,100101,155,99943,155,100117,100,99940,100,100125,100,99935,100,100133,100,99910,100,100147,100,99906,100,100151,100,99832,100
2019-06-28 09:38:50.000000000,100061,155,100036,355,100078,155,100028,61,100079,155,100024,255,100088,155,99952,155,100101,155,99943,155,100117,100,99940,100,100125,100,99935,100,100133,100,99910,100,100147,100,99906,100,100151,100,99832,100
2019-06-28 09:38:53.963153701,100061,55,100036,355,100078,155,100028,61,100079,155,100024,255,100088,155,99952,155,100101,155,99943,155,100117,100,99940,100,100125,100,99935,100,100133,100,99910,100,100147,100,99906,100,100151,100,99832,100
2019-06-28 09:39:00.000000000,100078,155,100036,355,100079,155,100028,61,100088,155,100024,255,100101,155,99952,155,100117,155,99943,155,100125,100,99940,100,100133,100,99935,100,100147,100,99910,100,100151,100,99906,100,100213,100,99832,100
2019-06-28 09:39:10.000000000,100078,169,100036,369,100079,169,100028,75,100088,169,100024,269,100101,169,99952,169,100117,100,99943,100,100125,100,99940,100,100133,100,99935,100,100147,100,99910,100,100151,100,99906,100,100213,100,99832,100
2019-06-28 09:39:17.819585253,100078,169,100036,369,100079,169,100028,75,100088,169,100024,169,100101,169,99952,169,100117,100,99943,100,100125,100,99940,100,100133,100,99935,100,100147,100,99910,100,100151,100,99906,100,100213,100,99832,100
2019-06-28 09:39:20.000000000,100078,155,100036,355,100079,155,100028,61,100088,155,100024,155,100101,155,99952,155,100117,155,99943,155,100125,100,99940,100,100133,100,99935,100,100147,100,99910,100,100151,100,99906,100,100213,100,99832,100
2019-06-28 09:39:24.411559550,100078,155,100036,355,100079,155,100028,61,100088,155,100024,155,100101,155,99952,155,100117,155,99943,155,100125,100,99940,100,100133,100,99935,100,100147,100,99910,100,100151,100,99906,100,100213,100,99832,100
2019-06-28 09:39:30.000000000,100078,155,100036,355,100079,155,100028,61,100088,155,100024,155,100101,155,99952,155,100117,155,99943,155,100125,100,99940,100,100133,100,99935,100,100147,100,99910,100,100151,100,99906,100,100213,100,99832,100
2019-06-28 09:39:30.793548557,100078,155,100036,355,100079,155,100028,61,100088,155,100024,155,100101,155,99952,155,100117,155,99943,155,100125,100,99940,100,100133,100,99935,100,100147,100,99910,100,100151,100,99906,100,100213,100,99790,100
2019-06-28 09:39:40.000000000,100078,377,100036,577,100079,100,100028,6,100088,100,100024,100,100101,100,99952,100,100117,100,99943,100,100125,100,99940,100,100133,100,99935,100,100147,100,99910,100,100151,100,99906,100,100213,100,99790,100
2019-06-28 09:39:41.660564340,100078,377,100051,100,100079,100,100036,577,100088,100,100028,6,100101,100,100024,100,100117,100,99952,100,100125,100,99943,100,100133,100,99940,100,100147,100,99935,100,100151,100,99910,100,100213,100,99906,100
2019-06-28 09:39:50.000000000,100078,155,100051,155,100079,155,100036,355,100088,155,100028,61,100101,155,100024,155,100117,155,99952,155,100125,100,99943,100,100133,100,99940,100,100147,100,99935,100,100151,100,99910,100,100213,100,99906,100
2019-06-28 09:40:00.000000000,100078,238,100051,238,100079,238,100036,438,100088,100,100028,6,100101,100,100024,100,100117,100,99952,100,100125,100,99943,100,100133,100,99940,100,100147,100,99935,100,100151,100,99910,100,100213,100,99906,100
2019-06-28 09:40:10.000000000,100078,377,100051,377,100079,100,100036,300,100088,100,100028,6,100101,100,100024,100,100117,100,99952,100,100125,100,99943,100,100133,100,99940,100,100147,100,99935,100,100151,100,99910,100,100213,100,99906,100
2019-06-28 09:40:19.308818204,100078,277,100051,377,100079,100,100036,300,100088,100,100028,6,100101,100,100024,100,100117,100,99952,100,100125,100,99940,100,100133,100,99935,100,100147,100,99910,100,100151,100,99906,100,100213,100,99790,100
2019-06-28 09:40:20.000000000,100079,377,100051,377,100088,100,100036,300,100101,100,100028,6,100117,100,100024,100,100125,100,99952,100,100133,100,99940,100,100147,100,99935,100,100151,100,99910,100,100213,100,99906,100,100237,100,99790,100
2019-06-28 09:40:30.000000000,100079,169,100051,169,100088,169,100036,369,100101,169,100028,75,100117,169,100024,169,100125,100,99952,100,100133,100,99940,100,100147,100,99935,100,100151,100,99910,100,100213,100,99906,100,100237,100,99790,100
2019-06-28 09:40:40.000000000,100079,238,100051,238,100088,238,100036,438,100101,100,100028,6,100117,100,100024,100,100125,100,99952,100,100133,100,99940,100,100147,100,99935,100,100151,100,99910,100,100213,100,99906,100,100237,100,99790,100
2019-06-28 09:40:49.404528639,100079,138,100051,238,100088,238,100036,438,100101,100,100028,6,100117,100,100024,100,100125,100,99952,100,100133,100,99940,100,100147,100,99935,100,100151,100,99910,100,100213,100,99906,100,100237,100,99790,100
2019-06-28 09:40:50.000000000,100088,194,100051,194,100101,191,100036,391,100117,191,100028,97,100125,100,100024,100,100133,100,99952,100,100147,100,99940,100,100151,100,99935,100,100213,100,99910,100,100237,100,99906,100,100266,100,99790,100
2019-06-28 09:40:58.140867342,100088,194,100051,194,100101,191,100036,391,100117,191,100028,97,100125,100,100024,100,100133,100,99952,100,100147,100,99940,100,100151,100,99935,100,100213,100,99910,100,100237,100,99906,100,100266,100,99790,100
2019-06-28 09:40:58.878433464,100088,194,100078,100,100101,191,100051,194,100117,191,100036,391,100125,100,100028,97,100133,100,100024,100,100147,100,99952,100,100151,100,99940,100,100213,100,99935,100,100237,100,99910,100,100266,100,99906,100
2019-06-28 09:41:00.000000000,100088,238,100078,238,100101,238,100051,238,100117,100,100036,300,100125,100,100028,6,100133,100,100024,100,100147,100,99952,100,100151,100,99940,100,100213,100,99935,100,100237,100,99910,100,100266,100,99906,100
2019-06-28 09:41:06.499968374,100088,238,100078,338,100101,238,100051,238,100117,100,100036,300,100125,100,100028,6,100133,100,100024,100,100147,100,99952,100,100151,100,99940,100,100213,100,99935,100,100237,100,99910,100,100266,100,99906,100
2019-06-28 09:41:10.000000000,100088,194,100078,294,100101,191,100051,191,100117,191,100036,391,100125,100,100028,6,100133,100,100024,100,100147,100,99952,100,100151,100,99940,100,100213,100,99935,100,100237,100,99910,100,100266,100,99906,100
2019-06-28 09:41:10.913847802,100088,194,100078,394,100101,191,100051,191,100117,191,100036,391,100125,100,100028,6,100133,100,100024,100,100147,100,99940,100,100151,100,99935,100,100213,100,99910,100,100237,100,99906,100,100266,100,99790,100
2019-06-28 09:41:20.000000000,100088,238,100078,438,100101,238,100051,238,100117,100,100036,300,100125,100,100028,6,100133,100,100024,100,100147,100,99940,100,100151,100,99935,100,100213,100,99910,100,100237,100,99906,100,100266,100,99790,100
2019-06-28 09:41:30.000000000,100088,238,100078,438,100101,238,100051,238,100117,100,100036,300,100125,100,100028,6,100133,100,100024,100,100147,100,99940,100,100151,100,99935,100,100213,100,99910,100,100237,100,99906,100,100266,100,99790,100
2019-06-28 09:41:40.000000000,100088,194,100078,394,100101,191,100051,191,100117,191,100036,391,100125,100,100028,6,100133,100,100024,100,100147,100,99940,100,100151,100,99935,100,100213,100,99910,100,100237,100,99906,100,100266,100,99790,100
2019-06-28 09:41:44.217025062,100088,194,100078,494,100101,191,100051,191,100117,191,100036,391,100125,100,100028,6,100133,100,100024,100,100147,100,99940,100,100151,100,99935,100,100213,100,99910,100,100237,100,99906,100,100266,100,99790,100
2019-06-28 09:41:50.000000000,100088,377,100078,677,100101,100,100051,100,100117,100,100036,300,100125,100,100028,6,100133,100,100024,100,100147,100,99940,100,100151,100,99935,100,100213,100,99910,100,100237,100,99906,100,100266,100,99790,100
2019-06-28 09:42:00.000000000,100088,194,100078,494,100101,191,100051,191,100117,191,100036,391,100125,100,100028,6,100133,100,100024,100,100147,100,99940,100,100151,100,99935,100,100213,100,99910,100,100237,100,99906,100,100266,100,99790,100
2019-06-28 09:42:03.342720385,100088,94,100078,494,100101,191,100051,191,100117,191,100036,391,100125,100,100028,6,100133,100,100024,100,100147,100,99940,100,100213,100,99935,100,100237,100,99910,100,100266,100,99906,100,100309,100,99790,100
2019-06-28 09:42:10.000000000,100101,377,100078,677,100117,100,100051,100,100125,100,100036,300,100133,100,100028,6,100147,100,100024,100,100213,100,99940,100,100237,100,99935,100,100266,100,99910,100,100309,100,99906,100,100552,100,99790,100
2019-06-28 09:42:11.764501958,100101,377,100078,677,100117,100,100051,100,100125,100,100036,300,100133,100,100028,6,100147,100,100024,100,100213,100,99940,100,100237,100,99935,100,100266,100,99910,100,100309,100,99906,100,100552,100,99790,100
2019-06-28 09:42:20.000000000,100101,194,100078,494,100117,191,100051,191,100125,191,100036,391,100133,100,100028,6,100147,100,100024,100,100213,100,99940,100,100237,100,99935,100,100266,100,99910,100,100309,100,99906,100,100552,100,99790,100
2019-06-28 09:42:30.000000000,100101,377,100078,677,100117,100,100051,100,100125,100,100036,300,100133,100,100028,6,100147,100,100024,100,100213,100,99940,100,100237,100,99935,100,100266,100,99910,100,100309,100,99906,100,100552,100,99790,100
2019-06-28 09:42:40.000000000,100101,238,100078,538,100117,238,100051,238,100125,100,100036,300,100133,100,100028,6,100147,100,100024,100,100213,100,99940,100,100237,100,99935,100,100266,100,99910,100,100309,100,99906,100,100552,100,99790,100
2019-06-28 09:42:42.774956454,100101,138,100078,538,100117,238,100051,238,100125,100,100036,300,100133,100,100028,6,100147,100,100024,100,100213,100,99940,100,100237,100,99935,100,100266,100,99910,100,100309,100,99906,100,100552,100,99790,100
2019-06-28 09:42:50.000000000,100117,377,100078,677,100125,100,100051,100,100133,100,100036,300,100147,100,100028,6,100213,100,100024,100,100237,100,99940,100,100266,100,99935,100,100309,100,99910,100,100552,100,99906,100,100644,100,99790,100
2019-06-28 09:43:00.000000000,100117,155,100078,455,100125,155,100051,155,100133,155,100036,355,100147,155,100028,61,100213,155,100024,155,100237,100,99940,100,100266,100,99935,100,100309,100,99910,100,100552,100,99906,100,100644,100,99790,100
2019-06-28 09:43:09.071700512,100117,155,100078,455,100125,55,100051,155,100133,155,100036,355,100147,155,100028,61,100213,155,100024,155,100237,100,99940,100,100266,100,99935,100,100309,100,99910,100,100552,100,99906,100,100644,100,99790,100
2019-06-28 09:43:10.000000000,100117,155,100078,455,100133,155,100051,155,100147,155,100036,355,100213,155,100028,61,100237,155,100024,155,100266,100,99940,100,100309,100,99935,100,100552,100,99910,100,100644,100,99906,100,100788,100,99790,100
2019-06-28 09:43:20.000000000,100117,377,100078,677,100133,100,100051,100,100147,100,100036,300,100213,100,100028,6,100237,100,100024,100,100266,100,99940,100,100309,100,99935,100,100552,100,99910,100,100644,100,99906,100,100788,100,99790,100
2019-06-28 09:43:30.000000000,100117,377,100078,677,100133,100,100051,100,100147,100,100036,300,100213,100,100028,6,100237,100,100024,100,100266,100,99940,100,100309,100,99935,100,100552,100,99910,100,100644,100,99906,100,100788,100,99790,100
2019-06-28 09:43:40.000000000,100117,194,100078,494,100133,191,100051,191,100147,191,100036,391,100213,100,100028,6,100237,100,100024,100,100266,100,99940,100,100309,100,99935,100,100552,100,99910,100,100644,100,99906,100,100788,100,99790,100
2019-06-28 09:43:50.000000000,100117,194,100078,494,100133,191,100051,191,100147,191,100036,391,100213,100,100028,6,100237,100,100024,100,100266,100,99940,100,100309,100,99935,100,100552,100,99910,100,100644,100,99906,100,100788,100,99790,100
2019-06-28 09:43:52.855395104,100117,94,100078,494,100133,191,100051,191,100147,191,100036,391,100213,100,100028,6,100237,100,100024,100,100266,100,99940,100,100309,100,99935,100,100552,100,99910,100,100644,100,99906,100,100788,100,99790,100
2019-06-28 09:43:59.514610950,100133,191,100117,6,100147,191,100078,494,100213,100,100051,191,100237,100,100036,391,100266,100,100028,6,100309,100,100024,100,100552,100,99940,100,100644,100,99935,100,100788,100,99910,100,100797,100,99906,100
2019-06-28 09:44:00.000000000,100133,238,100117,144,100147,238,100078,538,100213,100,100051,100,100237,100,100036,300,100266,100,100028,6,100309,100,100024,100,100552,100,99940,100,100644,100,99935,100,100788,100,99910,100,100797,100,99906,100
2019-06-28 09:44:06.569035812,100133,238,100117,244,100147,238,100078,538,100213,100,100051,100,100237,100,100036,300,100266,100,100028,6,100309,100,100024,100,100552,100,99940,100,100644,100,99935,100,100788,100,99910,100,100797,100,99906,100
2019-06-28 09:44:10.000000000,100133,169,100117,175,100147,169,100078,469,100213,169,100051,169,100237,169,100036,369,100266,100,100028,6,100309,100,100024,100,100552,100,99940,100,100644,100,99935,100,100788,100,99910,100,100797,100,99906,100
2019-06-28 09:44:20.000000000,100133,238,100117,244,100147,238,100078,538,100213,100,100051,100,100237,100,100036,300,100266,100,100028,6,100309,100,100024,100,100552,100,99940,100,100644,100,99935,100,100788,100,99910,100,100797,100,99906,100
2019-06-28 09:44:30.000000000,100133,238,100117,244,100147,238,100078,538,100213,100,100051,100,100237,100,100036,300,100266,100,100028,6,100309,100,100024,100,100552,100,99940,100,100644,100,99935,100,100788,100,99910,100,100797,100,99906,100
2019-06-28 09:44:40.000000000,100133,169,100117,175,100147,169,100078,469,100213,169,100051,169,100237,169,100036,369,100266,100,100028,6,100309,100,100024,100,100552,100,99940,100,100644,100,99935,100,100788,100,99910,100,100797,100,99906,100
2019-06-28 09:44:41.620099576,100133,169,100117,175,100147,169,100078,469,100213,169,100051,169,100237,169,100036,369,100266,100,100028,6,100309,100,100024,100,100552,100,99940,100,100644,100,99935,100,100788,100,99910,100,100797,100,99906,100
2019-06-28 09:44:50.000000000,100133,155,100117,161,100147,155,100078,455,100213,155,100051,155,100237,155,100036,355,100266,155,100028,61,100309,100,100024,100,100552,100,99940,100,100644,100,99935,100,100788,100,99910,100,100797,100,99906,100
2019-06-28 09:45:00.000000000,100133,377,100117,383,100147,100,100078,400,100213,100,100051,100,100237,100,100036,300,100266,100,100028,6,100309,100,100024,100,100552,100,99940,100,100644,100,99935,100,100788,100,99910,100,100797,100,99906,100
2019-06-28 09:45:10.000000000,100133,377,100117,383,100147,100,100078,400,100213,100,100051,100,100237,100,100036,300,100266,100,100028,6,100309,100,100024,100,100552,100,99940,100,100644,100,99935,100,100788,100,99910,100,100797,100,99906,100
2019-06-28 09:45:14.013506213,100133,277,100117,383,100147,100,100078,400,100213,100,100051,100,100237,100,100036,300,100266,100,100028,6,100309,100,100024,100,100552,100,99940,100,100644,100,99935,100,100797,100,99910,100,101200,100,99906,100
2019-06-28 09:45:20.000000000,100147,194,100117,200,100213,191,100078,491,100237,191,100051,191,100266,100,100036,300,100309,100,100028,6,100552,100,100024,100,100644,100,99940,100,100797,100,99935,100,101200,100,99910,100,101233,100,99906,100
2019-06-28 09:45:30.000000000,100147,155,100117,161,100213,155,100078,455,100237,155,100051,155,100266,155,100036,355,100309,155,100028,61,100552,100,100024,100,100644,100,99940,100,100797,100,99935,100,101200,100,99910,100,101233,100,99906,100
2019-06-28 09:45:33.490914568,100147,155,100117,161,100213,55,100078,455,100237,155,100051,155,100266,155,100036,355,100309,155,100028,61,100552,100,100024,100,100644,100,99940,100,100797,100,99935,100,101200,100,99910,100,101233,100,99906,100
2019-06-28 09:45:40.000000000,100147,194,100117,200,100237,191,100078,491,100266,191,100051,191,100309,100,100036,300,100552,100,100028,6,100644,100,100024,100,100797,100,99940,100,101200,100,99935,100,101233,100,99910,100,101305,100,99906,100
2019-06-28 09:45:46.585145599,100147,194,100118,100,100237,191,100117,200,100266,191,100078,491,100309,100,100051,191,100552,100,100036,300,100644,100,100028,6,100797,100,100024,100,101200,100,99940,100,101233,100,99935,100,101305,100,99910,100
2019-06-28 09:45:50.000000000,100147,155,100118,155,100237,155,100117,161,100266,155,100078,455,100309,155,100051,155,100552,155,100036,355,100644,100,100028,6,100797,100,100024,100,101200,100,99940,100,101233,100,99935,100,101305,100,99910,100
2019-06-28 09:45:59.398746927,100147,155,100118,155,100237,155,100117,161,100266,155,100078,455,100309,155,100051,155,100552,155,100036,355,100644,100,100028,6,100797,100,100024,100,101200,100,99940,100,101233,100,99935,100,101305,100,99910,100
2019-06-28 09:46:00.000000000,100147,238,100118,238,100237,238,100117,244,100266,100,100078,400,100309,100,100051,100,100552,100,100036,300,100644,100,100028,6,100797,100,100024,100,101200,100,99940,100,101233,100,99935,100,101305,100,99910,100
2019-06-28 09:46:10.000000000,100147,377,100118,377,100237,100,100117,106,100266,100,100078,400,100309,100,100051,100,100552,100,100036,300,100644,100,100028,6,100797,100,100024,100,101200,100,99940,100,101233,100,99935,100,101305,100,99910,100
2019-06-28 09:46:20.000000000,100147,238,100118,238,100237,238,100117,244,100266,100,100078,400,100309,100,100051,100,100552,100,100036,300,100644,100,100028,6,100797,100,100024,100,101200,100,99940,100,101233,100,99935,100,101305,100,99910,100
2019-06-28 09:46:26.278233467,100147,238,100118,238,100237,238,100117,244,100266,100,100078,400,100309,100,100051,100,100552,100,100036,300,100644,100,100028,6,100797,100,100024,100,101200,100,99940,100,101233,100,99935,100,101305,100,99910,100
2019-06-28 09:46:30.000000000,100147,169,100118,169,100237,169,100117,175,100266,169,100078,469,100309,169,100051,169,100552,100,100036,300,100644,100,100028,6,100797,100,100024,100,101200,100,99940,100,101233,100,99935,100,101305,100,99910,100
2019-06-28 09:46:40.000000000,100147,155,100118,155,100237,155,100117,161,100266,155,100078,455,100309,155,100051,155,100552,155,100036,355,100644,100,100028,6,100797,100,100024,100,101200,100,99940,100,101233,100,99935,100,101305,100,99910,100
2019-06-28 09:46:50.000000000,100147,377,100118,377,100237,100,100117,106,100266,100,100078,400,100309,100,100051,100,100552,100,100036,300,100644,100,100028,6,100797,100,100024,100,101200,100,99940,100,101233,100,99935,100,101305,100,99910,100
2019-06-28 09:47:00.000000000,100147,377,100118,377,100237,100,100117,106,100266,100,100078,400,100309,100,100051,100,100552,100,100036,300,100644,100,100028,6,100797,100,100024,100,101200,100,99940,100,101233,100,99935,100,101305,100,99910,100
2019-06-28 09:47:06.043035261,100147,277,100118,377,100237,100,100117,106,100266,100,100078,400,100309,100,100051,100,100552,100,100036,300,100644,100,100028,6,100797,100,100024,100,101200,100,99940,100,101233,100,99935,100,101305,100,99910,100
2019-06-28 09:47:10.000000000,100237,238,100118,238,100266,238,100117,244,100309,100,100078,400,100552,100,100051,100,100644,100,100036,300,100797,100,100028,6,101200,100,100024,100,101233,100,99940,100,101305,100,99935,100,101477,100,99910,100
2019-06-28 09:47:20.000000000,100237,377,100118,377,100266,100,100117,106,100309,100,100078,400,100552,100,100051,100,100644,100,100036,300,100797,100,100028,6,101200,100,100024,100,101233,100,99940,100,101305,100,99935,100,101477,100,99910,100
2019-06-28 09:47:30.000000000,100237,169,100118,169,100266,169,100117,175,100309,169,100078,469,100552,169,100051,169,100644,100,100036,300,100797,100,100028,6,101200,100,100024,100,101233,100,99940,100,101305,100,99935,100,101477,100,99910,100
2019-06-28 09:47:31.022791670,100237,169,100118,169,100266,169,100117,175,100309,169,100078,469,100552,169,100051,169,100644,100,100036,300,100797,100,100028,6,101200,100,100024,100,101233,100,99940,100,101305,100,99935,100,101477,100,99910,100
2019-06-28 09:47:39.705892472,100237,169,100118,169,100266,169,100117,175,100309,169,100078,469,100552,169,100051,169,100644,100,100036,300,100797,100,100028,6,101200,100,100024,100,101233,100,99940,100,101305,100,99935,100,101477,100,99910,100
2019-06-28 09:47:40.000000000,100237,377,100118,377,100266,100,100117,106,100309,100,100078,400,100552,100,100051,100,100644,100,100036,300,100797,100,100028,6,101200,100,100024,100,101233,100,99940,100,101305,100,99935,100,101477,100,99910,100
2019-06-28 09:47:50.000000000,100237,238,100118,238,100266,238,100117,244,100309,100,100078,400,100552,100,100051,100,100644,100,100036,300,100797,100,100028,6,101200,100,100024,100,101233,100,99940,100,101305,100,99935,100,101477,100,99910,100
2019-06-28 09:48:00.000000000,100237,169,100118,169,100266,169,100117,175,100309,169,100078,469,100552,169,100051,169,100644,100,100036,300,100797,100,100028,6,101200,100,100024,100,101233,100,99940,100,101305,100,99935,100,101477,100,99910,100
2019-06-28 09:48:01.210259803,100237,169,100118,169,100266,169,100117,175,100309,169,100078,469,100552,169,100051,169,100644,100,100036,300,100797,100,100024,100,101200,100,99940,100,101233,100,99935,100,101305,100,99910,100,101477,100,99790,100
2019-06-28 09:48:10.000000000,100237,155,100118,155,100266,155,100117,161,100309,155,100078,455,100552,155,100051,155,100644,155,100036,355,100797,100,100024,100,101200,100,99940,100,101233,100,99935,100,101305,100,99910,100,101477,100,99790,100
2019-06-28 09:48:13.014126640,100237,55,100118,155,100266,155,100117,161,100309,155,100078,455,100552,155,100051,155,100644,155,100036,355,100797,100,100024,100,101200,100,99940,100,101233,100,99935,100,101305,100,99910,100,101477,100,99790,100
2019-06-28 09:48:20.000000000,100266,377,100118,377,100309,100,100117,106,100552,100,100078,400,100644,100,100051,100,100797,100,100036,300,101200,100,100024,100,101233,100,99940,100,101305,100,99935,100,101477,100,99910,100,101537,100,99790,100
2019-06-28 09:48:30.000000000,100266,194,100118,194,100309,191,100117,197,100552,191,100078,491,100644,100,100051,100,100797,100,100036,300,101200,100,100024,100,101233,100,99940,100,101305,100,99935,100,101477,100,99910,100,101537,100,99790,100
2019-06-28 09:48:40.000000000,100266,377,100118,377,100309,100,100117,106,100552,100,100078,400,100644,100,100051,100,100797,100,100036,300,101200,100,100024,100,101233,100,99940,100,101305,100,99935,100,101477,100,99910,100,101537,100,99790,100
2019-06-28 09:48:50.000000000,100266,377,100118,377,100309,100,100117,106,100552,100,100078,400,100644,100,100051,100,100797,100,100036,300,101200,100,100024,100,101233,100,99940,100,101305,100,99935,100,101477,100,99910,100,101537,100,99790,100
2019-06-28 09:48:56.642750850,100266,377,100118,377,100309,100,100117,106,100552,100,100078,400,100644,100,100051,100,100797,100,100036,300,101200,100,100024,100,101233,100,99940,100,101305,100,99935,100,101477,100,99910,100,101537,100,99790,100
2019-06-28 09:49:00.000000000,100266,377,100118,377,100309,100,100117,106,100552,100,100078,400,100644,100,100051,100,100797,100,100036,300,101200,100,100024,100,101233,100,99940,100,101305,100,99935,100,101477,100,99910,100,101537,100,99790,100
2019-06-28 09:49:10.000000000,100266,238,100118,238,100309,238,100117,244,100552,100,100078,400,100644,100,100051,100,100797,100,100036,300,101200,100,100024,100,101233,100,99940,100,101305,100,99935,100,101477,100,99910,100,101537,100,99790,100
2019-06-28 09:49:20.000000000,100266,194,100118,194,100309,191,100117,197,100552,191,100078,491,100644,100,100051,100,100797,100,100036,300,101200,100,100024,100,101233,100,99940,100,101305,100,99935,100,101477,100,99910,100,101537,100,99790,100
2019-06-28 09:49:28.246745335,100266,94,100118,194,100309,191,100117,197,100552,191,100078,491,100644,100,100051,100,100797,100,100036,300,101200,100,100024,100,101233,100,99940,100,101305,100,99935,100,101477,100,99910,100,101537,100,99790,100
2019-06-28 09:49:30.000000000,100309,194,100118,194,100552,191,100117,197,100644,191,100078,491,100797,100,100051,100,101200,100,100036,300,101233,100,100024,100,101305,100,99940,100,101477,100,99935,100,101537,100,99910,100,101625,100,99790,100
2019-06-28 09:49:34.301017424,100309,194,100118,194,100552,191,100117,197,100644,191,100078,491,100797,100,100051,100,101158,100,100036,300,101200,100,100024,100,101233,100,99935,100,101305,100,99910,100,101477,100,99790,100,101537,100,99770,100
2019-06-28 09:49:40.000000000,100309,377,100118,377,100552,100,100117,106,100644,100,100078,400,100797,100,100051,100,101158,100,100036,300,101200,100,100024,100,101233,100,99935,100,101305,100,99910,100,101477,100,99790,100,101537,100,99770,100
2019-06-28 09:49:50.000000000,100309,194,100118,194,100552,191,100117,197,100644,191,100078,491,100797,100,100051,100,101158,100,100036,300,101200,100,100024,100,101233,100,99935,100,101305,100,99910,100,101477,100,99790,100,101537,100,99770,100
2019-06-28 09:49:57.684076089,100309,194,100118,94,100552,191,100117,197,100644,191,100078,491,100797,100,100051,100,101158,100,100036,300,101200,100,100024,100,101233,100,99935,100,101305,100,99910,100,101477,100,99790,100,101537,100,99770,100
2019-06-28 09:50:00.000000000,100309,169,100117,175,100552,169,100078,469,100644,169,100051,169,100797,169,100036,369,101158,100,100024,100,101200,100,99935,100,101233,100,99910,100,101305,100,99790,100,101477,100,99770,100,101537,100,,
2019-06-28 09:50:01.996879577,100309,169,100237,100,100552,169,100117,175,100644,169,100078,469,100797,169,100051,169,101158,100,100036,369,101200,100,100024,100,101233,100,99935,100,101305,100,99910,100,101477,100,99790,100,101537,100,99770,100
2019-06-28 09:50:08.715872459,100309,69,100237,100,100552,169,100117,175,100644,169,100078,469,100797,169,100051,169,101158,100,100036,369,101200,100,100024,100,101233,100,99935,100,101305,100,99910,100,101477,100,99790,100,101537,100,99770,100
2019-06-28 09:50:10.000000000,100552,194,100237,194,100644,191,100117,197,100797,191,100078,491,101158,100,100051,100,101200,100,100036,300,101233,100,100024,100,101305,100,99935,100,101477,100,99910,100,101537,100,99790,100,101625,100,99770,100
2019-06-28 09:50:20.000000000,100552,238,100237,238,100644,238,100117,244,100797,100,100078,400,101158,100,100051,100,101200,100,100036,300,101233,100,100024,100,101305,100,99935,100,101477,100,99910,100,101537,100,99790,100,101625,100,99770,100
2019-06-28 09:50:30.000000000,100552,155,100237,155,100644,155,100117,161,100797,155,100078,455,101158,155,100051,155,101200,155,100036,355,101233,100,100024,100,101305,100,99935,100,101477,100,99910,100,101537,100,99790,100,101625,100,99770,100
2019-06-28 09:50:40.000000000,100552,238,100237,238,100644,238,100117,244,100797,100,100078,400,101158,100,100051,100,101200,100,100036,300,101233,100,100024,100,101305,100,99935,100,101477,100,99910,100,101537,100,99790,100,101625,100,99770,100
2019-06-28 09:50:46.526553089,100552,38,100237,238,100644,238,100117,244,100797,100,100078,400,101158,100,100051,100,101200,100,100036,300,101233,100,100024,100,101305,100,99935,100,101477,100,99910,100,101537,100,99790,100,101625,100,99770,100
2019-06-28 09:50:50.000000000,100644,155,100237,155,100797,155,100117,161,101158,155,100078,455,101200,155,100051,155,101233,155,100036,355,101305,100,100024,100,101477,100,99935,100,101537,100,99910,100,101625,100,99790,100,101840,100,99770,100
2019-06-28 09:50:53.366030782,100644,55,100237,155,100797,155,100117,161,101158,155,100078,455,101200,155,100051,155,101233,155,100036,355,101305,100,100024,100,101477,100,99935,100,101537,100,99910,100,101625,100,99790,100,101840,100,99770,100
2019-06-28 09:51:00.000000000,100797,238,100237,238,101158,238,100117,244,101200,100,100078,400,101233,100,100051,100,101305,100,100036,300,101477,100,100024,100,101537,100,99935,100,101625,100,99910,100,101840,100,99790,100,102041,100,99770,100
2019-06-28 09:51:08.973753144,100797,138,100237,238,101158,238,100117,244,101200,100,100078,400,101233,100,100051,100,101305,100,100036,300,101477,100,100024,100,101537,100,99935,100,101625,100,99910,100,101840,100,99790,100,102041,100,99770,100
2019-06-28 09:51:10.000000000,101158,194,100237,194,101200,191,100117,197,101233,191,100078,491,101305,100,100051,100,101477,100,100036,300,101537,100,100024,100,101625,100,99935,100,101840,100,99910,100,102041,100,99790,100,102070,100,99770,100
2019-06-28 09:51:20.000000000,101158,155,100237,155,101200,155,100117,161,101233,155,100078,455,101305,155,100051,155,101477,155,100036,355,101537,100,100024,100,101625,100,99935,100,101840,100,99910,100,102041,100,99790,100,102070,100,99770,100
2019-06-28 09:51:30.000000000,101158,194,100237,194,101200,191,100117,197,101233,191,100078,491,101305,100,100051,100,101477,100,100036,300,101537,100,100024,100,101625,100,99935,100,101840,100,99910,100,102041,100,99790,100,102070,100,99770,100
2019-06-28 09:51:40.000000000,101158,194,100237,194,101200,191,100117,197,101233,191,100078,491,101305,100,100051,100,101477,100,100036,300,101537,100,100024,100,101625,100,99935,100,101840,100,99910,100,102041,100,99790,100,102070,100,99770,100
2019-06-28 09:51:46.946484106,101158,194,100644,100,101200,191,100237,194,101233,191,100117,197,101305,100,100078,491,101477,100,100051,100,101537,100,100036,300,101625,100,100024,100,101840,100,99935,100,102041,100,99910,100,102070,100,99790,100
2019-06-28 09:51:50.000000000,101158,155,100644,155,101200,155,100237,155,101233,155,100117,161,101305,155,100078,455,101477,155,100051,155,101537,100,100036,300,101625,100,100024,100,101840,100,99935,100,102041,100,99910,100,102070,100,99790,100
2019-06-28 09:51:57.977270250,101158,155,100931,100,101200,155,100644,155,101233,155,100237,155,101305,155,100117,161,101477,155,100078,455,101625,100,100051,155,101840,100,100036,300,102041,100,100024,100,102070,100,99935,100,102075,100,99910,100
2019-06-28 09:52:00.000000000,101158,155,100931,155,101200,155,100644,155,101233,155,100237,155,101305,155,100117,161,101477,155,100078,455,101625,100,100051,100,101840,100,100036,300,102041,100,100024,100,102070,100,99935,100,102075,100,99910,100
2019-06-28 09:52:01.789641893,101158,155,100931,155,101200,155,100644,255,101233,155,100237,155,101305,155,100117,161,101477,155,100078,455,101625,100,100051,100,101840,100,100036,300,102041,100,99935,100,102070,100,99910,100,102075,100,99790,100
2019-06-28 09:52:10.000000000,101158,238,100931,238,101200,238,100644,338,101233,100,100237,100,101305,100,100117,106,101477,100,100078,400,101625,100,100051,100,101840,100,100036,300,102041,100,99935,100,102070,100,99910,100,102075,100,99790,100
2019-06-28 09:52:20.000000000,101158,377,100931,377,101200,100,100644,200,101233,100,100237,100,101305,100,100117,106,101477,100,100078,400,101625,100,100051,100,101840,100,100036,300,102041,100,99935,100,102070,100,99910,100,102075,100,99790,100
2019-06-28 09:52:29.062602884,101158,377,100931,377,101200,100,100755,100,101233,100,100644,200,101305,100,100237,100,101477,100,100117,106,101625,100,100078,400,101840,100,100051,100,102041,100,100036,300,102070,100,99935,100,102075,100,99910,100
2019-06-28 09:52:30.000000000,101158,194,100931,194,101200,191,100755,191,101233,191,100644,291,101305,100,100237,100,101477,100,100117,106,101625,100,100078,400,101840,100,100051,100,102041,100,100036,300,102070,100,99935,100,102075,100,99910,100
2019-06-28 09:52:40.000000000,101158,155,100931,155,101200,155,100755,155,101233,155,100644,255,101305,155,100237,155,101477,155,100117,161,101625,100,100078,400,101840,100,100051,100,102041,100,100036,300,102070,100,99935,100,102075,100,99910,100
2019-06-28 09:52:49.798135805,101158,155,100931,155,101200,155,100755,155,101233,155,100644,355,101305,155,100237,55,101477,155,100117,161,101625,100,100078,400,101840,100,100051,100,102041,100,100036,300,102070,100,99935,100,102075,100,99910,100
2019-06-28 09:52:50.000000000,101158,238,100931,238,101200,238,100755,238,101233,100,100644,300,101305,100,100117,106,101477,100,100078,400,101625,100,100051,100,101840,100,100036,300,102041,100,99935,100,102070,100,99910,100,102075,100,99790,100
2019-06-28 09:53:00.000000000,101158,169,100931,169,101200,169,100755,169,101233,169,100644,369,101305,169,100117,175,101477,100,100078,400,101625,100,100051,100,101840,100,100036,300,102041,100,99935,100,102070,100,99910,100,102075,100,99790,100
2019-06-28 09:53:10.000000000,101158,238,100931,238,101200,238,100755,238,101233,100,100644,300,101305,100,100117,106,101477,100,100078,400,101625,100,100051,100,101840,100,100036,300,102041,100,99935,100,102070,100,99910,100,102075,100,99790,100
2019-06-28 09:53:20.000000000,101158,377,100931,377,101200,100,100755,100,101233,100,100644,300,101305,100,100117,106,101477,100,100078,400,101625,100,100051,100,101840,100,100036,300,102041,100,99935,100,102070,100,99910,100,102075,100,99790,100
2019-06-28 09:53:30.000000000,101158,155,100931,155,101200,155,100755,155,101233,155,100644,355,101305,155,100117,161,101477,155,100078,455,101625,100,100051,100,101840,100,100036,300,102041,100,99935,100,102070,100,99910,100,102075,100,99790,100
2019-06-28 09:53:39.883408039,101158,155,100931,155,101200,155,100780,100,101233,155,100755,155,101305,155,100644,355,101477,155,100117,161,101625,100,100078,455,101840,100,100051,100,102070,100,100036,300,102075,100,99935,100,102116,100,99910,100
2019-06-28 09:53:40.000000000,101158,377,100931,377,101200,100,100780,100,101233,100,100755,100,101305,100,100644,300,101477,100,100117,106,101625,100,100078,400,101840,100,100051,100,102070,100,100036,300,102075,100,99935,100,102116,100,99910,100
2019-06-28 09:53:50.000000000,101158,155,100931,155,101200,155,100780,155,101233,155,100755,155,101305,155,100644,355,101477,155,100117,161,101625,100,100078,400,101840,100,100051,100,102070,100,100036,300,102075,100,99935,100,102116,100,99910,100
2019-06-28 09:53:59.520930183,101158,155,100931,55,101200,155,100780,155,101233,155,100755,155,101305,155,100644,255,101477,155,100117,161,101625,100,100078,400,101840,100,100051,100,102070,100,100036,300,102075,100,99935,100,102116,100,99910,100
2019-06-28 09:54:00.000000000,101158,238,100780,238,101200,238,100755,238,101233,100,100644,200,101305,100,100117,106,101477,100,100078,400,101625,100,100051,100,101840,100,100036,300,102070,100,99935,100,102075,100,99910,100,102116,100,99790,100
2019-06-28 09:54:03.752914617,101158,238,100854,100,101200,238,100780,238,101233,100,100755,238,101305,100,100644,200,101477,100,100117,106,101625,100,100078,400,101840,100,100051,100,102070,100,100036,300,102075,100,99935,100,102116,100,99910,100
2019-06-28 09:54:09.804266874,101158,238,100854,100,101200,238,100780,238,101233,100,100755,238,101305,100,100644,200,101477,100,100532,100,101625,100,100117,106,101840,100,100078,400,102070,100,100051,100,102075,100,100036,300,102116,100,99935,100
2019-06-28 09:54:10.000000000,101158,155,100854,155,101200,155,100780,155,101233,155,100755,155,101305,155,100644,255,101477,155,100532,155,101625,100,100117,106,101840,100,100078,400,102070,100,100051,100,102075,100,100036,300,102116,100,99935,100
2019-06-28 09:54:12.245958118,101158,155,100854,55,101200,155,100780,155,101233,155,100755,155,101305,155,100644,255,101477,155,100532,155,101625,100,100117,106,101840,100,100078,400,102070,100,100051,100,102116,100,100036,300,102162,100,99935,100
2019-06-28 09:54:20.000000000,101158,238,100780,238,101200,238,100755,238,101233,100,100644,200,101305,100,100532,100,101477,100,100117,106,101625,100,100078,400,101840,100,100051,100,102070,100,100036,300,102116,100,99935,100,102162,100,99910,100
2019-06-28 09:54:30.000000000,101158,238,100780,238,101200,238,100755,238,101233,100,100644,200,101305,100,100532,100,101477,100,100117,106,101625,100,100078,400,101840,100,100051,100,102070,100,100036,300,102116,100,99935,100,102162,100,99910,100
2019-06-28 09:54:33.429486811,101158,238,100780,138,101200,238,100755,238,101233,100,100644,200,101305,100,100532,100,101477,100,100460,100,101625,100,100117,106,101840,100,100078,400,102070,100,100051,100,102116,100,100036,300,102162,100,99935,100
2019-06-28 09:54:40.000000000,101158,377,100755,377,101200,100,100644,200,101233,100,100532,100,101305,100,100460,100,101477,100,100117,106,101625,100,100078,400,101840,100,100051,100,102070,100,100036,300,102116,100,99935,100,102162,100,99910,100
2019-06-28 09:54:41.017465840,101158,377,100755,377,101200,100,100644,200,101233,100,100532,100,101305,100,100460,100,101477,100,100117,106,101625,100,100078,400,101840,100,100051,100,102070,100,100040,100,102162,100,100036,300,,,99935,100
2019-06-28 09:54:50.000000000,101158,377,100755,377,101200,100,100644,200,101233,100,100532,100,101305,100,100460,100,101477,100,100117,106,101625,100,100078,400,101840,100,100051,100,102070,100,100040,100,102162,100,100036,300,,,99935,100
2019-06-28 09:55:00.000000000,101158,194,100755,194,101200,191,100644,291,101233,191,100532,191,101305,100,100460,100,101477,100,100117,106,101625,100,100078,400,101840,100,100051,100,102070,100,100040,100,102162,100,100036,300,,,99935,100
2019-06-28 09:55:01.633520584,100931,100,100755,194,101158,194,100644,191,101200,191,100532,191,101233,191,100460,100,101305,100,100117,106,101477,100,100078,400,101625,100,100051,100,101840,100,100040,100,102070,100,100036,300,102162,100,99935,100
2019-06-28 09:55:10.000000000,100931,155,100755,155,101158,155,100644,155,101200,155,100532,155,101233,155,100460,155,101305,155,100117,161,101477,100,100078,400,101625,100,100051,100,101840,100,100040,100,102070,100,100036,300,102162,100,99935,100
2019-06-28 09:55:20.000000000,100931,155,100755,155,101158,155,100644,155,101200,155,100532,155,101233,155,100460,155,101305,155,100117,161,101477,100,100078,400,101625,100,100051,100,101840,100,100040,100,102070,100,100036,300,102162,100,99935,100
2019-06-28 09:55:30.000000000,100931,238,100755,238,101158,238,100644,238,101200,100,100532,100,101233,100,100460,100,101305,100,100117,106,101477,100,100078,400,101625,100,100051,100,101840,100,100040,100,102070,100,100036,300,102162,100,99935,100
2019-06-28 09:55:37.331853499,100931,338,100755,238,101158,238,100644,238,101200,100,100532,100,101233,100,100460,100,101305,100,100117,6,101477,100,100078,400,101625,100,100051,100,101840,100,100040,100,102070,100,100036,300,102162,100,99935,100
2019-06-28 09:55:40.000000000,100931,255,100755,155,101158,155,100644,155,101200,155,100532,155,101233,155,100460,155,101305,155,100117,61,101477,100,100078,400,101625,100,100051,100,101840,100,100040,100,102070,100,100036,300,102162,100,99935,100
2019-06-28 09:55:42.183525097,100931,255,100755,155,101158,155,100644,155,101200,155,100532,155,101233,155,100480,100,101305,155,100460,155,101477,100,100117,61,101625,100,100078,400,101840,100,100051,100,102070,100,100040,100,102162,100,100036,300
2019-06-28 09:55:50.000000000,100931,255,100755,155,101158,155,100644,155,101200,155,100532,155,101233,155,100480,155,101305,155,100460,155,101477,100,100117,6,101625,100,100078,400,101840,100,100051,100,102070,100,100040,100,102162,100,100036,300
2019-06-28 09:55:53.908657695,100931,355,100755,155,101158,155,100644,155,101200,155,100532,155,101233,155,100480,155,101305,155,100460,155,101477,100,100117,6,101625,100,100078,400,101840,100,100051,100,102070,100,100040,100,102162,100,100036,300
2019-06-28 09:56:00.000000000,100931,394,100755,194,101158,191,100644,191,101200,191,100532,191,101233,100,100480,100,101305,100,100460,100,101477,100,100117,6,101625,100,100078,400,101840,100,100051,100,102070,100,100040,100,102162,100,100036,300
2019-06-28 09:56:10.000000000,100931,394,100755,194,101158,191,100644,191,101200,191,100532,191,101233,100,100480,100,101305,100,100460,100,101477,100,100117,6,101625,100,100078,400,101840,100,100051,100,102070,100,100040,100,102162,100,100036,300
2019-06-28 09:56:20.000000000,100931,355,100755,155,101158,155,100644,155,101200,155,100532,155,101233,155,100480,155,101305,155,100460,155,101477,100,100117,6,101625,100,100078,400,101840,100,100051,100,102070,100,100040,100,102162,100,100036,300
2019-06-28 09:56:30.000000000,100931,438,100755,238,101158,238,100644,238,101200,100,100532,100,101233,100,100480,100,101305,100,100460,100,101477,100,100117,6,101625,100,100078,400,101840,100,100051,100,102070,100,100040,100,102162,100,100036,300
2019-06-28 09:56:30.345816278,100931,438,100755,238,101158,238,100644,238,101200,100,100532,100,101233,100,100480,100,101305,100,100460,100,101477,100,100117,6,101625,100,100078,400,101840,100,100051,100,102070,100,100040,100,102162,100,100036,300
2019-06-28 09:56:40.000000000,100931,438,100755,238,101158,238,100644,238,101200,100,100532,100,101233,100,100480,100,101305,100,100460,100,101477,100,100117,6,101625,100,100078,400,101840,100,100051,100,102070,100,100040,100,102162,100,100036,300
2019-06-28 09:56:43.909494451,100931,438,100755,238,101158,238,100644,238,101200,100,100532,100,101233,100,100480,100,101305,100,100460,100,101477,100,100117,6,101625,100,100078,400,101840,100,100051,100,102070,100,100040,100,102162,100,100036,200
2019-06-28 09:56:50.000000000,100931,355,100755,155,101158,155,100644,155,101200,155,100532,155,101233,155,100480,155,101305,155,100460,155,101477,100,100117,6,101625,100,100078,400,101840,100,100051,100,102070,100,100040,100,102162,100,100036,200
2019-06-28 09:56:59.359828404,100931,355,100755,155,101158,155,100644,155,101200,155,100532,155,101233,155,100480,155,101305,155,100460,155,101477,100,100204,100,101625,100,100117,6,101840,100,100078,400,102070,100,100051,100,102162,100,100040,100
2019-06-28 09:57:00.000000000,100931,438,100755,238,101158,238,100644,238,101200,100,100532,100,101233,100,100480,100,101305,100,100460,100,101477,100,100204,100,101625,100,100117,6,101840,100,100078,400,102070,100,100051,100,102162,100,100040,100
2019-06-28 09:57:03.160817340,100931,438,100755,138,101158,238,100644,238,101200,100,100532,100,101233,100,100480,100,101305,100,100460,100,101477,100,100204,100,101625,100,100117,6,101840,100,100078,400,102070,100,100051,100,102162,100,100040,100
2019-06-28 09:57:10.000000000,100931,394,100644,194,101158,191,100532,191,101200,191,100480,191,101233,100,100460,100,101305,100,100204,100,101477,100,100117,6,101625,100,100078,400,101840,100,100051,100,102070,100,100040,100,102162,100,100036,200
2019-06-28 09:57:20.000000000,100931,394,100644,194,101158,191,100532,191,101200,191,100480,191,101233,100,100460,100,101305,100,100204,100,101477,100,100117,6,101625,100,100078,400,101840,100,100051,100,102070,100,100040,100,102162,100,100036,200
2019-06-28 09:57:22.811741616,100931,394,100644,194,101158,191,100532,191,101200,191,100480,191,101233,100,100460,100,101305,100,100204,100,101477,100,100117,6,101840,100,100078,400,102070,100,100051,100,102162,100,100040,100,,,100036,200
2019-06-28 09:57:28.060296935,100931,394,100644,194,101158,191,100532,191,101200,191,100480,191,101233,100,100460,100,101305,100,100204,100,101477,100,100117,6,101840,100,100078,400,102070,100,100051,100,102162,100,100040,100,,,100036,200
2019-06-28 09:57:30.000000000,100931,438,100644,238,101158,238,100532,238,101200,100,100480,100,101233,100,100460,100,101305,100,100204,100,101477,100,100117,6,101840,100,100078,400,102070,100,100051,100,102162,100,100040,100,,,100036,200
2019-06-28 09:57:40.000000000,100931,369,100644,169,101158,169,100532,169,101200,169,100480,169,101233,169,100460,169,101305,100,100204,100,101477,100,100117,6,101840,100,100078,400,102070,100,100051,100,102162,100,100040,100,,,100036,200
2019-06-28 09:57:41.669697268,100931,369,100644,169,101158,169,100532,169,101200,169,100480,169,101233,169,100460,169,101305,100,100204,100,101477,100,100117,6,101840,100,100078,400,102070,100,100051,100,102162,100,100040,100,,,100036,200
2019-06-28 09:57:48.837254517,100931,369,100644,69,101158,169,100532,169,101200,169,100480,169,101233,169,100460,169,101305,100,100204,100,101477,100,100117,6,101840,100,100078,400,102070,100,100051,100,102162,100,100040,100,,,100036,200
2019-06-28 09:57:50.000000000,100931,438,100532,238,101158,238,100480,238,101200,100,100460,100,101233,100,100204,100,101305,100,100117,6,101477,100,100078,400,101840,100,100051,100,102070,100,100040,100,102162,100,100036,200,,,99982,100
2019-06-28 09:57:53.705782926,100931,438,100532,238,101158,238,100480,238,101200,100,100460,100,101233,100,100204,100,101305,100,100117,6,101477,100,100105,100,101840,100,100078,400,102070,100,100051,100,102162,100,100040,100,,,100036,200
2019-06-28 09:57:59.528660137,100780,100,100532,238,100931,438,100480,238,101158,238,100460,100,101200,100,100204,100,101233,100,100117,6,101305,100,100105,100,101477,100,100078,400,101840,100,100051,100,102070,100,100040,100,102162,100,100036,100
2019-06-28 09:58:00.000000000,100780,194,100532,194,100931,391,100480,191,101158,191,100460,191,101200,100,100204,100,101233,100,100117,6,101305,100,100105,100,101477,100,100078,400,101840,100,100051,100,102070,100,100040,100,102162,100,100036,100
2019-06-28 09:58:10.000000000,100780,155,100532,155,100931,355,100480,155,101158,155,100460,155,101200,155,100204,155,101233,155,100117,61,101305,100,100105,100,101477,100,100078,400,101840,100,100051,100,102070,100,100040,100,102162,100,100036,100
2019-06-28 09:58:11.067704851,100780,155,100532,155,100931,355,100480,155,101158,155,100460,155,101200,155,100400,100,101233,155,100204,155,101305,100,100117,61,101477,100,100105,100,101840,100,100078,400,102070,100,100051,100,102162,100,100040,100
2019-06-28 09:58:18.416320685,100780,155,100532,155,100931,355,100480,155,101158,155,100460,155,101200,155,100400,100,101233,155,100213,100,101305,100,100204,55,101477,100,100117,61,101840,100,100105,100,102070,100,100078,400,102162,100,100051,100
2019-06-28 09:58:20.000000000,100780,169,100532,169,100931,369,100480,169,101158,169,100460,169,101200,169,100400,169,101233,100,100213,100,101305,100,100117,6,101477,100,100105,100,101840,100,100078,400,102070,100,100051,100,102162,100,100040,100
2019-06-28 09:58:20.748537120,100780,169,100532,69,100931,369,100480,169,101158,169,100460,169,101200,169,100400,169,101233,100,100213,100,101305,100,100117,6,101477,100,100105,100,101840,100,100078,400,102070,100,100051,100,102162,100,100040,100
2019-06-28 09:58:30.000000000,100780,169,100480,169,100931,369,100460,169,101158,169,100400,169,101200,169,100213,169,101233,100,100117,6,101305,100,100105,100,101477,100,100078,400,101840,100,100051,100,102070,100,100040,100,102162,100,100036,100
2019-06-28 09:58:30.097864663,100780,169,100480,69,100931,369,100460,169,101158,69,100400,169,101200,169,100213,169,101233,100,100117,6,101305,100,100105,100,101477,100,100078,400,101840,100,100051,100,102070,100,100040,100,102162,100,100036,100
2019-06-28 09:58:37.154491155,100529,100,100480,69,100780,169,100460,169,100931,369,100400,169,101158,69,100213,169,101200,169,100117,6,101233,100,100105,100,101305,100,100078,400,101477,100,100051,100,101840,100,100040,100,102070,100,100036,100
2019-06-28 09:58:40.000000000,100529,155,100460,155,100780,155,100400,155,100931,355,100213,155,101200,155,100117,61,101233,155,100105,155,101305,100,100078,400,101477,100,100051,100,101840,100,100040,100,102070,100,100036,100,102162,100,99982,100
2019-06-28 09:58:50.000000000,100529,238,100460,238,100780,238,100400,238,100931,300,100213,100,101200,100,100117,6,101233,100,100105,100,101305,100,100078,400,101477,100,100051,100,101840,100,100040,100,102070,100,100036,100,102162,100,99982,100
2019-06-28 09:59:00.000000000,100529,377,100460,377,100780,100,100400,100,100931,300,100213,100,101200,100,100117,6,101233,100,100105,100,101305,100,100078,400,101477,100,100051,100,101840,100,100040,100,102070,100,100036,100,102162,100,99982,100
2019-06-28 09:59:08.146498842,100529,377,100510,100,100780,100,100460,377,100931,300,100400,100,101200,100,100213,100,101233,100,100117,6,101305,100,100105,100,101477,100,100078,400,101840,100,100051,100,102070,100,100040,100,102162,100,100036,100
2019-06-28 09:59:08.187087445,100529,377,100510,100,100597,100,100460,377,100780,100,100400,100,100931,300,100213,100,101200,100,100117,6,101233,100,100105,100,101305,100,100078,400,101477,100,100051,100,101840,100,100040,100,102070,100,100036,100
2019-06-28 09:59:10.000000000,100529,155,100510,155,100597,155,100460,155,100780,155,100400,155,100931,355,100213,155,101200,155,100117,61,101233,100,100105,100,101305,100,100078,400,101477,100,100051,100,101840,100,100040,100,102070,100,100036,100
2019-06-28 09:59:18.475927005,100529,155,100510,155,100597,155,100460,155,100676,100,100400,155,100780,155,100213,155,100931,355,100117,61,101200,155,100105,100,101233,100,100078,400,101305,100,100051,100,101477,100,100040,100,101840,100,100036,100
2019-06-28 09:59:20.000000000,100529,377,100510,377,100597,100,100460,100,100676,100,100400,100,100780,100,100213,100,100931,300,100117,6,101200,100,100105,100,101233,100,100078,400,101305,100,100051,100,101477,100,100040,100,101840,100,100036,100
2019-06-28 09:59:30.000000000,100529,377,100510,377,100597,100,100460,100,100676,100,100400,100,100780,100,100213,100,100931,300,100117,6,101200,100,100105,100,101233,100,100078,400,101305,100,100051,100,101477,100,100040,100,101840,100,100036,100
2019-06-28 09:59:40.000000000,100529,238,100510,238,100597,238,100460,238,100676,100,100400,100,100780,100,100213,100,100931,300,100117,6,101200,100,100105,100,101233,100,100078,400,101305,100,100051,100,101477,100,100040,100,101840,100,100036,100
2019-06-28 09:59:50.000000000,100529,169,100510,169,100597,169,100460,169,100676,169,100400,169,100780,169,100213,169,100931,300,100117,6,101200,100,100105,100,101233,100,100078,400,101305,100,100051,100,101477,100,100040,100,101840,100,100036,100
2019-06-28 10:00:00.000000000,100529,194,100510,194,100597,191,100460,191,100676,191,100400,191,100780,100,100213,100,100931,300,100117,6,101200,100,100105,100,101233,100,100078,400,101305,100,100051,100,101477,100,100040,100,101840,100,100036,100
2019-06-28 10:00:10.000000000,100529,155,100510,155,100597,155,100460,155,100676,155,100400,155,100780,155,100213,155,100931,355,100117,61,101200,100,100105,100,101233,100,100078,400,101305,100,100051,100,101477,100,100040,100,101840,100,100036,100
2019-06-28 10:00:20.000000000,100529,377,100510,377,100597,100,100460,100,100676,100,100400,100,100780,100,100213,100,100931,300,100117,6,101200,100,100105,100,101233,100,100078,400,101305,100,100051,100,101477,100,100040,100,101840,100,100036,100
2019-06-28 10:00:30.000000000,100529,155,100510,155,100597,155,100460,155,100676,155,100400,155,100780,155,100213,155,100931,355,100117,61,101200,100,100105,100,101233,100,100078,400,101305,100,100051,100,101477,100,100040,100,101840,100,100036,100
2019-06-28 10:00:40.000000000,100529,238,100510,238,100597,238,100460,238,100676,100,100400,100,100780,100,100213,100,100931,300,100117,6,101200,100,100105,100,101233,100,100078,400,101305,100,100051,100,101477,100,100040,100,101840,100,100036,100
2019-06-28 10:00:50.000000000,100529,194,100510,194,100597,191,100460,191,100676,191,100400,191,100780,100,100213,100,100931,300,100117,6,101200,100,100105,100,101233,100,100078,400,101305,100,100051,100,101477,100,100040,100,101840,100,100036,100
2019-06-28 10:00:53.671174208,100529,194,100510,194,100597,191,100460,191,100676,191,100400,191,100780,100,100213,100,100931,300,100169,100,101200,100,100117,6,101233,100,100105,100,101305,100,100078,400,101477,100,100051,100,101840,100,100040,100
2019-06-28 10:01:00.000000000,100529,377,100510,377,100597,100,100460,100,100676,100,100400,100,100780,100,100213,100,100931,300,100169,100,101200,100,100117,6,101233,100,100105,100,101305,100,100078,400,101477,100,100051,100,101840,100,100040,100
2019-06-28 10:01:10.000000000,100529,377,100510,377,100597,100,100460,100,100676,100,100400,100,100780,100,100213,100,100931,300,100169,100,101200,100,100117,6,101233,100,100105,100,101305,100,100078,400,101477,100,100051,100,101840,100,100040,100
2019-06-28 10:01:20.000000000,100529,194,100510,194,100597,191,100460,191,100676,191,100400,191,100780,100,100213,100,100931,300,100169,100,101200,100,100117,6,101233,100,100105,100,101305,100,100078,400,101477,100,100051,100,101840,100,100040,100
2019-06-28 10:01:26.397508799,100529,194,100510,194,100597,191,100460,191,100676,191,100420,100,100780,100,100400,191,100931,300,100213,100,101200,100,100169,100,101233,100,100117,6,101305,100,100105,100,101477,100,100078,400,101840,100,100051,100
2019-06-28 10:01:30.000000000,100529,155,100510,155,100597,155,100460,155,100676,155,100420,155,100780,155,100400,155,100931,355,100213,155,101200,100,100169,100,101233,100,100117,6,101305,100,100105,100,101477,100,100078,400,101840,100,100051,100
2019-06-28 10:01:40.000000000,100529,155,100510,155,100597,155,100460,155,100676,155,100420,155,100780,155,100400,155,100931,355,100213,155,101200,100,100169,100,101233,100,100117,6,101305,100,100105,100,101477,100,100078,400,101840,100,100051,100
2019-06-28 10:01:41.664445817,100529,55,100510,155,100579,100,100460,155,100597,155,100420,155,100676,155,100400,155,100780,155,100213,155,100931,355,100169,100,101200,100,100117,6,101233,100,100105,100,101305,100,100078,400,101477,100,100051,100
2019-06-28 10:01:45.813393177,100529,55,100510,155,100579,100,100460,155,100597,155,100420,155,100676,155,100400,155,100780,155,100302,100,100931,355,100213,155,101200,100,100169,100,101233,100,100117,6,101305,100,100105,100,101477,100,100078,400
2019-06-28 10:01:50.000000000,100579,238,100510,238,100597,238,100460,238,100676,100,100420,100,100780,100,100400,100,100931,300,100302,100,101200,100,100213,100,101233,100,100169,100,101305,100,100117,6,101477,100,100105,100,101840,100,100078,400
2019-06-28 10:02:00.000000000,100579,155,100510,155,100597,155,100460,155,100676,155,100420,155,100780,155,100400,155,100931,355,100302,155,101200,100,100213,100,101233,100,100169,100,101305,100,100117,6,101477,100,100105,100,101840,100,100078,400
2019-06-28 10:02:01.188713220,100579,155,100510,155,100597,155,100460,155,100676,155,100420,155,100780,155,100412,100,100931,355,100400,155,101200,100,100302,155,101233,100,100213,100,101305,100,100169,100,101477,100,100117,6,101840,100,100105,100
2019-06-28 10:02:04.838349245,100579,155,100510,155,100597,155,100460,155,100676,155,100420,155,100780,155,100412,100,100931,355,100400,155,101200,100,100344,100,101233,100,100302,155,101305,100,100213,100,101477,100,100169,100,101840,100,100117,6
2019-06-28 10:02:10.000000000,100579,169,100510,169,100597,169,100460,169,100676,169,100420,169,100780,169,100412,169,100931,300,100400,100,101200,100,100344,100,101233,100,100302,100,101305,100,100213,100,101477,100,100169,100,101840,100,100117,6
2019-06-28 10:02:20.000000000,100579,155,100510,155,100597,155,100460,155,100676,155,100420,155,100780,155,100412,155,100931,355,100400,155,101200,100,100344,100,101233,100,100302,100,101305,100,100213,100,101477,100,100169,100,101840,100,100117,6
2019-06-28 10:02:27.110633695,100579,155,100510,155,100597,155,100460,155,100676,155,100424,100,100780,155,100420,155,100931,355,100412,155,101200,100,100400,155,101233,100,100344,100,101305,100,100302,100,101477,100,100213,100,101840,100,100169,100
2019-06-28 10:02:28.525223520,100579,155,100533,100,100597,155,100510,155,100676,155,100460,155,100780,55,100424,100,100931,355,100420,155,101200,100,100412,155,101233,100,100400,155,101305,100,100344,100,101477,100,100302,100,101840,100,100213,100
2019-06-28 10:02:30.000000000,100579,169,100533,169,100597,169,100510,169,100676,169,100460,169,100931,369,100424,169,101200,100,100420,100,101233,100,100412,100,101305,100,100400,100,101477,100,100344,100,101840,100,100302,100,102070,100,100213,100
2019-06-28 10:02:33.135117787,100579,169,100533,169,100597,169,100510,169,100676,169,100460,169,100829,100,100424,169,100931,369,100420,100,101200,100,100412,100,101233,100,100400,100,101305,100,100344,100,101477,100,100302,100,101840,100,100213,100
2019-06-28 10:02:38.165205382,100579,169,100533,69,100597,169,100510,169,100676,169,100460,169,100829,100,100424,169,100931,369,100420,100,101200,100,100400,100,101233,100,100344,100,101305,100,100302,100,101477,100,100213,100,101840,100,100169,100
2019-06-28 10:02:40.000000000,100579,155,100510,155,100597,155,100460,155,100676,155,100424,155,100829,155,100420,155,100931,355,100400,155,101200,100,100344,100,101233,100,100302,100,101305,100,100213,100,101477,100,100169,100,101840,100,100117,6
2019-06-28 10:02:40.140274707,100579,155,100567,100,100597,155,100510,155,100676,155,100460,155,100829,155,100424,155,100931,355,100420,155,101200,100,100400,155,101233,100,100344,100,101305,100,100302,100,101477,100,100169,100,101840,100,100117,6
2019-06-28 10:02:44.569060106,100579,155,100567,100,100597,155,100544,100,100676,155,100510,155,100829,155,100460,155,100931,355,100424,155,101200,100,100420,155,101233,100,100400,155,101305,100,100344,100,101477,100,100302,100,101840,100,100169,100
2019-06-28 10:02:47.290533709,100579,155,100567,100,100597,155,100544,100,100676,155,100510,155,100829,155,100460,155,100931,355,100424,155,101200,100,100420,155,101233,100,100400,155,101305,100,100344,100,101477,100,100302,100,101840,100,100169,100
2019-06-28 10:02:50.000000000,100579,377,100567,377,100597,100,100544,100,100676,100,100510,100,100829,100,100460,100,100931,300,100424,100,101200,100,100420,100,101233,100,100400,100,101305,100,100344,100,101477,100,100302,100,101840,100,100169,100
2019-06-28 10:02:50.031449430,100579,277,100567,377,100597,100,100544,100,100676,100,100510,100,100829,100,100460,100,100931,300,100424,100,101200,100,100420,100,101233,100,100400,100,101305,100,100344,100,101477,100,100302,100,101840,100,100169,100
2019-06-28 10:02:59.695577381,100578,100,100567,377,100579,277,100544,100,100597,100,100510,100,100676,100,100460,100,100829,100,100424,100,100931,300,100420,100,101200,100,100400,100,101233,100,100344,100,101305,100,100302,100,101477,100,100169,100
2019-06-28 10:03:00.000000000,100578,155,100567,155,100597,155,100544,155,100676,155,100510,155,100829,155,100460,155,100931,355,100424,155,101200,100,100420,100,101233,100,100400,100,101305,100,100344,100,101477,100,100302,100,101840,100,100169,100
2019-06-28 10:03:10.000000000,100578,377,100567,377,100597,100,100544,100,100676,100,100510,100,100829,100,100460,100,100931,300,100424,100,101200,100,100420,100,101233,100,100400,100,101305,100,100344,100,101477,100,100302,100,101840,100,100169,100
2019-06-28 10:03:20.000000000,100578,377,100567,377,100597,100,100544,100,100676,100,100510,100,100829,100,100460,100,100931,300,100424,100,101200,100,100420,100,101233,100,100400,100,101305,100,100344,100,101477,100,100302,100,101840,100,100169,100
2019-06-28 10:03:20.073644303,100578,377,100567,277,100597,100,100544,100,100676,100,100510,100,100829,100,100506,100,100931,300,100460,100,101200,100,100424,100,101233,100,100420,100,101305,100,100400,100,101477,100,100344,100,101840,100,100302,100
2019-06-28 10:03:30.000000000,100578,377,100544,377,100597,100,100510,100,100676,100,100506,100,100829,100,100460,100,100931,300,100424,100,101200,100,100420,100,101233,100,100400,100,101305,100,100344,100,101477,100,100302,100,101840,100,100169,100
2019-06-28 10:03:40.000000000,100578,194,100544,194,100597,191,100510,191,100676,191,100506,191,100829,100,100460,100,100931,300,100424,100,101200,100,100420,100,101233,100,100400,100,101305,100,100344,100,101477,100,100302,100,101840,100,100169,100
2019-06-28 10:03:50.000000000,100578,194,100544,194,100597,191,100510,191,100676,191,100506,191,100829,100,100460,100,100931,300,100424,100,101200,100,100420,100,101233,100,100400,100,101305,100,100344,100,101477,100,100302,100,101840,100,100169,100
2019-06-28 10:04:00.000000000,100578,377,100544,377,100597,100,100510,100,100676,100,100506,100,100829,100,100460,100,100931,300,100424,100,101200,100,100420,100,101233,100,100400,100,101305,100,100344,100,101477,100,100302,100,101840,100,100169,100
2019-06-28 10:04:08.845808769,100578,377,100544,377,100597,100,100510,100,100676,100,100506,100,100829,100,100460,100,100931,300,100424,100,101152,100,100420,100,101200,100,100400,100,101233,100,100344,100,101305,100,100302,100,101477,100,100169,100
2019-06-28 10:04:10.000000000,100578,238,100544,238,100597,238,100510,238,100676,100,100506,100,100829,100,100460,100,100931,300,100424,100,101152,100,100420,100,101200,100,100400,100,101233,100,100344,100,101305,100,100302,100,101477,100,100169,100
2019-06-28 10:04:12.317550503,100578,238,100544,238,100597,238,100510,238,100676,100,100506,100,100829,100,100460,100,100931,200,100424,100,101152,100,100420,100,101200,100,100400,100,101233,100,100344,100,101305,100,100302,100,101477,100,100169,100
2019-06-28 10:04:20.000000000,100578,155,100544,155,100597,155,100510,155,100676,155,100506,155,100829,155,100460,155,100931,255,100424,155,101152,100,100420,100,101200,100,100400,100,101233,100,100344,100,101305,100,100302,100,101477,100,100169,100
2019-06-28 10:04:21.140679413,100578,55,100544,155,100597,155,100510,155,100676,155,100506,155,100829,155,100460,155,100931,255,100424,155,101152,100,100420,100,101200,100,100400,100,101305,100,100344,100,101477,100,100302,100,101840,100,100169,100
2019-06-28 10:04:26.754606430,100578,55,100544,155,100597,155,100510,155,100676,155,100506,155,100829,155,100460,155,100931,255,100424,55,101089,100,100420,100,101152,100,100400,100,101200,100,100344,100,101305,100,100302,100,101477,100,100169,100
2019-06-28 10:04:30.000000000,100597,155,100544,155,100676,155,100510,155,100829,155,100506,155,100931,255,100460,155,101089,155,100420,155,101152,100,100400,100,101200,100,100344,100,101305,100,100302,100,101477,100,100169,100,101840,100,100117,6
2019-06-28 10:04:37.206243710,100597,55,100544,155,100676,155,100510,55,100829,155,100506,155,100931,255,100460,155,101089,155,100420,155,101152,100,100400,100,101200,100,100344,100,101305,100,100302,100,101477,100,100169,100,101840,100,100117,6
2019-06-28 10:04:40.000000000,100676,238,100544,238,100829,238,100506,238,100931,200,100460,100,101089,100,100420,100,101152,100,100400,100,101200,100,100344,100,101305,100,100302,100,101477,100,100169,100,101840,100,100117,6,102070,100,100105,100
2019-06-28 10:04:46.799270274,100676,238,100578,100,100829,238,100544,238,100931,200,100506,238,101089,100,100460,100,101152,100,100420,100,101200,100,100400,100,101305,100,100344,100,101477,100,100302,100,101840,100,100169,100,102070,100,100117,6
2019-06-28 10:04:50.000000000,100676,238,100578,238,100829,238,100544,238,100931,200,100506,100,101089,100,100460,100,101152,100,100420,100,101200,100,100400,100,101305,100,100344,100,101477,100,100302,100,101840,100,100169,100,102070,100,100117,6
2019-06-28 10:05:00.000000000,100676,238,100578,238,100829,238,100544,238,100931,200,100506,100,101089,100,100460,100,101152,100,100420,100,101200,100,100400,100,101305,100,100344,100,101477,100,100302,100,101840,100,100169,100,102070,100,100117,6
2019-06-28 10:05:10.000000000,100676,155,100578,155,100829,155,100544,155,100931,255,100506,155,101089,155,100460,155,101152,155,100420,155,101200,100,100400,100,101305,100,100344,100,101477,100,100302,100,101840,100,100169,100,102070,100,100117,6
2019-06-28 10:05:18.904582150,100676,155,100578,255,100829,155,100544,155,100931,255,100506,155,101089,155,100460,155,101152,155,100420,155,101200,100,100400,100,101305,100,100344,100,101477,100,100302,100,101840,100,100169,100,102070,100,100117,6
2019-06-28 10:05:20.000000000,100676,377,100578,477,100829,100,100544,100,100931,200,100506,100,101089,100,100460,100,101152,100,100420,100,101200,100,100400,100,101305,100,100344,100,101477,100,100302,100,101840,100,100169,100,102070,100,100117,6
2019-06-28 10:05:30.000000000,100676,169,100578,269,100829,169,100544,169,100931,269,100506,169,101089,169,100460,169,101152,100,100420,100,101200,100,100400,100,101305,100,100344,100,101477,100,100302,100,101840,100,100169,100,102070,100,100117,6
2019-06-28 10:05:38.662082884,100676,69,100578,269,100829,169,100544,169,100931,269,100506,169,101089,169,100460,169,101152,100,100420,100,101200,100,100400,100,101305,100,100344,100,101477,100,100302,100,101840,100,100169,100,102070,100,100117,6
2019-06-28 10:05:40.000000000,100829,377,100578,477,100931,200,100544,100,101089,100,100506,100,101152,100,100460,100,101200,100,100420,100,101305,100,100400,100,101477,100,100344,100,101840,100,100302,100,102070,100,100169,100,102162,100,100117,6
2019-06-28 10:05:50.000000000,100829,238,100578,338,100931,338,100544,238,101089,100,100506,100,101152,100,100460,100,101200,100,100420,100,101305,100,100400,100,101477,100,100344,100,101840,100,100302,100,102070,100,100169,100,102162,100,100117,6
2019-06-28 10:05:56.382622319,100829,238,100578,338,100931,338,100544,238,101089,100,100506,100,101152,100,100460,100,101200,100,100420,100,101305,100,100400,100,101477,100,100344,100,101840,100,100302,100,102070,100,100169,100,102162,100,100117,6
2019-06-28 10:06:00.000000000,100829,194,100578,294,100931,291,100544,191,101089,191,100506,191,101152,100,100460,100,101200,100,100420,100,101305,100,100400,100,101477,100,100344,100,101840,100,100302,100,102070,100,100169,100,102162,100,100117,6
2019-06-28 10:06:08.685804060,100829,194,100597,100,100931,291,100578,294,101089,191,100544,191,101152,100,100506,191,101200,100,100460,100,101305,100,100420,100,101477,100,100400,100,101840,100,100344,100,102070,100,100302,100,102162,100,100169,100
2019-06-28 10:06:10.000000000,100829,155,100597,155,100931,255,100578,255,101089,155,100544,155,101152,155,100506,155,101200,155,100460,155,101305,100,100420,100,101477,100,100400,100,101840,100,100344,100,102070,100,100302,100,102162,100,100169,100
2019-06-28 10:06:20.000000000,100829,169,100597,169,100931,269,100578,269,101089,169,100544,169,101152,169,100506,169,101200,100,100460,100,101305,100,100420,100,101477,100,100400,100,101840,100,100344,100,102070,100,100302,100,102162,100,100169,100
2019-06-28 10:06:30.000000000,100829,155,100597,155,100931,255,100578,255,101089,155,100544,155,101152,155,100506,155,101200,155,100460,155,101305,100,100420,100,101477,100,100400,100,101840,100,100344,100,102070,100,100302,100,102162,100,100169,100
2019-06-28 10:06:32.562254103,100829,55,100597,155,100931,255,100578,255,101089,155,100544,155,101152,155,100506,155,101200,155,100460,155,101305,100,100420,100,101477,100,100400,100,101840,100,100344,100,102070,100,100302,100,102162,100,100169,100
2019-06-28 10:06:40.000000000,100931,255,100597,155,101089,155,100578,255,101152,155,100544,155,101200,155,100506,155,101305,155,100460,155,101477,100,100420,100,101840,100,100400,100,102070,100,100344,100,102162,100,100302,100,,,100169,100
2019-06-28 10:06:50.000000000,100931,255,100597,155,101089,155,100578,255,101152,155,100544,155,101200,155,100506,155,101305,155,100460,155,101477,100,100420,100,101840,100,100400,100,102070,100,100344,100,102162,100,100302,100,,,100169,100
2019-06-28 10:06:55.848654848,100931,255,100597,155,101089,155,100578,255,101152,155,100544,55,101200,155,100506,155,101305,155,100460,155,101477,100,100420,100,101840,200,100400,100,102070,100,100344,100,102162,100,100302,100,,,100169,100
2019-06-28 10:06:58.451226158,100931,255,100597,155,101089,155,100578,255,101152,155,100544,55,101200,155,100506,155,101305,155,100460,155,101477,100,100420,100,101840,200,100400,100,101918,100,100344,100,102070,100,100302,100,102162,100,100169,100
2019-06-28 10:07:00.000000000,100931,338,100597,238,101089,238,100578,338,101152,100,100506,100,101200,100,100460,100,101305,100,100420,100,101477,100,100400,100,101840,200,100344,100,101918,100,100302,100,102070,100,100169,100,102162,100,100117,6
2019-06-28 10:07:10.000000000,100931,294,100597,194,101089,191,100578,291,101152,191,100506,191,101200,100,100460,100,101305,100,100420,100,101477,100,100400,100,101840,200,100344,100,101918,100,100302,100,102070,100,100169,100,102162,100,100117,6
2019-06-28 10:07:20.000000000,100931,477,100597,377,101089,100,100578,200,101152,100,100506,100,101200,100,100460,100,101305,100,100420,100,101477,100,100400,100,101840,200,100344,100,101918,100,100302,100,102070,100,100169,100,102162,100,100117,6
2019-06-28 10:07:30.000000000,100931,338,100597,238,101089,238,100578,338,101152,100,100506,100,101200,100,100460,100,101305,100,100420,100,101477,100,100400,100,101840,200,100344,100,101918,100,100302,100,102070,100,100169,100,102162,100,100117,6
2019-06-28 10:07:40.000000000,100931,294,100597,194,101089,191,100578,291,101152,191,100506,191,101200,100,100460,100,101305,100,100420,100,101477,100,100400,100,101840,200,100344,100,101918,100,100302,100,102070,100,100169,100,102162,100,100117,6
2019-06-28 10:07:50.000000000,100931,269,100597,169,101089,169,100578,269,101152,169,100506,169,101200,169,100460,169,101305,100,100420,100,101477,100,100400,100,101840,200,100344,100,101918,100,100302,100,102070,100,100169,100,102162,100,100117,6
2019-06-28 10:07:50.273189069,100931,269,100597,169,101089,169,100578,269,101152,169,100506,169,101200,169,100460,69,101305,100,100420,100,101477,100,100400,100,101840,200,100344,100,101918,100,100302,100,101970,100,100169,100,102070,100,100117,6
2019-06-28 10:08:00.000000000,100931,255,100597,155,101089,155,100578,255,101152,155,100506,155,101200,155,100420,155,101305,155,100400,155,101477,100,100344,100,101840,200,100302,100,101918,100,100169,100,101970,100,100117,6,102070,100,100105,100
2019-06-28 10:08:10.000000000,100931,338,100597,238,101089,238,100578,338,101152,100,100506,100,101200,100,100420,100,101305,100,100400,100,101477,100,100344,100,101840,200,100302,100,101918,100,100169,100,101970,100,100117,6,102070,100,100105,100
2019-06-28 10:08:14.467323655,100931,338,100597,238,101089,138,100578,338,101152,100,100506,100,101200,100,100420,100,101305,100,100400,100,101477,100,100344,100,101840,200,100302,100,101918,100,100169,100,101970,100,100117,6,101990,100,100105,100
2019-06-28 10:08:20.000000000,100931,294,100597,194,101152,191,100578,291,101200,191,100506,191,101305,100,100420,100,101477,100,100400,100,101840,200,100344,100,101918,100,100302,100,101970,100,100169,100,101990,100,100117,6,102070,100,100105,100
2019-06-28 10:08:30.000000000,100931,338,100597,238,101152,238,100578,338,101200,100,100506,100,101305,100,100420,100,101477,100,100400,100,101840,200,100344,100,101918,100,100302,100,101970,100,100169,100,101990,100,100117,6,102070,100,100105,100
