,ask_price_1,ask_size_1,bid_price_1,bid_size_1,ask_price_2,ask_size_2,bid_price_2,bid_size_2,ask_price_3,ask_size_3,bid_price_3,bid_size_3,ask_price_4,ask_size_4,bid_price_4,bid_size_4,ask_price_5,ask_size_5,bid_price_5,bid_size_5,ask_price_6,ask_size_6,bid_price_6,bid_size_6,ask_price_7,ask_size_7,bid_price_7,bid_size_7,ask_price_8,ask_size_8,bid_price_8,bid_size_8,ask_price_9,ask_size_9,bid_price_9,bid_size_9,ask_price_10,ask_size_10,bid_price_10,bid_size_10
2019-06-28 09:30:00.000000001,100092,100,,,,,,,,,,,,,,,,,,,,,,,,,,,,,,,,,,,,,,
2019-06-28 09:30:00.000000002,99987,100,,,100016,100,,,100064,100,,,100092,100,,,,,,,,,,,,,,,,,,,,,,,,,,
2019-06-28 09:30:00.000000003,99987,100,,,100016,100,,,100047,100,,,100064,100,,,100092,100,,,,,,,,,,,,,,,,,,,,,,
2019-06-28 09:30:00.000000004,99987,100,,,100016,100,,,100047,100,,,100064,100,,,100092,100,,,100140,100,,,,,,,,,,,,,,,,,,
2019-06-28 09:30:00.000000005,99987,100,,,100013,100,,,100016,100,,,100047,100,,,100064,100,,,100092,100,,,100140,100,,,,,,,,,,,,,,
2019-06-28 09:30:00.000000007,99959,100,99876,100,99987,100,,,100013,100,,,100016,100,,,100047,100,,,100064,200,,,100092,100,,,100140,100,,,,,,,,,,
2019-06-28 09:30:00.000000009,99959,100,99876,100,99987,100,,,100013,100,,,100016,100,,,100047,100,,,100064,200,,,100092,100,,,100098,100,,,100140,100,,,,,,
2019-06-28 09:30:00.000000010,99987,100,99876,100,99992,100,,,100013,100,,,100016,100,,,100047,100,,,100064,200,,,100092,100,,,100098,100,,,100140,100,,,,,,
2019-06-28 09:30:00.000000011,99987,100,99933,100,99992,100,99876,100,100013,100,,,100016,100,,,100047,100,,,100064,200,,,100092,100,,,100098,100,,,100140,100,,,,,,
2019-06-28 09:30:00.000000015,99987,100,99933,100,99992,100,99876,100,100011,100,,,100013,100,,,100016,100,,,100047,100,,,100064,200,,,100092,100,,,100098,100,,,100140,100,,
2019-06-28 09:30:00.000000017,99987,100,99933,100,99992,100,99876,100,100011,100,99855,100,100013,100,,,100016,100,,,100037,100,,,100047,100,,,100064,200,,,100092,100,,,100098,100,,
2019-06-28 09:30:00.000000018,99970,100,99933,100,99987,100,99927,100,99992,100,99876,100,100011,100,99855,100,100013,100,,,100016,100,,,100037,100,,,100047,100,,,100064,200,,,100092,100,,
2019-06-28 09:30:00.000000019,99970,100,99968,100,99987,200,99933,100,99992,100,99927,100,100011,100,99876,100,100013,100,99855,100,100016,100,,,100037,100,,,100047,100,,,100064,200,,,100092,100,,
2019-06-28 09:30:00.000000020,99970,100,99968,100,99987,200,99933,100,99992,100,99927,100,100011,100,99876,100,100013,100,99855,100,100016,100,,,100018,100,,,100037,100,,,100047,100,,,100064,200,,
2019-06-28 09:30:00.000000023,99987,200,99968,100,99992,100,99933,100,100003,100,99927,100,100011,100,99876,100,100013,100,99855,100,100016,100,,,100018,100,,,100037,100,,,100047,100,,,100064,200,,
2019-06-28 09:30:00.000000025,99987,200,99968,100,99992,100,99933,100,100003,100,99927,100,100011,100,99876,100,100013,100,99855,100,100016,100,,,100018,100,,,100037,100,,,100047,100,,,100064,200,,
2019-06-28 09:30:00.000000027,99987,200,99970,100,99992,100,99968,100,100003,100,99933,100,100011,100,99927,100,100013,100,99876,100,100016,100,99855,100,100018,100,,,100037,100,,,100047,100,,,100064,200,,
2019-06-28 09:30:00.000000034,99987,200,99970,100,99992,100,99968,100,100003,100,99933,100,100011,100,99927,100,100013,100,99877,100,100016,100,99876,100,100018,100,99855,100,100037,100,,,100047,100,,,100064,200,,
2019-06-28 09:30:00.000000039,99987,200,99970,100,99992,100,99968,100,100003,100,99948,100,100011,100,99933,100,100013,100,99927,100,100016,100,99877,100,100018,100,99876,100,100037,100,99855,100,100047,100,,,100064,200,,
2019-06-28 09:30:00.000000042,99987,200,99970,100,99992,100,99968,100,100003,100,99948,100,100011,100,99933,100,100013,100,99928,100,100016,100,99927,100,100018,100,99877,100,100037,100,99876,100,100047,100,99855,100,100064,200,,
2019-06-28 09:30:00.000000043,99987,100,99970,100,99992,100,99968,100,100003,100,99948,100,100011,100,99933,100,100013,100,99928,100,100016,100,99927,100,100018,100,99877,100,100037,100,99876,100,100047,100,99855,100,100064,200,,
2019-06-28 09:30:00.000000047,99987,100,99971,100,99992,100,99970,100,100003,100,99968,100,100011,100,99948,100,100013,100,99933,100,100016,100,99928,100,100018,100,99927,100,100037,100,99877,100,100047,100,99876,100,100064,200,99855,100
2019-06-28 09:30:00.000000050,99987,100,99971,100,99992,100,99970,100,100003,100,99968,100,100011,100,99948,100,100013,100,99933,100,100016,100,99928,100,100018,100,99927,100,100037,100,99877,100,100047,100,99876,100,100064,200,99855,100
2019-06-28 09:30:00.000000053,99987,100,99971,100,99992,100,99970,100,100003,100,99968,100,100011,100,99948,100,100013,100,99933,100,100016,100,99928,100,100018,100,99927,100,100028,100,99877,100,100037,100,99876,100,100047,100,99855,100
2019-06-28 09:30:00.000000054,99987,100,99970,100,99992,100,99968,100,100003,100,99948,100,100011,100,99933,100,100013,100,99928,100,100016,100,99927,100,100018,100,99877,100,100028,100,99876,100,100037,100,99855,100,100047,100,,
2019-06-28 09:30:00.000000055,99987,100,99970,100,99992,100,99968,100,100003,100,99948,100,100011,100,99933,100,100013,100,99928,100,100016,100,99927,100,100018,100,99877,100,100028,100,99876,100,100037,100,99855,100,100047,100,99840,100
2019-06-28 09:30:00.000000058,99987,100,99970,100,99992,100,99968,100,100003,100,99948,100,100011,100,99933,100,100013,100,99928,100,100016,100,99927,100,100018,100,99877,100,100028,100,99876,100,100037,100,99855,100,100047,100,99840,100
2019-06-28 09:30:00.000000059,99987,200,99970,100,99992,100,99968,100,100003,100,99948,100,100011,100,99933,100,100013,100,99928,100,100016,100,99927,100,100018,100,99877,100,100028,100,99876,100,100037,100,99855,100,100047,100,99840,100
2019-06-28 09:30:00.000000064,99987,200,99970,100,99992,100,99968,100,100003,100,99948,100,100011,100,99945,100,100013,100,99933,100,100016,100,99928,100,100018,100,99927,100,100028,100,99877,100,100037,100,99876,100,100047,100,99855,100
2019-06-28 09:30:00.000000066,99987,200,99970,100,99992,100,99968,100,100003,100,99948,100,100011,100,99945,100,100013,100,99933,100,100016,100,99928,100,100018,100,99927,100,100028,100,99877,100,100037,100,99876,100,100047,100,99855,100
2019-06-28 09:30:00.000000068,99987,300,99970,100,99992,100,99968,100,100003,100,99948,100,100011,100,99945,100,100013,100,99933,100,100016,100,99928,100,100018,100,99927,100,100028,100,99877,100,100037,100,99876,100,100047,100,99855,100
2019-06-28 09:30:00.000000069,99987,300,99970,100,99992,100,99968,100,100003,100,99948,100,100011,100,99945,100,100013,100,99933,100,100016,100,99928,100,100018,100,99927,100,100028,100,99877,100,100037,100,99876,100,100047,100,99855,100
2019-06-28 09:30:00.000000073,99987,300,99970,100,99992,100,99968,100,100003,100,99948,100,100010,100,99945,100,100011,100,99933,100,100013,100,99928,100,100016,100,99927,100,100018,100,99877,100,100028,100,99876,100,100037,100,99855,100
2019-06-28 09:30:00.000000074,99987,300,99970,100,99992,100,99968,100,100003,100,99948,100,100010,100,99945,100,100011,100,99933,100,100013,100,99928,100,100016,100,99927,100,100018,100,99877,100,100028,100,99876,100,100037,100,99855,100
2019-06-28 09:30:00.000000076,99987,400,99971,100,99992,100,99970,100,100003,100,99968,100,100010,100,99948,100,100011,100,99945,100,100013,100,99933,100,100016,100,99929,100,100018,100,99928,100,100028,100,99927,100,100037,100,99877,100
2019-06-28 09:30:00.000000078,99987,400,99971,100,99992,100,99970,100,100003,100,99968,100,100010,100,99948,100,100011,100,99945,100,100013,100,99933,100,100016,100,99929,100,100018,100,99928,100,100028,100,99927,100,100037,100,99877,100
2019-06-28 09:30:00.000000080,99987,400,99971,100,99992,100,99970,100,100003,100,99968,100,100010,100,99949,100,100011,100,99948,100,100013,100,99945,100,100016,100,99933,100,100018,100,99929,100,100028,100,99928,100,100037,100,99927,100
2019-06-28 09:30:00.000000083,99987,400,99971,100,99992,100,99970,100,100003,100,99968,100,100010,100,99949,100,100011,100,99948,100,100013,100,99945,100,100016,100,99933,100,100018,100,99929,100,100022,100,99928,100,100028,100,99927,100
2019-06-28 09:30:00.000000084,99987,400,99970,100,99992,100,99968,100,100003,100,99949,100,100010,100,99948,100,100011,100,99945,100,100013,100,99933,100,100016,100,99929,100,100018,100,99928,100,100022,100,99927,100,100028,100,99903,100
2019-06-28 09:30:00.000000087,99987,400,99970,100,99992,100,99968,100,100003,100,99949,100,100010,100,99948,100,100011,100,99945,100,100013,100,99933,100,100016,100,99929,100,100018,100,99928,100,100022,100,99927,100,100028,100,99903,100
2019-06-28 09:30:00.000000091,99987,400,99970,100,99992,100,99968,100,100003,100,99949,100,100010,100,99948,100,100011,100,99945,100,100013,100,99933,100,100016,100,99929,100,100018,100,99928,100,100022,100,99927,100,100028,100,99921,100
2019-06-28 09:30:00.000000097,99987,400,99970,100,99992,100,99968,100,100003,100,99949,100,100010,100,99948,100,100011,100,99945,100,100013,100,99933,100,100016,100,99929,100,100018,100,99928,100,100022,100,99927,100,100028,100,99921,100
2019-06-28 09:30:00.000000098,99987,400,99970,100,99992,100,99968,100,100003,100,99949,100,100010,100,99948,100,100011,100,99945,100,100013,100,99933,100,100016,100,99929,100,100018,100,99928,100,100022,100,99927,100,100028,100,99921,100
2019-06-28 09:30:00.000000099,99987,400,99970,100,99992,100,99968,100,100003,100,99949,100,100010,100,99948,100,100011,100,99945,100,100013,100,99933,100,100016,100,99929,100,100018,100,99928,100,100022,100,99927,100,100028,100,99921,100
2019-06-28 09:30:10.000000000,99987,460,99970,160,99992,160,99968,160,100003,160,99949,160,100010,160,99948,160,100011,160,99945,160,100013,100,99933,100,100016,100,99929,100,100018,100,99928,100,100022,100,99927,100,100028,100,99921,100
2019-06-28 09:30:20.000000000,99987,549,99970,249,99992,249,99968,249,100003,100,99949,100,100010,100,99948,100,100011,100,99945,100,100013,100,99933,100,100016,100,99929,100,100018,100,99928,100,100022,100,99927,100,100028,100,99921,100
2019-06-28 09:30:30.000000000,99987,698,99970,398,99992,100,99968,100,100003,100,99949,100,100010,100,99948,100,100011,100,99945,100,100013,100,99933,100,100016,100,99929,100,100018,100,99928,100,100022,100,99927,100,100028,100,99921,100
2019-06-28 09:30:32.395811496,99987,698,99971,100,99992,100,99970,398,100003,100,99968,100,100010,100,99949,100,100011,100,99948,100,100013,100,99945,100,100016,100,99933,100,100018,100,99929,100,100022,100,99928,100,100028,100,99927,100
2019-06-28 09:30:40.000000000,99987,549,99971,249,99992,249,99970,249,100003,100,99968,100,100010,100,99949,100,100011,100,99948,100,100013,100,99945,100,100016,100,99933,100,100018,100,99929,100,100022,100,99928,100,100028,100,99927,100
2019-06-28 09:30:50.000000000,99987,501,99971,201,99992,198,99970,198,100003,198,99968,198,100010,100,99949,100,100011,100,99948,100,100013,100,99945,100,100016,100,99933,100,100018,100,99929,100,100022,100,99928,100,100028,100,99927,100
2019-06-28 09:31:00.000000000,99987,460,99971,160,99992,160,99970,160,100003,160,99968,160,100010,160,99949,160,100011,160,99948,160,100013,100,99945,100,100016,100,99933,100,100018,100,99929,100,100022,100,99928,100,100028,100,99927,100
2019-06-28 09:31:06.105619161,99987,460,99971,160,99992,160,99970,160,100003,160,99968,160,100004,100,99949,160,100010,160,99948,160,100011,160,99945,100,100013,100,99933,100,100016,100,99929,100,100018,100,99928,100,100022,100,99927,100
2019-06-28 09:31:10.000000000,99987,549,99971,249,99992,249,99970,249,100003,100,99968,100,100004,100,99949,100,100010,100,99948,100,100011,100,99945,100,100013,100,99933,100,100016,100,99929,100,100018,100,99928,100,100022,100,99927,100
2019-06-28 09:31:20.000000000,99987,501,99971,201,99992,198,99970,198,100003,198,99968,198,100004,100,99949,100,100010,100,99948,100,100011,100,99945,100,100013,100,99933,100,100016,100,99929,100,100018,100,99928,100,100022,100,99927,100
2019-06-28 09:31:23.187030213,99987,501,99971,101,99992,198,99970,198,100003,198,99968,198,100004,100,99949,100,100010,100,99948,100,100011,100,99945,100,100013,100,99933,100,100016,100,99929,100,100018,100,99928,100,100022,100,99927,100
2019-06-28 09:31:30.000000000,99987,460,99970,160,99992,160,99968,160,100003,160,99949,160,100004,160,99948,160,100010,160,99945,160,100011,100,99933,100,100013,100,99929,100,100016,100,99928,100,100018,100,99927,100,100022,100,99921,100
2019-06-28 09:31:40.000000000,99987,501,99970,201,99992,198,99968,198,100003,198,99949,198,100004,100,99948,100,100010,100,99945,100,100011,100,99933,100,100013,100,99929,100,100016,100,99928,100,100018,100,99927,100,100022,100,99921,100
2019-06-28 09:31:44.546688025,99987,501,99970,201,99992,198,99968,198,100003,198,99949,198,100004,100,99948,100,100010,100,99945,100,100011,100,99933,100,100013,100,99929,100,100016,100,99928,100,100018,100,99927,100,100022,100,99921,100
2019-06-28 09:31:47.434471478,99987,501,99970,201,99992,198,99968,198,100003,198,99949,198,100004,100,99948,100,100010,100,99945,100,100011,100,99933,100,100013,100,99929,100,100016,100,99928,100,100018,100,99927,100,100022,100,99921,100
2019-06-28 09:31:50.000000000,99987,460,99970,160,99992,160,99968,160,100003,160,99949,160,100004,160,99948,160,100010,160,99945,160,100011,100,99933,100,100013,100,99929,100,100016,100,99928,100,100018,100,99927,100,100022,100,99921,100
2019-06-28 09:31:59.992179218,99987,360,99970,160,99992,160,99968,160,100003,160,99949,160,100004,160,99948,160,100010,160,99945,160,100011,100,99933,100,100013,100,99929,100,100016,100,99928,100,100018,100,99927,100,100022,100,99921,100
2019-06-28 09:32:00.000000000,99987,449,99970,249,99992,249,99968,249,100003,100,99949,100,100004,100,99948,100,100010,100,99945,100,100011,100,99933,100,100013,100,99929,100,100016,100,99928,100,100018,100,99927,100,100022,100,99921,100
2019-06-28 09:32:00.449482410,99987,449,99970,249,99992,249,99968,249,100003,100,99949,100,100004,100,99948,100,100010,100,99945,100,100011,100,99933,100,100013,100,99929,100,100016,100,99928,100,100018,100,99927,100,100022,100,99921,100
2019-06-28 09:32:01.866379264,99987,449,99972,100,99992,249,99970,249,100003,100,99968,249,100004,100,99949,100,100010,100,99948,100,100011,100,99945,100,100013,100,99933,100,100016,100,99929,100,100018,100,99928,100,100022,100,99927,100
2019-06-28 09:32:10.000000000,99987,374,99972,174,99992,174,99970,174,100003,174,99968,174,100004,174,99949,174,100010,100,99948,100,100011,100,99945,100,100013,100,99933,100,100016,100,99929,100,100018,100,99928,100,100022,100,99927,100
2019-06-28 09:32:12.323620048,99987,274,99972,174,99992,174,99970,174,100003,174,99968,174,100004,174,99949,174,100010,100,99948,100,100011,100,99945,100,100013,100,99933,100,100016,100,99929,100,100018,100,99928,100,100022,100,99927,100
2019-06-28 09:32:20.000000000,99987,498,99972,398,99992,100,99970,100,100003,100,99968,100,100004,100,99949,100,100010,100,99948,100,100011,100,99945,100,100013,100,99933,100,100016,100,99929,100,100018,100,99928,100,100022,100,99927,100
2019-06-28 09:32:30.000000000,99987,498,99972,398,99992,100,99970,100,100003,100,99968,100,100004,100,99949,100,100010,100,99948,100,100011,100,99945,100,100013,100,99933,100,100016,100,99929,100,100018,100,99928,100,100022,100,99927,100
2019-06-28 09:32:40.000000000,99987,274,99972,174,99992,174,99970,174,100003,174,99968,174,100004,174,99949,174,100010,100,99948,100,100011,100,99945,100,100013,100,99933,100,100016,100,99929,100,100018,100,99928,100,100022,100,99927,100
2019-06-28 09:32:50.000000000,99987,498,99972,398,99992,100,99970,100,100003,100,99968,100,100004,100,99949,100,100010,100,99948,100,100011,100,99945,100,100013,100,99933,100,100016,100,99929,100,100018,100,99928,100,100022,100,99927,100
2019-06-28 09:32:54.904168002,99987,498,99972,298,99992,100,99970,100,100003,100,99968,100,100004,100,99949,100,100010,100,99948,100,100011,100,99945,100,100016,100,99933,100,100018,100,99929,100,100022,100,99928,100,100028,100,99927,100
2019-06-28 09:33:00.000000000,99987,349,99970,249,99992,249,99968,249,100003,100,99949,100,100004,100,99948,100,100010,100,99945,100,100011,100,99933,100,100016,100,99929,100,100018,100,99928,100,100022,100,99927,100,100028,100,99921,100
2019-06-28 09:33:09.520512926,99987,349,99970,249,99992,249,99968,249,100003,100,99949,100,100004,100,99948,100,100010,100,99945,100,100011,100,99933,100,100016,100,99929,100,100018,100,99928,100,100020,100,99927,100,100022,100,99921,100
2019-06-28 09:33:10.000000000,99987,274,99970,174,99992,174,99968,174,100003,174,99949,174,100004,174,99948,174,100010,100,99945,100,100011,100,99933,100,100016,100,99929,100,100018,100,99928,100,100020,100,99927,100,100022,100,99921,100
2019-06-28 09:33:20.000000000,99987,301,99970,201,99992,198,99968,198,100003,198,99949,198,100004,100,99948,100,100010,100,99945,100,100011,100,99933,100,100016,100,99929,100,100018,100,99928,100,100020,100,99927,100,100022,100,99921,100
2019-06-28 09:33:30.000000000,99987,260,99970,160,99992,160,99968,160,100003,160,99949,160,100004,160,99948,160,100010,160,99945,160,100011,100,99933,100,100016,100,99929,100,100018,100,99928,100,100020,100,99927,100,100022,100,99921,100
2019-06-28 09:33:40.000000000,99987,260,99970,160,99992,160,99968,160,100003,160,99949,160,100004,160,99948,160,100010,160,99945,160,100011,100,99933,100,100016,100,99929,100,100018,100,99928,100,100020,100,99927,100,100022,100,99921,100
2019-06-28 09:33:50.000000000,99987,274,99970,174,99992,174,99968,174,100003,174,99949,174,100004,174,99948,174,100010,100,99945,100,100011,100,99933,100,100016,100,99929,100,100018,100,99928,100,100020,100,99927,100,100022,100,99921,100
2019-06-28 09:34:00.000000000,99987,498,99970,398,99992,100,99968,100,100003,100,99949,100,100004,100,99948,100,100010,100,99945,100,100011,100,99933,100,100016,100,99929,100,100018,100,99928,100,100020,100,99927,100,100022,100,99921,100
2019-06-28 09:34:00.425373949,99987,498,99970,398,99992,100,99968,100,100003,100,99949,100,100004,100,99948,100,100010,100,99945,100,100011,100,99933,100,100016,100,99929,100,100018,100,99928,100,100020,100,99927,100,100022,100,99921,100
2019-06-28 09:34:03.661602814,99987,498,99970,398,99992,100,99968,100,100003,100,99949,100,100004,100,99948,100,100010,100,99945,100,100011,100,99933,100,100016,100,99929,100,100018,100,99928,100,100020,100,99927,100,100022,100,99903,100
2019-06-28 09:34:10.000000000,99987,301,99970,201,99992,198,99968,198,100003,198,99949,198,100004,100,99948,100,100010,100,99945,100,100011,100,99933,100,100016,100,99929,100,100018,100,99928,100,100020,100,99927,100,100022,100,99903,100
2019-06-28 09:34:20.000000000,99987,260,99970,160,99992,160,99968,160,100003,160,99949,160,100004,160,99948,160,100010,160,99945,160,100011,100,99933,100,100016,100,99929,100,100018,100,99928,100,100020,100,99927,100,100022,100,99903,100
2019-06-28 09:34:30.000000000,99987,498,99970,398,99992,100,99968,100,100003,100,99949,100,100004,100,99948,100,100010,100,99945,100,100011,100,99933,100,100016,100,99929,100,100018,100,99928,100,100020,100,99927,100,100022,100,99903,100
2019-06-28 09:34:36.711795474,99987,498,99970,398,99992,100,99968,100,100003,100,99949,100,100004,100,99948,100,100010,100,99945,100,100011,100,99933,100,100016,100,99929,100,100018,100,99928,100,100020,100,99927,100,100022,100,99903,100
2019-06-28 09:34:40.000000000,99987,260,99970,160,99992,160,99968,160,100003,160,99949,160,100004,160,99948,160,100010,160,99945,160,100011,100,99933,100,100016,100,99929,100,100018,100,99928,100,100020,100,99927,100,100022,100,99903,100
2019-06-28 09:34:50.000000000,99987,498,99970,398,99992,100,99968,100,100003,100,99949,100,100004,100,99948,100,100010,100,99945,100,100011,100,99933,100,100016,100,99929,100,100018,100,99928,100,100020,100,99927,100,100022,100,99903,100
2019-06-28 09:35:00.000000000,99987,260,99970,160,99992,160,99968,160,100003,160,99949,160,100004,160,99948,160,100010,160,99945,160,100011,100,99933,100,100016,100,99929,100,100018,100,99928,100,100020,100,99927,100,100022,100,99903,100
2019-06-28 09:35:01.268913212,99987,260,99970,160,99992,160,99968,160,100003,160,99949,160,100004,160,99948,160,100010,160,99945,160,100011,100,99933,100,100016,100,99929,100,100018,100,99928,100,100020,100,99927,100,100022,100,99903,100
2019-06-28 09:35:10.000000000,99987,274,99970,174,99992,174,99968,174,100003,174,99949,174,100004,174,99948,174,100010,100,99945,100,100011,100,99933,100,100016,100,99929,100,100018,100,99928,100,100020,100,99927,100,100022,100,99903,100
2019-06-28 09:35:20.000000000,99987,260,99970,160,99992,160,99968,160,100003,160,99949,160,100004,160,99948,160,100010,160,99945,160,100011,100,99933,100,100016,100,99929,100,100018,100,99928,100,100020,100,99927,100,100022,100,99903,100
2019-06-28 09:35:30.000000000,99987,274,99970,174,99992,174,99968,174,100003,174,99949,174,100004,174,99948,174,100010,100,99945,100,100011,100,99933,100,100016,100,99929,100,100018,100,99928,100,100020,100,99927,100,100022,100,99903,100
2019-06-28 09:35:40.000000000,99987,349,99970,249,99992,249,99968,249,100003,100,99949,100,100004,100,99948,100,100010,100,99945,100,100011,100,99933,100,100016,100,99929,100,100018,100,99928,100,100020,100,99927,100,100022,100,99903,100
2019-06-28 09:35:41.610524120,99987,349,99970,249,99992,249,99968,249,100003,100,99949,100,100004,100,99948,100,100010,100,99945,100,100011,100,99933,100,100016,100,99929,100,100018,100,99928,100,100020,100,99927,100,100022,100,99903,100
2019-06-28 09:35:50.000000000,99987,260,99970,160,99992,160,99968,160,100003,160,99949,160,100004,160,99948,160,100010,160,99945,160,100011,100,99933,100,100016,100,99929,100,100018,100,99928,100,100020,100,99927,100,100022,100,99903,100
2019-06-28 09:36:00.000000000,99987,498,99970,398,99992,100,99968,100,100003,100,99949,100,100004,100,99948,100,100010,100,99945,100,100011,100,99933,100,100016,100,99929,100,100018,100,99928,100,100020,100,99927,100,100022,100,99903,100
2019-06-28 09:36:10.000000000,99987,498,99970,398,99992,100,99968,100,100003,100,99949,100,100004,100,99948,100,100010,100,99945,100,100011,100,99933,100,100016,100,99929,100,100018,100,99928,100,100020,100,99927,100,100022,100,99903,100
2019-06-28 09:36:12.375269062,99987,498,99970,298,99992,100,99968,100,100003,100,99949,100,100004,100,99948,100,100010,100,99933,100,100011,100,99929,100,100016,100,99928,100,100018,100,99927,100,100020,100,99903,100,100022,100,99882,100
2019-06-28 09:36:20.000000000,99987,274,99968,174,99992,174,99949,174,100003,174,99948,174,100004,174,99933,174,100010,100,99929,100,100011,100,99928,100,100016,100,99927,100,100018,100,99903,100,100020,100,99882,100,100022,100,99877,100
2019-06-28 09:36:30.000000000,99987,301,99968,201,99992,198,99949,198,100003,198,99948,198,100004,100,99933,100,100010,100,99929,100,100011,100,99928,100,100016,100,99927,100,100018,100,99903,100,100020,100,99882,100,100022,100,99877,100
2019-06-28 09:36:36.187921157,99987,301,99968,201,99992,198,99949,198,100003,198,99948,198,100004,100,99933,100,100010,100,99929,100,100011,100,99928,100,100016,100,99927,100,100018,100,99903,100,100020,100,99882,100,100022,100,99877,100
2019-06-28 09:36:38.885007737,99987,301,99968,101,99992,198,99949,198,100003,198,99948,198,100004,100,99933,100,100010,100,99929,100,100011,100,99928,100,100016,100,99927,100,100018,100,99903,100,100020,100,99882,100,100022,100,99877,100
2019-06-28 09:36:40.000000000,99987,349,99949,249,99992,249,99948,249,100003,100,99933,100,100004,100,99929,100,100010,100,99928,100,100011,100,99927,100,100016,100,99903,100,100018,100,99882,100,100020,100,99877,100,100022,100,99876,100
2019-06-28 09:36:50.000000000,99987,301,99949,201,99992,198,99948,198,100003,198,99933,198,100004,100,99929,100,100010,100,99928,100,100011,100,99927,100,100016,100,99903,100,100018,100,99882,100,100020,100,99877,100,100022,100,99876,100
2019-06-28 09:37:00.000000000,99987,260,99949,160,99992,160,99948,160,100003,160,99933,160,100004,160,99929,160,100010,160,99928,160,100011,100,99927,100,100016,100,99903,100,100018,100,99882,100,100020,100,99877,100,100022,100,99876,100
2019-06-28 09:37:00.932762044,99987,160,99949,160,99992,160,99948,160,100003,160,99933,160,100004,160,99929,160,100010,160,99928,160,100011,100,99927,100,100016,100,99903,100,100018,100,99882,100,100020,100,99877,100,100022,100,99876,100
2019-06-28 09:37:10.000000000,99987,201,99949,201,99992,198,99948,198,100003,198,99933,198,100004,100,99929,100,100010,100,99928,100,100011,100,99927,100,100016,100,99903,100,100018,100,99882,100,100020,100,99877,100,100022,100,99876,100
2019-06-28 09:37:18.150804024,99987,201,99949,101,99992,198,99948,198,100003,198,99933,198,100004,100,99929,100,100010,100,99928,100,100011,100,99927,100,100016,100,99903,100,100018,100,99882,100,100020,100,99877,100,100022,100,99876,100
2019-06-28 09:37:20.000000000,99987,249,99948,249,99992,249,99933,249,100003,100,99929,100,100004,100,99928,100,100010,100,99927,100,100011,100,99903,100,100016,100,99882,100,100018,100,99877,100,100020,100,99876,100,100022,100,99855,100
2019-06-28 09:37:24.563661283,99987,249,99948,149,99992,249,99933,249,100003,100,99929,100,100004,100,99928,100,100010,100,99927,100,100011,100,99903,100,100018,100,99882,100,100020,100,99877,100,100022,100,99876,100,100028,100,99855,100
2019-06-28 09:37:30.000000000,99987,201,99933,201,99992,198,99929,198,100003,198,99928,198,100004,100,99927,100,100010,100,99903,100,100011,100,99882,100,100018,100,99877,100,100020,100,99876,100,100022,100,99855,100,100028,100,99850,100
2019-06-28 09:37:30.947234298,99987,201,99933,101,99992,198,99929,198,100003,198,99928,198,100004,100,99927,100,100010,100,99903,100,100011,100,99882,100,100018,100,99877,100,100020,100,99876,100,100022,100,99855,100,100028,100,99850,100
2019-06-28 09:37:36.047348104,99987,201,99933,1,99992,198,99929,198,100003,198,99928,198,100004,100,99927,100,100010,100,99903,100,100011,100,99882,100,100018,100,99877,100,100020,100,99876,100,100022,100,99855,100,100028,100,99850,100
2019-06-28 09:37:36.607980491,99933,99,99929,198,99987,201,99928,198,99992,198,99927,100,100003,198,99903,100,100004,100,99882,100,100010,100,99877,100,100011,100,99876,100,100018,100,99855,100,100020,100,99850,100,100022,100,99598,100
2019-06-28 09:37:40.000000000,99933,397,99929,398,99987,100,99928,100,99992,100,99927,100,100003,100,99903,100,100004,100,99882,100,100010,100,99877,100,100011,100,99876,100,100018,100,99855,100,100020,100,99850,100,100022,100,99598,100
2019-06-28 09:37:50.000000000,99933,397,99929,398,99987,100,99928,100,99992,100,99927,100,100003,100,99903,100,100004,100,99882,100,100010,100,99877,100,100011,100,99876,100,100018,100,99855,100,100020,100,99850,100,100022,100,99598,100
2019-06-28 09:38:00.000000000,99933,200,99929,201,99987,198,99928,198,99992,198,99927,198,100003,100,99903,100,100004,100,99882,100,100010,100,99877,100,100011,100,99876,100,100018,100,99855,100,100020,100,99850,100,100022,100,99598,100
2019-06-28 09:38:04.966995552,99933,300,99929,201,99987,198,99928,198,99992,198,99927,198,100003,100,99903,100,100004,100,99882,100,100010,100,99877,100,100011,100,99876,100,100018,100,99855,100,100020,100,99850,100,100022,100,99598,100
2019-06-28 09:38:07.797183702,99933,300,99929,201,99987,198,99928,198,99992,198,99927,198,100003,100,99903,100,100004,100,99882,100,100010,100,99877,100,100011,100,99876,100,100020,100,99855,100,100022,100,99850,100,100028,100,99598,100
2019-06-28 09:38:10.000000000,99933,300,99929,201,99987,198,99928,198,99992,198,99927,198,100003,100,99903,100,100004,100,99882,100,100010,100,99877,100,100011,100,99876,100,100020,100,99855,100,100022,100,99850,100,100028,100,99598,100
2019-06-28 09:38:19.706130173,99933,400,99929,201,99987,198,99928,198,99992,198,99927,198,100003,100,99903,100,100004,100,99882,100,100010,100,99877,100,100011,100,99876,100,100020,100,99855,100,100022,100,99850,100,100028,100,99598,100
2019-06-28 09:38:20.000000000,99933,359,99929,160,99987,160,99928,160,99992,160,99927,160,100003,160,99903,160,100004,160,99882,160,100010,100,99877,100,100011,100,99876,100,100020,100,99855,100,100022,100,99850,100,100028,100,99598,100
2019-06-28 09:38:23.845786145,99933,359,99929,60,99987,160,99928,160,99992,160,99927,160,100003,160,99903,160,100004,160,99882,160,100010,100,99877,100,100011,100,99876,100,100020,100,99855,100,100022,100,99850,100,100028,100,99598,100
2019-06-28 09:38:30.000000000,99933,359,99928,160,99987,160,99927,160,99992,160,99903,160,100003,160,99882,160,100004,160,99877,160,100010,100,99876,100,100011,100,99855,100,100020,100,99850,100,100022,100,99598,100,100028,100,99445,100
2019-06-28 09:38:40.000000000,99933,597,99928,398,99987,100,99927,100,99992,100,99903,100,100003,100,99882,100,100004,100,99877,100,100010,100,99876,100,100011,100,99855,100,100020,100,99850,100,100022,100,99598,100,100028,100,99445,100
2019-06-28 09:38:50.000000000,99933,448,99928,249,99987,249,99927,249,99992,100,99903,100,100003,100,99882,100,100004,100,99877,100,100010,100,99876,100,100011,100,99855,100,100020,100,99850,100,100022,100,99598,100,100028,100,99445,100
2019-06-28 09:38:54.432654401,99932,100,99928,249,99933,448,99927,249,99987,249,99903,100,99992,100,99882,100,100003,100,99877,100,100004,100,99876,100,100010,100,99855,100,100011,100,99850,100,100020,100,99598,100,100022,100,99445,100
2019-06-28 09:39:00.000000000,99932,201,99928,201,99933,397,99927,198,99987,198,99903,198,99992,100,99882,100,100003,100,99877,100,100004,100,99876,100,100010,100,99855,100,100011,100,99850,100,100020,100,99598,100,100022,100,99445,100
2019-06-28 09:39:10.000000000,99932,160,99928,160,99933,359,99927,160,99987,160,99903,160,99992,160,99882,160,100003,160,99877,160,100004,100,99876,100,100010,100,99855,100,100011,100,99850,100,100020,100,99598,100,100022,100,99445,100
2019-06-28 09:39:11.378398137,99932,160,99928,160,99933,359,99927,160,99987,160,99903,160,99992,160,99882,160,100003,160,99877,160,100004,100,99876,100,100010,100,99855,100,100011,100,99850,100,100020,100,99598,100,100022,100,99445,100
2019-06-28 09:39:18.160160516,99932,160,99928,160,99933,359,99927,160,99987,160,99903,160,99992,160,99882,160,100003,160,99877,160,100004,100,99876,100,100010,100,99855,100,100011,100,99850,100,100020,100,99598,100,100022,100,99445,100
2019-06-28 09:39:20.000000000,99932,160,99928,160,99933,359,99927,160,99987,160,99903,160,99992,160,99882,160,100003,160,99877,160,100004,100,99876,100,100010,100,99855,100,100011,100,99850,100,100020,100,99598,100,100022,100,99445,100
2019-06-28 09:39:27.248628536,99932,160,99928,160,99933,359,99927,60,99987,160,99903,160,99992,160,99882,160,100003,160,99877,160,100004,100,99876,100,100010,100,99855,100,100011,100,99850,100,100020,100,99598,100,100022,100,99445,100
2019-06-28 09:39:30.000000000,99932,249,99928,249,99933,448,99903,249,99987,100,99882,100,99992,100,99877,100,100003,100,99876,100,100004,100,99855,100,100010,100,99850,100,100011,100,99598,100,100020,100,99445,100,100022,100,99435,100
2019-06-28 09:39:40.000000000,99932,160,99928,160,99933,359,99903,160,99987,160,99882,160,99992,160,99877,160,100003,160,99876,160,100004,100,99855,100,100010,100,99850,100,100011,100,99598,100,100020,100,99445,100,100022,100,99435,100
2019-06-28 09:39:50.000000000,99932,174,99928,174,99933,373,99903,174,99987,174,99882,174,99992,174,99877,174,100003,100,99876,100,100004,100,99855,100,100010,100,99850,100,100011,100,99598,100,100020,100,99445,100,100022,100,99435,100
2019-06-28 09:40:00.000000000,99932,201,99928,201,99933,397,99903,198,99987,198,99882,198,99992,100,99877,100,100003,100,99876,100,100004,100,99855,100,100010,100,99850,100,100011,100,99598,100,100020,100,99445,100,100022,100,99435,100
2019-06-28 09:40:10.000000000,99932,160,99928,160,99933,359,99903,160,99987,160,99882,160,99992,160,99877,160,100003,160,99876,160,100004,100,99855,100,100010,100,99850,100,100011,100,99598,100,100020,100,99445,100,100022,100,99435,100
2019-06-28 09:40:19.397532489,99932,160,99928,160,99933,359,99903,160,99987,160,99882,160,99992,160,99877,160,100003,160,99876,160,100004,100,99855,100,100010,100,99850,100,100011,100,99598,100,100020,100,99445,100,100022,100,99435,100
2019-06-28 09:40:20.000000000,99932,398,99928,398,99933,299,99903,100,99987,100,99882,100,99992,100,99877,100,100003,100,99876,100,100004,100,99855,100,100010,100,99850,100,100011,100,99598,100,100020,100,99445,100,100022,100,99435,100
2019-06-28 09:40:30.000000000,99932,398,99928,398,99933,299,99903,100,99987,100,99882,100,99992,100,99877,100,100003,100,99876,100,100004,100,99855,100,100010,100,99850,100,100011,100,99598,100,100020,100,99445,100,100022,100,99435,100
2019-06-28 09:40:40.000000000,99932,174,99928,174,99933,373,99903,174,99987,174,99882,174,99992,174,99877,174,100003,100,99876,100,100004,100,99855,100,100010,100,99850,100,100011,100,99598,100,100020,100,99445,100,100022,100,99435,100
2019-06-28 09:40:49.367102125,99932,174,99928,74,99933,373,99903,174,99987,174,99882,174,99992,174,99877,174,100003,100,99876,100,100004,100,99855,100,100010,100,99850,100,100011,100,99598,100,100020,100,99445,100,100022,100,99435,100
2019-06-28 09:40:50.000000000,99932,201,99903,201,99933,397,99882,198,99987,198,99877,198,99992,100,99876,100,100003,100,99855,100,100004,100,99850,100,100010,100,99598,100,100011,100,99445,100,100020,100,99435,100,100022,100,99418,100
2019-06-28 09:41:00.000000000,99932,249,99903,249,99933,448,99882,249,99987,100,99877,100,99992,100,99876,100,100003,100,99855,100,100004,100,99850,100,100010,100,99598,100,100011,100,99445,100,100020,100,99435,100,100022,100,99418,100
2019-06-28 09:41:07.919653173,99932,249,99903,149,99933,448,99882,249,99987,100,99877,100,99992,100,99876,100,100003,100,99855,100,100004,100,99850,100,100010,100,99598,100,100011,100,99445,100,100020,100,99435,100,100022,100,99418,100
2019-06-28 09:41:10.000000000,99932,160,99882,160,99933,359,99877,160,99987,160,99876,160,99992,160,99855,160,100003,160,99850,160,100004,100,99598,100,100010,100,99445,100,100011,100,99435,100,100020,100,99418,100,100022,100,99338,100
2019-06-28 09:41:20.000000000,99932,398,99882,398,99933,299,99877,100,99987,100,99876,100,99992,100,99855,100,100003,100,99850,100,100004,100,99598,100,100010,100,99445,100,100011,100,99435,100,100020,100,99418,100,100022,100,99338,100
2019-06-28 09:41:20.843103869,99932,398,99882,398,99933,299,99877,100,99987,100,99876,100,99992,100,99855,100,100003,100,99850,100,100004,100,99598,100,100010,100,99445,100,100011,100,99435,100,100020,100,99418,100,100022,100,99338,100
2019-06-28 09:41:30.000000000,99932,249,99882,249,99933,448,99877,249,99987,100,99876,100,99992,100,99855,100,100003,100,99850,100,100004,100,99598,100,100010,100,99445,100,100011,100,99435,100,100020,100,99418,100,100022,100,99338,100
2019-06-28 09:41:40.000000000,99932,249,99882,249,99933,448,99877,249,99987,100,99876,100,99992,100,99855,100,100003,100,99850,100,100004,100,99598,100,100010,100,99445,100,100011,100,99435,100,100020,100,99418,100,100022,100,99338,100
2019-06-28 09:41:50.000000000,99932,174,99882,174,99933,373,99877,174,99987,174,99876,174,99992,174,99855,174,100003,100,99850,100,100004,100,99598,100,100010,100,99445,100,100011,100,99435,100,100020,100,99418,100,100022,100,99338,100
2019-06-28 09:41:52.363437798,99928,100,99882,174,99932,174,99877,174,99933,373,99876,174,99987,174,99855,174,99992,174,99850,100,100003,100,99598,100,100004,100,99445,100,100010,100,99435,100,100011,100,99418,100,100020,100,99338,100
2019-06-28 09:42:00.000000000,99928,249,99882,249,99932,249,99877,249,99933,299,99876,100,99987,100,99855,100,99992,100,99850,100,100003,100,99598,100,100004,100,99445,100,100010,100,99435,100,100011,100,99418,100,100020,100,99338,100
2019-06-28 09:42:08.663692144,99928,249,99882,149,99932,249,99877,249,99933,299,99876,100,99987,100,99855,100,99992,100,99850,100,100003,100,99598,100,100004,100,99445,100,100010,100,99435,100,100011,100,99418,100,100020,100,99338,100
2019-06-28 09:42:10.000000000,99928,398,99877,398,99932,100,99876,100,99933,299,99855,100,99987,100,99850,100,99992,100,99598,100,100003,100,99445,100,100004,100,99435,100,100010,100,99418,100,100011,100,99338,100,100020,100,99261,100
2019-06-28 09:42:20.000000000,99928,201,99877,201,99932,198,99876,198,99933,397,99855,198,99987,100,99850,100,99992,100,99598,100,100003,100,99445,100,100004,100,99435,100,100010,100,99418,100,100011,100,99338,100,100020,100,99261,100
2019-06-28 09:42:30.000000000,99928,160,99877,160,99932,160,99876,160,99933,359,99855,160,99987,160,99850,160,99992,160,99598,160,100003,100,99445,100,100004,100,99435,100,100010,100,99418,100,100011,100,99338,100,100020,100,99261,100
2019-06-28 09:42:40.000000000,99928,174,99877,174,99932,174,99876,174,99933,373,99855,174,99987,174,99850,174,99992,100,99598,100,100003,100,99445,100,100004,100,99435,100,100010,100,99418,100,100011,100,99338,100,100020,100,99261,100
2019-06-28 09:42:50.000000000,99928,160,99877,160,99932,160,99876,160,99933,359,99855,160,99987,160,99850,160,99992,160,99598,160,100003,100,99445,100,100004,100,99435,100,100010,100,99418,100,100011,100,99338,100,100020,100,99261,100
2019-06-28 09:43:00.000000000,99928,174,99877,174,99932,174,99876,174,99933,373,99855,174,99987,174,99850,174,99992,100,99598,100,100003,100,99445,100,100004,100,99435,100,100010,100,99418,100,100011,100,99338,100,100020,100,99261,100
2019-06-28 09:43:10.000000000,99928,398,99877,398,99932,100,99876,100,99933,299,99855,100,99987,100,99850,100,99992,100,99598,100,100003,100,99445,100,100004,100,99435,100,100010,100,99418,100,100011,100,99338,100,100020,100,99261,100
2019-06-28 09:43:14.392819033,99928,398,99877,298,99932,100,99876,100,99933,299,99855,100,99987,100,99850,100,99992,100,99598,100,100003,100,99445,100,100004,100,99435,100,100010,100,99418,100,100011,100,99338,100,100020,100,99261,100
2019-06-28 09:43:19.891188603,99928,398,99877,198,99932,100,99876,100,99933,299,99855,100,99987,100,99850,100,99992,100,99598,100,100003,100,99445,100,100004,100,99435,100,100010,100,99418,100,100011,100,99338,100,100020,100,99261,100
2019-06-28 09:43:20.000000000,99928,249,99876,249,99932,249,99855,249,99933,299,99850,100,99987,100,99598,100,99992,100,99445,100,100003,100,99435,100,100004,100,99418,100,100010,100,99338,100,100011,100,99261,100,100020,100,99234,100
2019-06-28 09:43:30.000000000,99928,174,99876,174,99932,174,99855,174,99933,373,99850,174,99987,174,99598,174,99992,100,99445,100,100003,100,99435,100,100004,100,99418,100,100010,100,99338,100,100011,100,99261,100,100020,100,99234,100
2019-06-28 09:43:31.937050502,99928,174,99876,174,99932,174,99855,174,99933,373,99850,174,99987,174,99678,100,99992,100,99598,174,100003,100,99445,100,100004,100,99435,100,100011,100,99418,100,100020,100,99338,100,100022,100,99261,100
2019-06-28 09:43:40.000000000,99928,249,99876,249,99932,249,99855,249,99933,299,99850,100,99987,100,99678,100,99992,100,99598,100,100003,100,99445,100,100004,100,99435,100,100011,100,99418,100,100020,100,99338,100,100022,100,99261,100
2019-06-28 09:43:43.739906386,99877,100,99876,149,99928,249,99855,249,99932,249,99850,100,99933,299,99678,100,99987,100,99598,100,99992,100,99445,100,100003,100,99435,100,100004,100,99418,100,100011,100,99338,100,100020,100,99261,100
2019-06-28 09:43:50.000000000,99877,160,99855,160,99928,160,99850,160,99932,160,99678,160,99933,359,99598,160,99987,160,99445,160,99992,100,99435,100,100003,100,99418,100,100004,100,99338,100,100011,100,99261,100,100020,100,99234,100
2019-06-28 09:43:58.370243399,99877,160,99855,60,99928,160,99850,160,99932,160,99678,160,99933,359,99598,160,99987,160,99445,160,99992,100,99435,100,100003,100,99418,100,100004,100,99338,100,100011,100,99261,100,100020,100,99234,100
2019-06-28 09:44:00.000000000,99877,398,99850,398,99928,100,99678,100,99932,100,99598,100,99933,299,99445,100,99987,100,99435,100,99992,100,99418,100,100003,100,99338,100,100004,100,99261,100,100011,100,99234,100,100020,100,99203,100
2019-06-28 09:44:10.000000000,99877,174,99850,174,99928,174,99678,174,99932,174,99598,174,99933,373,99445,174,99987,100,99435,100,99992,100,99418,100,100003,100,99338,100,100004,100,99261,100,100011,100,99234,100,100020,100,99203,100
2019-06-28 09:44:20.000000000,99877,174,99850,174,99928,174,99678,174,99932,174,99598,174,99933,373,99445,174,99987,100,99435,100,99992,100,99418,100,100003,100,99338,100,100004,100,99261,100,100011,100,99234,100,100020,100,99203,100
2019-06-28 09:44:30.000000000,99877,160,99850,160,99928,160,99678,160,99932,160,99598,160,99933,359,99445,160,99987,160,99435,160,99992,100,99418,100,100003,100,99338,100,100004,100,99261,100,100011,100,99234,100,100020,100,99203,100
2019-06-28 09:44:37.111972399,99877,160,99850,60,99928,160,99678,160,99932,160,99598,160,99933,359,99445,160,99987,160,99435,160,99992,100,99418,100,100003,100,99338,100,100004,100,99261,100,100011,100,99234,100,100020,100,99203,100
2019-06-28 09:44:40.000000000,99877,174,99678,174,99928,174,99598,174,99932,174,99445,174,99933,373,99435,174,99987,100,99418,100,99992,100,99338,100,100003,100,99261,100,100004,100,99234,100,100011,100,99203,100,100020,100,98933,100
2019-06-28 09:44:42.893442670,99877,174,99678,174,99928,174,99598,174,99932,174,99445,174,99933,373,99435,174,99987,100,99418,100,99992,100,99405,100,100003,100,99338,100,100004,100,99261,100,100011,100,99234,100,100020,100,99203,100
2019-06-28 09:44:43.307172969,99877,174,99678,174,99928,174,99598,174,99932,174,99445,174,99933,373,99435,174,99987,100,99418,100,99992,100,99405,100,100003,100,99338,100,100004,100,99330,100,100011,100,99261,100,100020,100,99234,100
2019-06-28 09:44:50.000000000,99877,201,99678,201,99928,198,99598,198,99932,198,99445,198,99933,299,99435,100,99987,100,99418,100,99992,100,99405,100,100003,100,99338,100,100004,100,99330,100,100011,100,99261,100,100020,100,99234,100
2019-06-28 09:44:53.065682291,99876,100,99678,201,99877,201,99598,198,99928,198,99445,198,99932,198,99435,100,99933,299,99418,100,99987,100,99405,100,99992,100,99338,100,100003,100,99330,100,100004,100,99261,100,100011,100,99234,100
2019-06-28 09:44:56.499097607,99876,100,99678,201,99877,201,99661,100,99928,198,99598,198,99932,198,99445,198,99933,299,99435,100,99987,100,99418,100,99992,100,99405,100,100003,100,99338,100,100004,100,99330,100,100011,100,99261,100
2019-06-28 09:45:00.000000000,99876,174,99678,174,99877,174,99661,174,99928,174,99598,174,99932,174,99445,174,99933,299,99435,100,99987,100,99418,100,99992,100,99405,100,100003,100,99338,100,100004,100,99330,100,100011,100,99261,100
2019-06-28 09:45:04.936417805,99736,100,99678,174,99876,174,99661,174,99877,174,99598,174,99928,174,99445,174,99932,174,99435,100,99933,299,99418,100,99987,100,99405,100,99992,100,99338,100,100003,100,99330,100,100004,100,99261,100
2019-06-28 09:45:10.000000000,99736,201,99678,201,99876,198,99661,198,99877,198,99598,198,99928,100,99445,100,99932,100,99435,100,99933,299,99418,100,99987,100,99405,100,99992,100,99338,100,100003,100,99330,100,100004,100,99261,100
2019-06-28 09:45:14.704104247,99736,201,99678,201,99876,298,99661,198,99877,198,99598,198,99928,100,99445,100,99932,100,99435,100,99933,299,99418,100,99987,100,99405,100,99992,100,99338,100,100003,100,99330,100,100004,100,99261,100
2019-06-28 09:45:20.000000000,99736,201,99678,201,99876,298,99661,198,99877,198,99598,198,99928,100,99445,100,99932,100,99435,100,99933,299,99418,100,99987,100,99405,100,99992,100,99338,100,100003,100,99330,100,100004,100,99261,100
2019-06-28 09:45:30.000000000,99736,398,99678,398,99876,200,99661,100,99877,100,99598,100,99928,100,99445,100,99932,100,99435,100,99933,299,99418,100,99987,100,99405,100,99992,100,99338,100,100003,100,99330,100,100004,100,99261,100
2019-06-28 09:45:40.000000000,99736,174,99678,174,99876,274,99661,174,99877,174,99598,174,99928,174,99445,174,99932,100,99435,100,99933,299,99418,100,99987,100,99405,100,99992,100,99338,100,100003,100,99330,100,100004,100,99261,100
2019-06-28 09:45:50.000000000,99736,174,99678,174,99876,274,99661,174,99877,174,99598,174,99928,174,99445,174,99932,100,99435,100,99933,299,99418,100,99987,100,99405,100,99992,100,99338,100,100003,100,99330,100,100004,100,99261,100
2019-06-28 09:45:57.618510124,99736,74,99678,174,99876,274,99661,174,99877,174,99598,174,99928,174,99554,100,99932,100,99445,174,99933,299,99435,100,99987,100,99418,100,99992,100,99405,100,100003,100,99338,100,100004,100,99330,100
2019-06-28 09:46:00.000000000,99876,498,99678,398,99877,100,99661,100,99928,100,99598,100,99932,100,99554,100,99933,299,99445,100,99987,100,99435,100,99992,100,99418,100,100003,100,99405,100,100004,100,99338,100,100011,100,99330,100
2019-06-28 09:46:10.000000000,99876,274,99678,174,99877,174,99661,174,99928,174,99598,174,99932,174,99554,174,99933,299,99445,100,99987,100,99435,100,99992,100,99418,100,100003,100,99405,100,100004,100,99338,100,100011,100,99330,100
2019-06-28 09:46:20.000000000,99876,260,99678,160,99877,160,99661,160,99928,160,99598,160,99932,160,99554,160,99933,359,99445,160,99987,100,99435,100,99992,100,99418,100,100003,100,99405,100,100004,100,99338,100,100011,100,99330,100
2019-06-28 09:46:30.000000000,99876,274,99678,174,99877,174,99661,174,99928,174,99598,174,99932,174,99554,174,99933,299,99445,100,99987,100,99435,100,99992,100,99418,100,100003,100,99405,100,100004,100,99338,100,100011,100,99330,100
2019-06-28 09:46:40.000000000,99876,274,99678,174,99877,174,99661,174,99928,174,99598,174,99932,174,99554,174,99933,299,99445,100,99987,100,99435,100,99992,100,99418,100,100003,100,99405,100,100004,100,99338,100,100011,100,99330,100
2019-06-28 09:46:44.408771448,99876,274,99678,174,99877,274,99661,174,99928,174,99598,174,99932,174,99554,174,99933,299,99445,100,99987,100,99435,100,99992,100,99418,100,100003,100,99405,100,100004,100,99338,100,100011,100,99330,100
2019-06-28 09:46:50.000000000,99876,498,99678,398,99877,200,99661,100,99928,100,99598,100,99932,100,99554,100,99933,299,99445,100,99987,100,99435,100,99992,100,99418,100,100003,100,99405,100,100004,100,99338,100,100011,100,99330,100
2019-06-28 09:46:54.784320733,99876,598,99678,398,99877,200,99661,100,99928,100,99598,100,99932,100,99554,100,99933,299,99445,100,99987,100,99435,100,99992,100,99418,100,100003,100,99405,100,100004,100,99338,100,100011,100,99330,100
2019-06-28 09:47:00.000000000,99876,374,99678,174,99877,274,99661,174,99928,174,99598,174,99932,174,99554,174,99933,299,99445,100,99987,100,99435,100,99992,100,99418,100,100003,100,99405,100,100004,100,99338,100,100011,100,99330,100
2019-06-28 09:47:10.000000000,99876,449,99678,249,99877,349,99661,249,99928,100,99598,100,99932,100,99554,100,99933,299,99445,100,99987,100,99435,100,99992,100,99418,100,100003,100,99405,100,100004,100,99338,100,100011,100,99330,100
2019-06-28 09:47:12.577101957,99876,449,99678,249,99877,349,99661,249,99928,100,99598,100,99932,100,99554,100,99933,299,99445,100,99987,100,99435,100,99992,100,99418,100,100003,100,99338,100,100004,100,99330,100,100011,100,99295,100
2019-06-28 09:47:20.000000000,99876,374,99678,174,99877,274,99661,174,99928,174,99598,174,99932,174,99554,174,99933,299,99445,100,99987,100,99435,100,99992,100,99418,100,100003,100,99338,100,100004,100,99330,100,100011,100,99295,100
2019-06-28 09:47:24.015186633,99876,374,99678,174,99877,274,99661,174,99928,174,99598,174,99932,174,99554,174,99933,299,99491,100,99987,100,99445,100,99992,100,99435,100,100003,100,99418,100,100004,100,99338,100,100011,100,99330,100
2019-06-28 09:47:27.541332839,99876,374,99678,74,99877,274,99661,174,99928,174,99598,174,99932,174,99554,174,99933,299,99491,100,99987,100,99445,100,99992,100,99435,100,100003,100,99418,100,100004,100,99330,100,100011,100,99261,100
2019-06-28 09:47:30.000000000,99876,360,99661,160,99877,260,99598,160,99928,160,99554,160,99932,160,99491,160,99933,359,99445,160,99987,100,99435,100,99992,100,99418,100,100003,100,99330,100,100004,100,99261,100,100011,100,99203,100
2019-06-28 09:47:34.992204903,99876,360,99661,60,99877,260,99598,160,99928,160,99554,160,99932,160,99491,160,99933,260,99445,160,99987,100,99435,100,99992,100,99418,100,100003,100,99330,100,100004,100,99261,100,100011,100,99203,100
2019-06-28 09:47:36.132564233,99876,360,99661,60,99877,260,99598,160,99928,160,99554,160,99932,160,99491,160,99933,260,99445,160,99987,100,99435,100,99992,100,99418,100,100003,100,99330,100,100004,100,99203,100,100011,100,99182,100
2019-06-28 09:47:37.215405147,99678,100,99661,60,99876,360,99598,160,99877,260,99554,160,99928,160,99491,160,99932,160,99445,160,99933,260,99435,100,99987,100,99418,100,99992,100,99330,100,100003,100,99203,100,100004,100,99182,100
2019-06-28 09:47:40.000000000,99678,160,99598,160,99876,360,99554,160,99877,260,99491,160,99928,160,99445,160,99932,160,99435,160,99933,200,99418,100,99987,100,99330,100,99992,100,99203,100,100003,100,99182,100,100004,100,98933,100
2019-06-28 09:47:47.623114389,99598,40,99554,160,99678,160,99491,160,99876,360,99445,160,99877,260,99435,160,99928,160,99418,100,99932,160,99330,100,99933,200,99203,100,99987,100,99182,100,99992,100,98933,100,100003,100,,
2019-06-28 09:47:48.249152660,99598,40,99554,160,99678,160,99491,160,99876,360,99445,160,99877,260,99435,160,99928,160,99418,100,99932,160,99330,100,99933,200,99203,100,99987,100,99182,100,99992,100,99104,100,100004,100,98933,100
2019-06-28 09:47:50.000000000,99598,114,99554,174,99678,174,99491,174,99876,374,99445,174,99877,274,99435,174,99928,100,99418,100,99932,100,99330,100,99933,200,99203,100,99987,100,99182,100,99992,100,99104,100,100004,100,98933,100
2019-06-28 09:48:00.000000000,99598,189,99554,249,99678,249,99491,249,99876,300,99445,100,99877,200,99435,100,99928,100,99418,100,99932,100,99330,100,99933,200,99203,100,99987,100,99182,100,99992,100,99104,100,100004,100,98933,100
2019-06-28 09:48:10.000000000,99598,100,99554,160,99678,160,99491,160,99876,360,99445,160,99877,260,99435,160,99928,160,99418,160,99932,100,99330,100,99933,200,99203,100,99987,100,99182,100,99992,100,99104,100,100004,100,98933,100
2019-06-28 09:48:15.893207779,99598,100,99554,160,99678,160,99491,160,99876,360,99445,160,99877,260,99435,160,99928,160,99418,160,99932,100,99330,100,99933,200,99261,100,99987,100,99203,100,99992,100,99182,100,100004,100,99104,100
2019-06-28 09:48:20.000000000,99598,141,99554,201,99678,198,99491,198,99876,398,99445,198,99877,200,99435,100,99928,100,99418,100,99932,100,99330,100,99933,200,99261,100,99987,100,99203,100,99992,100,99182,100,100004,100,99104,100
2019-06-28 09:48:30.000000000,99598,141,99554,201,99678,198,99491,198,99876,398,99445,198,99877,200,99435,100,99928,100,99418,100,99932,100,99330,100,99933,200,99261,100,99987,100,99203,100,99992,100,99182,100,100004,100,99104,100
2019-06-28 09:48:39.406817318,99598,141,99554,101,99678,198,99491,198,99876,398,99445,198,99877,200,99435,100,99928,100,99418,100,99932,100,99330,100,99933,200,99261,100,99987,100,99182,100,99992,100,99104,100,100004,100,98933,100
2019-06-28 09:48:40.000000000,99598,338,99491,398,99678,100,99445,100,99876,300,99435,100,99877,200,99418,100,99928,100,99330,100,99932,100,99261,100,99933,200,99182,100,99987,100,99104,100,99992,100,98933,100,100004,100,,
2019-06-28 09:48:45.356405836,99598,338,99491,398,99678,100,99445,100,99876,300,99435,100,99877,200,99418,100,99928,100,99330,100,99932,100,99261,100,99933,200,99182,100,99987,100,99104,100,99992,100,98947,100,100004,100,98933,100
2019-06-28 09:48:47.276699663,99598,338,99491,398,99678,100,99445,100,99876,300,99435,100,99877,200,99418,100,99928,100,99330,100,99932,100,99261,100,99933,200,99205,100,99987,100,99182,100,99992,100,99104,100,100004,100,98947,100
2019-06-28 09:48:50.000000000,99598,189,99491,249,99678,249,99445,249,99876,300,99435,100,99877,200,99418,100,99928,100,99330,100,99932,100,99261,100,99933,200,99205,100,99987,100,99182,100,99992,100,99104,100,100004,100,98947,100
2019-06-28 09:49:00.000000000,99598,141,99491,201,99678,198,99445,198,99876,398,99435,198,99877,200,99418,100,99928,100,99330,100,99932,100,99261,100,99933,200,99205,100,99987,100,99182,100,99992,100,99104,100,100004,100,98947,100
2019-06-28 09:49:03.369215800,99598,141,99491,101,99678,198,99445,198,99876,398,99435,198,99877,200,99418,100,99928,100,99330,100,99932,100,99261,100,99933,200,99205,100,99987,100,99182,100,99992,100,99104,100,100004,100,98947,100
2019-06-28 09:49:04.791309399,99598,141,99491,101,99678,198,99445,198,99876,398,99435,198,99877,200,99418,100,99928,100,99330,100,99932,100,99261,100,99933,200,99239,100,99987,100,99205,100,99992,100,99182,100,100004,100,99104,100
2019-06-28 09:49:10.000000000,99598,338,99445,398,99678,100,99435,100,99876,300,99418,100,99877,200,99330,100,99928,100,99261,100,99932,100,99239,100,99933,200,99205,100,99987,100,99182,100,99992,100,99104,100,100004,100,98947,100
2019-06-28 09:49:18.694748895,99554,100,99445,398,99598,338,99435,100,99678,100,99418,100,99876,300,99330,100,99877,200,99261,100,99928,100,99239,100,99933,200,99205,100,99987,100,99182,100,99992,100,99104,100,100004,100,98947,100
2019-06-28 09:49:20.000000000,99554,160,99445,160,99598,100,99435,160,99678,160,99418,160,99876,360,99330,160,99877,260,99261,160,99928,100,99239,100,99933,200,99205,100,99987,100,99182,100,99992,100,99104,100,100004,100,98947,100
2019-06-28 09:49:30.000000000,99554,174,99445,174,99598,114,99435,174,99678,174,99418,174,99876,374,99330,174,99877,200,99261,100,99928,100,99239,100,99933,200,99205,100,99987,100,99182,100,99992,100,99104,100,100004,100,98947,100
2019-06-28 09:49:32.708855299,99554,174,99445,74,99598,114,99435,174,99678,174,99418,174,99876,374,99330,174,99877,200,99261,100,99928,100,99239,100,99933,200,99205,100,99987,100,99182,100,99992,100,99104,100,100004,100,98947,100
2019-06-28 09:49:40.000000000,99554,398,99435,398,99598,40,99418,100,99678,100,99330,100,99876,300,99261,100,99877,200,99239,100,99928,100,99205,100,99933,200,99182,100,99987,100,99104,100,99992,100,98947,100,100004,100,98933,100
2019-06-28 09:49:45.619155225,99554,398,99435,298,99598,40,99418,100,99678,100,99330,100,99876,300,99261,100,99877,200,99239,100,99928,100,99205,100,99933,200,99182,100,99987,100,99104,100,99992,100,98947,100,100004,100,98933,100
2019-06-28 09:49:50.000000000,99554,249,99418,249,99598,189,99330,249,99678,100,99261,100,99876,300,99239,100,99877,200,99205,100,99928,100,99182,100,99933,200,99104,100,99987,100,98947,100,99992,100,98933,100,100004,100,98886,100
2019-06-28 09:49:56.252584181,99554,249,99418,149,99598,189,99330,249,99678,100,99261,100,99876,300,99239,100,99877,200,99205,100,99928,100,99182,100,99933,200,99104,100,99987,100,98947,100,99992,100,98933,100,100004,100,98886,100
2019-06-28 09:50:00.000000000,99554,160,99330,160,99598,100,99261,160,99678,160,99239,160,99876,360,99205,160,99877,260,99182,160,99928,100,99104,100,99933,200,98947,100,99987,100,98933,100,99992,100,98886,100,100004,100,,
2019-06-28 09:50:05.710353689,99554,160,99330,60,99598,100,99261,160,99678,160,99239,160,99876,360,99205,160,99877,260,99182,160,99928,100,99104,100,99933,200,98947,100,99987,100,98933,100,99992,100,98886,100,100004,100,,
2019-06-28 09:50:10.000000000,99554,174,99261,174,99598,114,99239,174,99678,174,99205,174,99876,374,99182,174,99877,200,99104,100,99928,100,98947,100,99933,200,98933,100,99987,100,98886,100,99992,100,,,100004,100,,
2019-06-28 09:50:20.000000000,99554,249,99261,249,99598,189,99239,249,99678,100,99205,100,99876,300,99182,100,99877,200,99104,100,99928,100,98947,100,99933,200,98933,100,99987,100,98886,100,99992,100,,,100004,100,,
2019-06-28 09:50:24.411205586,99435,100,99261,249,99554,249,99239,249,99598,189,99205,100,99678,100,99182,100,99876,300,99104,100,99877,200,98947,100,99928,100,98933,100,99933,200,98886,100,99987,100,,,99992,100,,
2019-06-28 09:50:30.000000000,99435,398,99261,398,99554,100,99239,100,99598,40,99205,100,99678,100,99182,100,99876,300,99104,100,99877,200,98947,100,99928,100,98933,100,99933,200,98886,100,99987,100,,,99992,100,,
2019-06-28 09:50:39.593447953,99435,398,99261,398,99554,100,99239,100,99598,40,99205,100,99678,100,99182,100,99876,300,99104,100,99877,200,99070,100,99928,100,98947,100,99933,200,98933,100,99987,100,98886,100,99992,100,,
2019-06-28 09:50:40.000000000,99435,249,99261,249,99554,249,99239,249,99598,40,99205,100,99678,100,99182,100,99876,300,99104,100,99877,200,99070,100,99928,100,98947,100,99933,200,98933,100,99987,100,98886,100,99992,100,,
2019-06-28 09:50:50.000000000,99435,174,99261,174,99554,174,99239,174,99598,114,99205,174,99678,174,99182,174,99876,300,99104,100,99877,200,99070,100,99928,100,98947,100,99933,200,98933,100,99987,100,98886,100,99992,100,,
2019-06-28 09:50:54.391762791,99435,174,99261,174,99554,174,99239,174,99598,114,99205,174,99678,174,99182,174,99876,300,99104,100,99877,200,99070,100,99928,100,98947,100,99933,200,98933,100,99987,100,98907,100,99992,100,98886,100
2019-06-28 09:51:00.000000000,99435,201,99261,201,99554,198,99239,198,99598,138,99205,198,99678,100,99182,100,99876,300,99104,100,99877,200,99070,100,99928,100,98947,100,99933,200,98933,100,99987,100,98907,100,99992,100,98886,100
2019-06-28 09:51:10.000000000,99435,249,99261,249,99554,249,99239,249,99598,40,99205,100,99678,100,99182,100,99876,300,99104,100,99877,200,99070,100,99928,100,98947,100,99933,200,98933,100,99987,100,98907,100,99992,100,98886,100
2019-06-28 09:51:12.529333363,99435,349,99261,249,99554,249,99239,249,99598,40,99205,100,99678,100,99182,100,99876,200,99104,100,99877,200,99070,100,99928,100,98947,100,99933,200,98933,100,99987,100,98907,100,99992,100,98886,100
2019-06-28 09:51:20.000000000,99435,301,99261,201,99554,198,99239,198,99598,138,99205,198,99678,100,99182,100,99876,200,99104,100,99877,200,99070,100,99928,100,98947,100,99933,200,98933,100,99987,100,98907,100,99992,100,98886,100
2019-06-28 09:51:30.000000000,99435,301,99261,201,99554,198,99239,198,99598,138,99205,198,99678,100,99182,100,99876,200,99104,100,99877,200,99070,100,99928,100,98947,100,99933,200,98933,100,99987,100,98907,100,99992,100,98886,100
2019-06-28 09:51:40.000000000,99435,274,99261,174,99554,174,99239,174,99598,114,99205,174,99678,174,99182,174,99876,200,99104,100,99877,200,99070,100,99928,100,98947,100,99933,200,98933,100,99987,100,98907,100,99992,100,98886,100
2019-06-28 09:51:40.658463042,99435,274,99261,174,99554,74,99239,174,99598,114,99205,174,99678,174,99182,174,99876,200,99104,100,99877,200,99070,100,99928,100,98947,100,99933,200,98933,100,99987,100,98907,100,99992,100,98886,100
2019-06-28 09:51:42.732416713,99435,274,99261,174,99554,74,99239,174,99598,114,99205,174,99678,174,99182,174,99743,100,99104,100,99876,200,99070,100,99877,200,98947,100,99928,100,98933,100,99933,200,98907,100,99987,100,98886,100
2019-06-28 09:51:50.000000000,99435,260,99261,160,99598,100,99239,160,99678,160,99205,160,99743,160,99182,160,99876,260,99104,160,99877,200,99070,100,99928,100,98947,100,99933,200,98933,100,99987,100,98907,100,99992,100,98886,100
2019-06-28 09:51:59.857733505,99435,260,99345,100,99598,100,99261,160,99678,160,99239,160,99743,160,99205,160,99876,260,99182,160,99877,200,99104,160,99928,100,99070,100,99933,200,98947,100,99987,100,98933,100,99992,100,98907,100
2019-06-28 09:52:00.000000000,99435,260,99345,160,99598,100,99261,160,99678,160,99239,160,99743,160,99205,160,99876,260,99182,160,99877,200,99104,100,99928,100,99070,100,99933,200,98947,100,99987,100,98933,100,99992,100,98907,100
2019-06-28 09:52:10.000000000,99435,498,99345,398,99598,40,99261,100,99678,100,99239,100,99743,100,99205,100,99876,200,99182,100,99877,200,99104,100,99928,100,99070,100,99933,200,98947,100,99987,100,98933,100,99992,100,98907,100
2019-06-28 09:52:20.000000000,99435,274,99345,174,99598,114,99261,174,99678,174,99239,174,99743,174,99205,174,99876,200,99182,100,99877,200,99104,100,99928,100,99070,100,99933,200,98947,100,99987,100,98933,100,99992,100,98907,100
2019-06-28 09:52:30.000000000,99435,274,99345,174,99598,114,99261,174,99678,174,99239,174,99743,174,99205,174,99876,200,99182,100,99877,200,99104,100,99928,100,99070,100,99933,200,98947,100,99987,100,98933,100,99992,100,98907,100
2019-06-28 09:52:40.000000000,99435,349,99345,249,99598,189,99261,249,99678,100,99239,100,99743,100,99205,100,99876,200,99182,100,99877,200,99104,100,99928,100,99070,100,99933,200,98947,100,99987,100,98933,100,99992,100,98907,100
2019-06-28 09:52:50.000000000,99435,301,99345,201,99598,138,99261,198,99678,198,99239,198,99743,100,99205,100,99876,200,99182,100,99877,200,99104,100,99928,100,99070,100,99933,200,98947,100,99987,100,98933,100,99992,100,98907,100
2019-06-28 09:53:00.000000000,99435,301,99345,201,99598,138,99261,198,99678,198,99239,198,99743,100,99205,100,99876,200,99182,100,99877,200,99104,100,99928,100,99070,100,99933,200,98947,100,99987,100,98933,100,99992,100,98907,100
2019-06-28 09:53:06.944950042,99435,301,99345,101,99598,138,99261,198,99678,198,99239,198,99743,100,99205,100,99876,200,99182,100,99877,200,99104,100,99928,100,99070,100,99933,200,98933,100,99987,100,98907,100,99992,100,98886,100
2019-06-28 09:53:10.000000000,99435,349,99261,249,99598,189,99239,249,99678,100,99205,100,99743,100,99182,100,99876,200,99104,100,99877,200,99070,100,99928,100,98933,100,99933,200,98907,100,99987,100,98886,100,99992,100,,
2019-06-28 09:53:18.142139351,99435,349,99261,149,99598,189,99239,249,99678,100,99205,100,99743,100,99182,100,99876,200,99104,100,99877,200,99070,100,99928,100,98933,100,99933,200,98907,100,99987,100,98886,100,99992,100,,
2019-06-28 09:53:20.000000000,99435,349,99239,249,99598,189,99205,249,99678,100,99182,100,99743,100,99104,100,99876,200,99070,100,99877,200,98933,100,99928,100,98907,100,99933,200,98886,100,99987,100,,,99992,100,,
2019-06-28 09:53:21.831345202,99435,349,99239,249,99598,189,99205,249,99678,100,99182,100,99743,100,99104,100,99876,200,99070,100,99877,200,98933,100,99928,100,98907,100,99933,200,98886,100,99987,100,98149,100,99992,100,,
2019-06-28 09:53:30.000000000,99435,349,99239,249,99598,189,99205,249,99678,100,99182,100,99743,100,99104,100,99876,200,99070,100,99877,200,98933,100,99928,100,98907,100,99933,200,98886,100,99987,100,98149,100,99992,100,,
2019-06-28 09:53:30.953373614,99435,349,99239,249,99598,189,99205,249,99678,100,99182,100,99743,100,99104,100,99876,200,99070,100,99877,200,98933,100,99928,100,98907,100,99933,200,98886,100,99987,100,98616,100,99992,100,98149,100
2019-06-28 09:53:40.000000000,99435,498,99239,398,99598,40,99205,100,99678,100,99182,100,99743,100,99104,100,99876,200,99070,100,99877,200,98933,100,99928,100,98907,100,99933,200,98886,100,99987,100,98616,100,99992,100,98149,100
2019-06-28 09:53:44.821704447,99435,498,99239,398,99598,40,99205,100,99678,100,99182,100,99743,100,99104,100,99876,200,99070,100,99877,200,98933,100,99928,100,98907,100,99933,200,98886,100,99987,100,98616,100,99992,100,98526,100
2019-06-28 09:53:50.000000000,99435,349,99239,249,99598,189,99205,249,99678,100,99182,100,99743,100,99104,100,99876,200,99070,100,99877,200,98933,100,99928,100,98907,100,99933,200,98886,100,99987,100,98616,100,99992,100,98526,100
2019-06-28 09:54:00.000000000,99435,498,99239,398,99598,40,99205,100,99678,100,99182,100,99743,100,99104,100,99876,200,99070,100,99877,200,98933,100,99928,100,98907,100,99933,200,98886,100,99987,100,98616,100,99992,100,98526,100
2019-06-28 09:54:10.000000000,99435,349,99239,249,99598,189,99205,249,99678,100,99182,100,99743,100,99104,100,99876,200,99070,100,99877,200,98933,100,99928,100,98907,100,99933,200,98886,100,99987,100,98616,100,99992,100,98526,100
2019-06-28 09:54:19.129101957,99356,100,99239,249,99435,349,99205,249,99598,189,99182,100,99678,100,99104,100,99743,100,99070,100,99876,200,98933,100,99877,200,98907,100,99928,100,98886,100,99933,200,98616,100,99987,100,98526,100
2019-06-28 09:54:20.000000000,99356,201,99239,201,99435,298,99205,198,99598,138,99182,198,99678,100,99104,100,99743,100,99070,100,99876,200,98933,100,99877,200,98907,100,99928,100,98886,100,99933,200,98616,100,99987,100,98526,100
2019-06-28 09:54:20.653221331,99356,201,99311,100,99435,298,99239,201,99598,138,99205,198,99678,100,99182,198,99743,100,99104,100,99876,200,99070,100,99877,200,98933,100,99928,100,98907,100,99933,200,98886,100,99987,100,98616,100
2019-06-28 09:54:30.000000000,99356,174,99311,174,99435,274,99239,174,99598,114,99205,174,99678,174,99182,174,99743,100,99104,100,99876,200,99070,100,99877,200,98933,100,99928,100,98907,100,99933,200,98886,100,99987,100,98616,100
2019-06-28 09:54:40.000000000,99356,160,99311,160,99435,260,99239,160,99598,100,99205,160,99678,160,99182,160,99743,160,99104,160,99876,200,99070,100,99877,200,98933,100,99928,100,98907,100,99933,200,98886,100,99987,100,98616,100
2019-06-28 09:54:50.000000000,99356,160,99311,160,99435,260,99239,160,99598,100,99205,160,99678,160,99182,160,99743,160,99104,160,99876,200,99070,100,99877,200,98933,100,99928,100,98907,100,99933,200,98886,100,99987,100,98616,100
2019-06-28 09:54:56.508750702,99356,60,99311,160,99435,260,99239,160,99598,100,99205,160,99678,160,99182,160,99743,160,99104,160,99876,200,99070,100,99877,200,98933,100,99928,100,98907,100,99933,200,98886,100,99987,100,98616,100
2019-06-28 09:54:59.267379368,99356,60,99312,100,99435,260,99311,160,99598,100,99239,160,99678,160,99205,160,99743,160,99182,160,99876,200,99104,160,99877,200,99070,100,99928,100,98933,100,99933,200,98907,100,99987,100,98886,100
2019-06-28 09:55:00.000000000,99435,301,99312,201,99598,138,99311,198,99678,198,99239,198,99743,100,99205,100,99876,200,99182,100,99877,200,99104,100,99928,100,99070,100,99933,200,98933,100,99987,100,98907,100,100004,100,98886,100
2019-06-28 09:55:10.000000000,99435,301,99312,201,99598,138,99311,198,99678,198,99239,198,99743,100,99205,100,99876,200,99182,100,99877,200,99104,100,99928,100,99070,100,99933,200,98933,100,99987,100,98907,100,100004,100,98886,100
2019-06-28 09:55:20.000000000,99435,260,99312,160,99598,100,99311,160,99678,160,99239,160,99743,160,99205,160,99876,260,99182,160,99877,200,99104,100,99928,100,99070,100,99933,200,98933,100,99987,100,98907,100,100004,100,98886,100
2019-06-28 09:55:30.000000000,99435,349,99312,249,99598,189,99311,249,99678,100,99239,100,99743,100,99205,100,99876,200,99182,100,99877,200,99104,100,99928,100,99070,100,99933,200,98933,100,99987,100,98907,100,100004,100,98886,100
2019-06-28 09:55:40.000000000,99435,349,99312,249,99598,189,99311,249,99678,100,99239,100,99743,100,99205,100,99876,200,99182,100,99877,200,99104,100,99928,100,99070,100,99933,200,98933,100,99987,100,98907,100,100004,100,98886,100
2019-06-28 09:55:45.803536936,99435,349,99312,249,99598,189,99311,249,99678,100,99260,100,99743,100,99239,100,99876,200,99205,100,99877,200,99182,100,99928,100,99104,100,99933,200,99070,100,99987,100,98933,100,100004,100,98907,100
2019-06-28 09:55:50.000000000,99435,301,99312,201,99598,138,99311,198,99678,198,99260,198,99743,100,99239,100,99876,200,99205,100,99877,200,99182,100,99928,100,99104,100,99933,200,99070,100,99987,100,98933,100,100004,100,98907,100
2019-06-28 09:56:00.000000000,99435,498,99312,398,99598,40,99311,100,99678,100,99260,100,99743,100,99239,100,99876,200,99205,100,99877,200,99182,100,99928,100,99104,100,99933,200,99070,100,99987,100,98933,100,100004,100,98907,100
2019-06-28 09:56:10.000000000,99435,498,99312,398,99598,40,99311,100,99678,100,99260,100,99743,100,99239,100,99876,200,99205,100,99877,200,99182,100,99928,100,99104,100,99933,200,99070,100,99987,100,98933,100,100004,100,98907,100
2019-06-28 09:56:20.000000000,99435,260,99312,160,99598,100,99311,160,99678,160,99260,160,99743,160,99239,160,99876,260,99205,160,99877,200,99182,100,99928,100,99104,100,99933,200,99070,100,99987,100,98933,100,100004,100,98907,100
2019-06-28 09:56:30.000000000,99435,274,99312,174,99598,114,99311,174,99678,174,99260,174,99743,174,99239,174,99876,200,99205,100,99877,200,99182,100,99928,100,99104,100,99933,200,99070,100,99987,100,98933,100,100004,100,98907,100
2019-06-28 09:56:40.000000000,99435,349,99312,249,99598,189,99311,249,99678,100,99260,100,99743,100,99239,100,99876,200,99205,100,99877,200,99182,100,99928,100,99104,100,99933,200,99070,100,99987,100,98933,100,100004,100,98907,100
2019-06-28 09:56:48.648727341,99435,349,99312,149,99598,189,99311,249,99678,100,99260,100,99743,100,99239,100,99876,200,99205,100,99877,200,99182,100,99928,100,99104,100,99933,200,99070,100,99987,100,98933,100,100004,100,98907,100
2019-06-28 09:56:50.000000000,99435,349,99311,249,99598,189,99260,249,99678,100,99239,100,99743,100,99205,100,99876,200,99182,100,99877,200,99104,100,99928,100,99070,100,99933,200,98933,100,99987,100,98907,100,100004,100,98886,100
2019-06-28 09:56:57.116910519,99435,349,99311,249,99598,189,99260,249,99678,100,99239,100,99743,100,99205,100,99876,200,99182,100,99877,200,99104,100,99928,100,99070,100,99933,200,98933,100,100004,100,98907,100,100011,100,98886,100
2019-06-28 09:57:00.000000000,99435,260,99311,160,99598,100,99260,160,99678,160,99239,160,99743,160,99205,160,99876,260,99182,160,99877,200,99104,100,99928,100,99070,100,99933,200,98933,100,100004,100,98907,100,100011,100,98886,100
2019-06-28 09:57:10.000000000,99435,349,99311,249,99598,189,99260,249,99678,100,99239,100,99743,100,99205,100,99876,200,99182,100,99877,200,99104,100,99928,100,99070,100,99933,200,98933,100,100004,100,98907,100,100011,100,98886,100
2019-06-28 09:57:16.809524550,99435,349,99311,249,99598,189,99260,249,99678,100,99239,100,99743,100,99205,100,99876,200,99182,100,99877,200,99104,100,99928,100,99070,100,99933,200,99054,100,100004,100,98933,100,100011,100,98907,100
2019-06-28 09:57:20.000000000,99435,260,99311,160,99598,100,99260,160,99678,160,99239,160,99743,160,99205,160,99876,260,99182,160,99877,200,99104,100,99928,100,99070,100,99933,200,99054,100,100004,100,98933,100,100011,100,98907,100
2019-06-28 09:57:23.062409490,99435,260,99311,60,99598,100,99260,160,99678,160,99239,160,99743,160,99205,160,99876,260,99182,160,99877,200,99104,100,99928,100,99070,100,99933,200,99054,100,100004,100,98933,100,100011,100,98907,100
2019-06-28 09:57:30.000000000,99435,301,99260,201,99598,138,99239,198,99678,198,99205,198,99743,100,99182,100,99876,200,99104,100,99877,200,99070,100,99928,100,99054,100,99933,200,98933,100,100004,100,98907,100,100011,100,98886,100
2019-06-28 09:57:30.893084652,99435,301,99260,201,99598,138,99239,198,99678,198,99205,198,99743,100,99182,100,99876,200,99139,100,99877,200,99104,100,99928,100,99070,100,99933,200,99054,100,100004,100,98933,100,100011,100,98907,100
2019-06-28 09:57:40.000000000,99435,349,99260,249,99598,189,99239,249,99678,100,99205,100,99743,100,99182,100,99876,200,99139,100,99877,200,99104,100,99928,100,99070,100,99933,200,99054,100,100004,100,98933,100,100011,100,98907,100
2019-06-28 09:57:48.160213079,99435,349,99260,149,99598,189,99239,249,99678,100,99205,100,99743,100,99182,100,99876,200,99139,100,99877,200,99104,100,99928,100,99070,100,99933,200,99054,100,100004,100,98933,100,100011,100,98907,100
2019-06-28 09:57:50.000000000,99435,260,99239,160,99598,100,99205,160,99678,160,99182,160,99743,160,99139,160,99876,260,99104,160,99877,200,99070,100,99928,100,99054,100,99933,200,98933,100,100004,100,98907,100,100011,100,98886,100
2019-06-28 09:57:57.068970749,99311,100,99239,160,99435,260,99205,160,99598,100,99182,160,99678,160,99139,160,99743,160,99104,160,99876,260,99070,100,99877,200,99054,100,99928,100,98933,100,99933,200,98907,100,100004,100,98886,100
2019-06-28 09:58:00.000000000,99311,398,99239,398,99435,200,99205,100,99598,40,99182,100,99678,100,99139,100,99743,100,99104,100,99876,200,99070,100,99877,200,99054,100,99928,100,98933,100,99933,200,98907,100,100004,100,98886,100
2019-06-28 09:58:10.000000000,99311,398,99239,398,99435,200,99205,100,99598,40,99182,100,99678,100,99139,100,99743,100,99104,100,99876,200,99070,100,99877,200,99054,100,99928,100,98933,100,99933,200,98907,100,100004,100,98886,100
2019-06-28 09:58:17.818345537,99311,398,99239,298,99435,200,99205,100,99598,40,99182,100,99678,100,99139,100,99743,100,99104,100,99876,200,99070,100,99877,200,99054,100,99928,100,98933,100,99933,200,98907,100,100004,100,98886,100
2019-06-28 09:58:20.000000000,99311,249,99205,249,99435,349,99182,249,99598,40,99139,100,99678,100,99104,100,99743,100,99070,100,99876,200,99054,100,99877,200,98933,100,99928,100,98907,100,99933,200,98886,100,100004,100,,
2019-06-28 09:58:30.000000000,99311,201,99205,201,99435,298,99182,198,99598,138,99139,198,99678,100,99104,100,99743,100,99070,100,99876,200,99054,100,99877,200,98933,100,99928,100,98907,100,99933,200,98886,100,100004,100,,
2019-06-28 09:58:36.380956627,99311,201,99205,201,99435,298,99182,198,99598,138,99139,198,99678,100,99104,100,99743,100,99070,100,99876,200,99054,100,99877,200,98933,100,99928,100,98907,100,99933,200,98886,100,100004,100,98660,100
2019-06-28 09:58:40.000000000,99311,398,99205,398,99435,200,99182,100,99598,40,99139,100,99678,100,99104,100,99743,100,99070,100,99876,200,99054,100,99877,200,98933,100,99928,100,98907,100,99933,200,98886,100,100004,100,98660,100
2019-06-28 09:58:47.683216586,99311,398,99205,298,99435,200,99182,100,99598,40,99139,100,99678,100,99104,100,99743,100,99070,100,99876,200,99054,100,99877,200,98933,100,99928,100,98907,100,99933,200,98886,100,100004,100,98660,100
2019-06-28 09:58:50.000000000,99311,398,99182,398,99435,200,99139,100,99598,40,99104,100,99678,100,99070,100,99743,100,99054,100,99876,200,98933,100,99877,200,98907,100,99928,100,98886,100,99933,200,98660,100,100004,100,,
2019-06-28 09:58:53.235644630,99239,100,99182,398,99311,298,99139,100,99435,200,99104,100,99598,40,99070,100,99678,100,99054,100,99743,100,98933,100,99876,200,98907,100,99877,200,98886,100,99928,100,98660,100,99933,200,,
2019-06-28 09:58:53.800291662,99239,100,99182,398,99311,298,99139,100,99435,200,99104,100,99598,40,99070,100,99678,100,99054,100,99743,100,98933,100,99876,200,98907,100,99877,100,98886,100,99928,100,98793,100,99933,200,98660,100
2019-06-28 09:59:00.000000000,99239,201,99182,201,99435,298,99139,198,99598,138,99104,198,99678,100,99070,100,99743,100,99054,100,99876,200,98933,100,99877,100,98907,100,99928,100,98886,100,99933,200,98793,100,100004,100,98660,100
2019-06-28 09:59:00.498177474,99239,201,99182,101,99435,298,99139,198,99598,138,99104,198,99678,100,99070,100,99743,100,99054,100,99876,200,98933,100,99877,100,98907,100,99928,100,98886,100,99933,200,98793,100,100004,100,98660,100
2019-06-28 09:59:10.000000000,99239,160,99139,160,99435,260,99104,160,99598,100,99070,160,99678,160,99054,160,99743,160,98933,160,99876,200,98907,100,99877,100,98886,100,99928,100,98793,100,99933,200,98660,100,100004,100,,
2019-06-28 09:59:11.116345940,99205,100,99139,160,99239,160,99104,160,99435,260,99070,160,99598,100,99054,160,99678,160,98933,160,99743,160,98907,100,99876,200,98886,100,99877,100,98793,100,99928,100,98660,100,99933,200,,
2019-06-28 09:59:17.720048612,99205,100,99139,60,99239,160,99104,160,99435,260,99070,160,99598,100,99054,160,99678,160,98933,160,99743,160,98907,100,99876,200,98886,100,99877,100,98793,100,99928,100,,,99933,200,,
2019-06-28 09:59:20.000000000,99205,174,99104,174,99239,174,99070,174,99435,274,99054,174,99598,114,98933,174,99678,100,98907,100,99743,100,98886,100,99876,200,98793,100,99877,100,,,99928,100,,,99933,200,,
2019-06-28 09:59:21.093102886,99205,174,99104,74,99239,174,99070,174,99435,274,99054,174,99598,114,98933,174,99678,100,98907,100,99743,100,98886,100,99876,200,98793,100,99877,100,,,99928,100,,,99933,200,,
2019-06-28 09:59:24.395539007,99205,174,99104,74,99239,174,99070,174,99435,274,99054,174,99598,114,98933,174,99678,100,98907,100,99743,100,98886,100,99876,200,98793,100,99877,100,98600,100,99928,100,,,99933,200,,
2019-06-28 09:59:30.000000000,99205,398,99070,398,99239,100,99054,100,99435,200,98933,100,99598,40,98907,100,99678,100,98886,100,99743,100,98793,100,99876,200,98600,100,99877,100,,,99928,100,,,99933,200,,
2019-06-28 09:59:40.000000000,99205,249,99070,249,99239,249,99054,249,99435,200,98933,100,99598,40,98907,100,99678,100,98886,100,99743,100,98793,100,99876,200,98600,100,99877,100,,,99928,100,,,99933,200,,
2019-06-28 09:59:44.421680265,99205,249,99070,149,99239,249,99054,249,99435,200,98933,100,99598,40,98907,100,99678,100,98886,100,99743,100,98793,100,99876,200,98600,100,99877,100,,,99928,100,,,99933,200,,
2019-06-28 09:59:50.000000000,99205,201,99054,201,99239,198,98933,198,99435,298,98907,198,99598,40,98886,100,99678,100,98793,100,99743,100,98600,100,99876,200,,,99877,100,,,99928,100,,,99933,200,,
2019-06-28 10:00:00.000000000,99205,249,99054,249,99239,249,98933,249,99435,200,98907,100,99598,40,98886,100,99678,100,98793,100,99743,100,98600,100,99876,200,,,99877,100,,,99928,100,,,99933,200,,
2019-06-28 10:00:07.855551840,99205,249,99054,149,99239,249,98933,249,99435,200,98907,100,99598,40,98886,100,99678,100,98600,100,99743,100,,,99876,200,,,99877,100,,,99928,100,,,99933,200,,
2019-06-28 10:00:09.777836411,99205,249,99054,49,99239,249,98933,249,99435,200,98907,100,99598,40,98886,100,99678,100,98600,100,99743,100,,,99876,200,,,99877,100,,,99928,100,,,99933,200,,
2019-06-28 10:00:10.000000000,99205,174,98933,174,99239,174,98907,174,99435,274,98886,174,99598,114,98600,174,99678,100,,,99743,100,,,99876,200,,,99877,100,,,99928,100,,,99933,200,,
2019-06-28 10:00:11.762195569,99205,174,98933,74,99239,174,98907,174,99435,274,98886,174,99598,114,98600,174,99678,100,,,99743,100,,,99876,200,,,99877,100,,,99928,100,,,99933,200,,
2019-06-28 10:00:20.000000000,99205,398,98907,398,99239,100,98886,100,99435,200,98600,100,99598,40,,,99678,100,,,99743,100,,,99876,200,,,99877,100,,,99928,100,,,99933,200,,
2019-06-28 10:00:22.332000090,99054,100,98907,398,99205,398,98886,100,99239,100,98600,100,99435,200,,,99598,40,,,99678,100,,,99743,100,,,99876,200,,,99877,100,,,99928,100,,
2019-06-28 10:00:29.125577388,99054,100,98907,298,99205,398,98886,100,99239,100,98600,100,99435,200,,,99598,40,,,99678,100,,,99743,100,,,99876,200,,,99877,100,,,99928,100,,
2019-06-28 10:00:30.000000000,99054,201,98886,201,99205,198,98600,198,99239,198,98599,98,99435,200,,,99598,40,,,99678,100,,,99743,100,,,99876,200,,,99877,100,,,99928,100,,
2019-06-28 10:00:40.000000000,99054,160,98886,160,99205,160,98600,160,99239,160,98599,60,99435,260,,,99598,100,,,99678,100,,,99743,100,,,99876,200,,,99877,100,,,99928,100,,
2019-06-28 10:00:50.000000000,99054,398,98886,398,99205,100,98600,100,99239,100,,,99435,200,,,99598,40,,,99678,100,,,99743,100,,,99876,200,,,99877,100,,,99928,100,,
2019-06-28 10:00:51.668805720,98933,100,98886,398,99054,398,98600,100,99205,100,,,99239,100,,,99435,200,,,99598,40,,,99678,100,,,99743,100,,,99876,200,,,99877,100,,
2019-06-28 10:01:00.000000000,98933,160,98886,160,99054,160,98600,160,99205,160,98599,60,99239,160,,,99435,260,,,99598,40,,,99678,100,,,99743,100,,,99876,200,,,99877,100,,
2019-06-28 10:01:07.122869240,98933,160,98886,60,99054,160,98600,160,99205,160,98599,60,99239,160,,,99435,260,,,99598,40,,,99678,100,,,99743,100,,,99876,200,,,99877,100,,
2019-06-28 10:01:10.000000000,98933,160,98600,160,99054,160,98599,60,99205,160,,,99239,160,,,99435,260,,,99598,40,,,99678,100,,,99743,100,,,99876,200,,,99877,100,,
2019-06-28 10:01:20.000000000,98933,160,98600,160,99054,160,98599,60,99205,160,,,99239,160,,,99435,260,,,99598,40,,,99678,100,,,99743,100,,,99876,200,,,99877,100,,
2019-06-28 10:01:20.482834713,98933,160,98600,160,99054,160,98599,60,99205,160,98077,100,99239,160,,,99435,260,,,99678,100,,,99743,100,,,99876,200,,,99877,100,,,99928,100,,
2019-06-28 10:01:20.816689119,98933,160,98600,60,99054,160,98599,60,99205,160,98077,100,99239,160,,,99435,260,,,99678,100,,,99743,100,,,99876,200,,,99877,100,,,99928,100,,
2019-06-28 10:01:30.000000000,98933,201,98077,201,99054,198,98076,98,99205,198,,,99239,100,,,99435,200,,,99678,100,,,99743,100,,,99876,200,,,99877,100,,,99928,100,,
2019-06-28 10:01:31.087407595,98933,201,98077,201,99054,198,98076,98,99205,198,98032,100,99239,100,,,99435,200,,,99678,100,,,99743,100,,,99876,200,,,99877,100,,,99928,100,,
2019-06-28 10:01:35.549370385,98177,100,98077,201,98933,201,98076,98,99054,198,98032,100,99205,198,,,99239,100,,,99435,200,,,99678,100,,,99743,100,,,99876,200,,,99877,100,,
2019-06-28 10:01:40.000000000,98177,160,98077,160,98933,160,98032,160,99054,160,98031,60,99205,160,,,99239,160,,,99435,200,,,99678,100,,,99743,100,,,99876,200,,,99877,100,,
2019-06-28 10:01:41.085935854,98177,160,98120,100,98933,160,98077,160,99054,160,98032,160,99205,160,98031,60,99239,160,,,99435,200,,,99678,100,,,99743,100,,,99876,200,,,99877,100,,
2019-06-28 10:01:45.642841196,98177,160,98120,100,98886,100,98077,160,98933,160,98032,160,99054,160,98031,60,99205,160,,,99239,160,,,99435,200,,,99678,100,,,99743,100,,,99876,200,,
2019-06-28 10:01:50.000000000,98177,398,98120,398,98886,100,98077,100,98933,100,98032,100,99054,100,,,99205,100,,,99239,100,,,99435,200,,,99678,100,,,99743,100,,,99876,200,,
2019-06-28 10:02:00.000000000,98177,249,98120,249,98886,249,98077,249,98933,100,98032,100,99054,100,,,99205,100,,,99239,100,,,99435,200,,,99678,100,,,99743,100,,,99876,200,,
2019-06-28 10:02:04.745642713,98177,249,98120,249,98886,349,98077,249,98933,100,98032,100,99054,100,,,99205,100,,,99239,100,,,99435,100,,,99678,100,,,99743,100,,,99876,200,,
2019-06-28 10:02:08.558639737,98177,249,98120,249,98886,249,98077,249,98933,100,98032,100,99054,100,,,99205,100,,,99239,100,,,99435,100,,,99678,100,,,99743,100,,,99876,200,,
2019-06-28 10:02:10.000000000,98177,249,98120,249,98886,249,98077,249,98933,100,98032,100,99054,100,,,99205,100,,,99239,100,,,99435,100,,,99678,100,,,99743,100,,,99876,200,,
2019-06-28 10:02:12.784679412,98177,249,98120,249,98617,100,98077,249,98886,249,98032,100,98933,100,,,99054,100,,,99205,100,,,99239,100,,,99435,100,,,99678,100,,,99743,100,,
2019-06-28 10:02:15.986817317,98177,249,98120,249,98617,100,98077,249,98886,349,98032,100,98933,100,,,99054,100,,,99205,100,,,99239,100,,,99435,100,,,99678,100,,,99743,100,,
2019-06-28 10:02:17.972558373,98177,149,98120,249,98617,100,98077,249,98886,349,,,98933,100,,,99054,100,,,99205,100,,,99239,100,,,99435,100,,,99678,100,,,99743,100,,
2019-06-28 10:02:20.000000000,98617,398,98120,398,98886,200,98077,100,98933,100,,,99054,100,,,99205,100,,,99239,100,,,99435,100,,,99678,100,,,99743,100,,,99876,200,,
2019-06-28 10:02:25.332089101,98617,298,98120,398,98886,200,98077,100,98933,100,,,99054,100,,,99205,100,,,99239,100,,,99435,100,,,99678,100,,,99743,100,,,99876,200,,
2019-06-28 10:02:30.000000000,98886,274,98120,174,98933,174,98077,174,99054,174,98076,74,99205,174,,,99239,100,,,99435,100,,,99678,100,,,99743,100,,,99876,200,,,99877,100,,
2019-06-28 10:02:40.000000000,98886,301,98120,201,98933,198,98077,198,99054,198,98076,98,99205,100,,,99239,100,,,99435,100,,,99678,100,,,99743,100,,,99876,200,,,99877,100,,
2019-06-28 10:02:46.583148259,98886,301,98120,201,98933,198,98077,198,99054,198,98076,98,99205,100,,,99239,100,,,99435,100,,,99743,100,,,99876,200,,,99877,100,,,99928,100,,
2019-06-28 10:02:50.000000000,98886,274,98120,174,98933,174,98077,174,99054,174,98076,74,99205,174,,,99239,100,,,99435,100,,,99743,100,,,99876,200,,,99877,100,,,99928,100,,
2019-06-28 10:02:50.116686784,98886,274,98120,174,98933,174,98077,174,99022,100,98076,74,99054,174,,,99205,174,,,99239,100,,,99435,100,,,99743,100,,,99876,200,,,99877,100,,
2019-06-28 10:03:00.000000000,98886,260,98120,160,98933,160,98077,160,99022,160,98076,60,99054,160,,,99205,160,,,99239,100,,,99435,100,,,99743,100,,,99876,200,,,99877,100,,
2019-06-28 10:03:10.000000000,98886,274,98120,174,98933,174,98077,174,99022,174,98076,74,99054,174,,,99205,100,,,99239,100,,,99435,100,,,99743,100,,,99876,200,,,99877,100,,
2019-06-28 10:03:20.000000000,98886,260,98120,160,98933,160,98077,160,99022,160,98076,60,99054,160,,,99205,160,,,99239,100,,,99435,100,,,99743,100,,,99876,200,,,99877,100,,
2019-06-28 10:03:30.000000000,98886,498,98120,398,98933,100,98077,100,99022,100,,,99054,100,,,99205,100,,,99239,100,,,99435,100,,,99743,100,,,99876,200,,,99877,100,,
2019-06-28 10:03:40.000000000,98886,301,98120,201,98933,198,98077,198,99022,198,98076,98,99054,100,,,99205,100,,,99239,100,,,99435,100,,,99743,100,,,99876,200,,,99877,100,,
2019-06-28 10:03:44.746698490,98886,301,98177,100,98933,198,98120,201,99022,198,98077,198,99054,100,98076,98,99205,100,,,99239,100,,,99435,100,,,99743,100,,,99876,200,,,99877,100,,
2019-06-28 10:03:48.601490772,98616,100,98177,100,98886,301,98120,201,98933,198,98077,198,99022,198,98076,98,99054,100,,,99205,100,,,99239,100,,,99435,100,,,99743,100,,,99876,200,,
2019-06-28 10:03:50.000000000,98616,249,98177,249,98886,349,98120,249,98933,100,98077,100,99022,100,,,99054,100,,,99205,100,,,99239,100,,,99435,100,,,99743,100,,,99876,200,,
2019-06-28 10:03:57.638140777,98616,349,98177,249,98886,349,98120,249,98933,100,98077,100,99022,100,,,99054,100,,,99205,100,,,99435,100,,,99743,100,,,99876,200,,,99877,100,,
2019-06-28 10:04:00.000000000,98616,274,98177,174,98886,274,98120,174,98933,174,98077,174,99022,174,98076,74,99054,100,,,99205,100,,,99435,100,,,99743,100,,,99876,200,,,99877,100,,
2019-06-28 10:04:08.704580223,98616,374,98177,174,98886,274,98120,174,98933,174,98077,174,99022,174,98076,74,99054,100,,,99205,100,,,99435,100,,,99743,100,,,99876,200,,,99877,100,,
2019-06-28 10:04:10.000000000,98616,401,98177,201,98886,298,98120,198,98933,198,98077,198,99022,100,,,99054,100,,,99205,100,,,99435,100,,,99743,100,,,99876,200,,,99877,100,,
2019-06-28 10:04:20.000000000,98616,360,98177,160,98886,260,98120,160,98933,160,98077,160,99022,160,98076,60,99054,160,,,99205,100,,,99435,100,,,99743,100,,,99876,200,,,99877,100,,
2019-06-28 10:04:30.000000000,98616,360,98177,160,98886,260,98120,160,98933,160,98077,160,99022,160,98076,60,99054,160,,,99205,100,,,99435,100,,,99743,100,,,99876,200,,,99877,100,,
2019-06-28 10:04:33.185797202,98616,260,98177,160,98886,260,98120,160,98933,160,98077,160,99022,160,98076,60,99054,160,,,99205,100,,,99435,100,,,99743,100,,,99876,200,,,99877,100,,
2019-06-28 10:04:40.000000000,98616,274,98177,174,98886,274,98120,174,98933,174,98077,174,99022,174,98076,74,99054,100,,,99205,100,,,99435,100,,,99743,100,,,99876,200,,,99877,100,,
2019-06-28 10:04:50.000000000,98616,260,98177,160,98886,260,98120,160,98933,160,98077,160,99022,160,98076,60,99054,160,,,99205,100,,,99435,100,,,99743,100,,,99876,200,,,99877,100,,
2019-06-28 10:04:50.739396378,98616,260,98177,160,98796,100,98120,160,98886,260,98077,160,98933,160,98076,60,99022,160,,,99054,160,,,99205,100,,,99435,100,,,99743,100,,,99876,200,,
2019-06-28 10:05:00.000000000,98616,260,98177,160,98796,160,98120,160,98886,260,98077,160,98933,160,98076,60,99022,160,,,99054,100,,,99205,100,,,99435,100,,,99743,100,,,99876,200,,
2019-06-28 10:05:10.000000000,98616,274,98177,174,98796,174,98120,174,98886,274,98077,174,98933,174,98076,74,99022,100,,,99054,100,,,99205,100,,,99435,100,,,99743,100,,,99876,200,,
2019-06-28 10:05:20.000000000,98616,349,98177,249,98796,249,98120,249,98886,200,98077,100,98933,100,,,99022,100,,,99054,100,,,99205,100,,,99435,100,,,99743,100,,,99876,200,,
2019-06-28 10:05:30.000000000,98616,274,98177,174,98796,174,98120,174,98886,274,98077,174,98933,174,98076,74,99022,100,,,99054,100,,,99205,100,,,99435,100,,,99743,100,,,99876,200,,
2019-06-28 10:05:32.269137632,98616,274,98177,174,98796,174,98120,174,98886,274,98116,100,98933,174,98077,174,99022,100,98076,74,99054,100,,,99205,100,,,99435,100,,,99743,100,,,99876,200,,
2019-06-28 10:05:39.211429289,98616,274,98177,74,98796,174,98120,174,98886,274,98116,100,98933,174,98077,174,99022,100,98076,74,99054,100,,,99205,100,,,99435,100,,,99743,100,,,99876,200,,
2019-06-28 10:05:40.000000000,98616,349,98120,249,98796,249,98116,249,98886,200,98077,100,98933,100,,,99022,100,,,99054,100,,,99205,100,,,99435,100,,,99743,100,,,99876,200,,
2019-06-28 10:05:45.968257995,98615,100,98120,249,98616,349,98116,249,98796,249,98077,100,98886,200,,,98933,100,,,99022,100,,,99054,100,,,99205,100,,,99435,100,,,99743,100,,
2019-06-28 10:05:50.000000000,98615,249,98120,249,98616,349,98116,249,98796,100,98077,100,98886,200,,,98933,100,,,99022,100,,,99054,100,,,99205,100,,,99435,100,,,99743,100,,
2019-06-28 10:06:00.000000000,98615,201,98120,201,98616,298,98116,198,98796,198,98077,198,98886,200,,,98933,100,,,99022,100,,,99054,100,,,99205,100,,,99435,100,,,99743,100,,
2019-06-28 10:06:10.000000000,98615,201,98120,201,98616,298,98116,198,98796,198,98077,198,98886,200,,,98933,100,,,99022,100,,,99054,100,,,99205,100,,,99435,100,,,99743,100,,
2019-06-28 10:06:18.392038999,98615,201,98120,101,98616,298,98116,198,98796,198,98077,198,98886,200,,,98933,100,,,99022,100,,,99054,100,,,99205,100,,,99435,100,,,99743,100,,
2019-06-28 10:06:20.000000000,98615,174,98116,174,98616,274,98077,174,98796,174,98076,74,98886,274,,,98933,100,,,99022,100,,,99054,100,,,99205,100,,,99435,100,,,99743,100,,
2019-06-28 10:06:23.383070213,98615,174,98116,74,98616,274,98077,174,98796,174,98076,74,98886,274,,,98933,100,,,99022,100,,,99054,100,,,99205,100,,,99435,100,,,99743,100,,
2019-06-28 10:06:27.395177471,98615,174,98116,74,98616,274,98077,174,98796,174,98076,74,98886,274,97857,100,98933,100,,,99022,100,,,99054,100,,,99205,100,,,99435,100,,,99743,100,,
2019-06-28 10:06:30.000000000,98615,398,98077,398,98616,200,97857,100,98796,100,,,98886,200,,,98933,100,,,99022,100,,,99054,100,,,99205,100,,,99435,100,,,99743,100,,
2019-06-28 10:06:40.000000000,98615,160,98077,160,98616,260,97857,160,98796,160,97856,60,98886,260,,,98933,160,,,99022,100,,,99054,100,,,99205,100,,,99435,100,,,99743,100,,
2019-06-28 10:06:40.446305791,98615,160,98214,100,98616,260,98077,160,98796,160,97857,160,98886,260,97856,60,98933,160,,,99022,100,,,99054,100,,,99205,100,,,99435,100,,,99743,100,,
2019-06-28 10:06:41.648511915,98226,100,98214,100,98615,160,98077,160,98616,260,97857,160,98796,160,97856,60,98886,260,,,98933,160,,,99022,100,,,99054,100,,,99205,100,,,99435,100,,
2019-06-28 10:06:50.000000000,98226,249,98214,249,98615,249,98077,249,98616,200,97857,100,98796,100,,,98886,200,,,98933,100,,,99022,100,,,99054,100,,,99205,100,,,99435,100,,
2019-06-28 10:06:55.430898322,98226,149,98214,249,98615,249,98077,249,98616,200,97857,100,98796,100,,,98886,200,,,98933,100,,,99022,100,,,99054,100,,,99205,100,,,99435,100,,
2019-06-28 10:07:00.000000000,98615,174,98214,174,98616,274,98077,174,98796,174,97857,174,98886,274,97856,74,98933,100,,,99022,100,,,99054,100,,,99205,100,,,99435,100,,,99743,100,,
2019-06-28 10:07:10.000000000,98615,160,98214,160,98616,260,98077,160,98796,160,97857,160,98886,260,97856,60,98933,160,,,99022,100,,,99054,100,,,99205,100,,,99435,100,,,99743,100,,
2019-06-28 10:07:13.863940111,98615,160,98417,100,98616,260,98214,160,98796,160,98077,160,98886,260,97857,160,98933,160,97856,60,99022,100,,,99054,100,,,99205,100,,,99435,100,,,99743,100,,
2019-06-28 10:07:15.017583395,98615,160,98417,100,98616,260,98214,160,98796,160,98077,160,98886,260,97857,160,98933,160,97856,60,99022,100,,,99054,100,,,99205,100,,,99435,100,,,99743,100,,
2019-06-28 10:07:18.164063410,98615,160,98417,100,98616,260,98214,160,98694,100,98077,160,98796,160,97857,160,98886,260,97856,60,98933,160,,,99022,100,,,99054,100,,,99205,100,,,99435,100,,
2019-06-28 10:07:20.000000000,98615,398,98417,398,98616,200,98214,100,98694,100,98077,100,98796,100,97857,100,98886,200,,,98933,100,,,99022,100,,,99054,100,,,99205,100,,,99435,100,,
2019-06-28 10:07:30.000000000,98615,201,98417,201,98616,298,98214,198,98694,198,98077,198,98796,100,97857,100,98886,200,,,98933,100,,,99022,100,,,99054,100,,,99205,100,,,99435,100,,
2019-06-28 10:07:40.000000000,98615,249,98417,249,98616,349,98214,249,98694,100,98077,100,98796,100,97857,100,98886,200,,,98933,100,,,99022,100,,,99054,100,,,99205,100,,,99435,100,,
2019-06-28 10:07:50.000000000,98615,160,98417,160,98616,260,98214,160,98694,160,98077,160,98796,160,97857,160,98886,260,97856,60,98933,100,,,99022,100,,,99054,100,,,99205,100,,,99435,100,,
2019-06-28 10:07:58.289181627,98615,160,98417,60,98616,260,98214,160,98694,160,98077,160,98796,160,97857,160,98886,260,97856,60,99022,100,,,99054,100,,,99205,100,,,99435,100,,,99743,100,,
2019-06-28 10:07:58.461584484,98417,40,98214,160,98615,160,98077,160,98616,260,97857,160,98694,160,97856,60,98796,160,,,98886,260,,,99022,100,,,99054,100,,,99205,100,,,99435,100,,
2019-06-28 10:08:00.000000000,98417,141,98214,201,98615,198,98077,198,98616,298,97857,198,98694,100,,,98796,100,,,98886,200,,,99022,100,,,99054,100,,,99205,100,,,99435,100,,
2019-06-28 10:08:00.963116930,98417,241,98214,201,98615,198,98077,198,98616,298,97857,198,98694,100,,,98796,100,,,98886,200,,,99022,100,,,99054,100,,,99205,100,,,99435,100,,
2019-06-28 10:08:01.137539262,98417,241,98238,100,98615,198,98214,201,98616,298,98077,198,98694,100,97857,198,98796,100,,,98886,200,,,99022,100,,,99054,100,,,99205,100,,,99435,100,,
2019-06-28 10:08:10.000000000,98417,214,98238,174,98615,174,98214,174,98616,274,98077,174,98694,174,97857,174,98796,100,,,98886,200,,,99022,100,,,99054,100,,,99205,100,,,99435,100,,
2019-06-28 10:08:20.000000000,98417,241,98238,201,98615,198,98214,198,98616,298,98077,198,98694,100,97857,100,98796,100,,,98886,200,,,99022,100,,,99054,100,,,99205,100,,,99435,100,,
2019-06-28 10:08:30.000000000,98417,289,98238,249,98615,249,98214,249,98616,200,98077,100,98694,100,97857,100,98796,100,,,98886,200,,,99022,100,,,99054,100,,,99205,100,,,99435,100,,
2019-06-28 10:08:40.000000000,98417,289,98238,249,98615,249,98214,249,98616,200,98077,100,98694,100,97857,100,98796,100,,,98886,200,,,99022,100,,,99054,100,,,99205,100,,,99435,100,,
2019-06-28 10:08:50.000000000,98417,289,98238,249,98615,249,98214,249,98616,200,98077,100,98694,100,97857,100,98796,100,,,98886,200,,,99022,100,,,99054,100,,,99205,100,,,99435,100,,
2019-06-28 10:09:00.000000000,98417,200,98238,160,98615,160,98214,160,98616,260,98077,160,98694,160,97857,160,98796,160,97856,60,98886,200,,,99022,100,,,99054,100,,,99205,100,,,99435,100,,
2019-06-28 10:09:10.000000000,98417,200,98238,160,98615,160,98214,160,98616,260,98077,160,98694,160,97857,160,98796,160,97856,60,98886,200,,,99022,100,,,99054,100,,,99205,100,,,99435,100,,
2019-06-28 10:09:20.000000000,98417,289,98238,249,98615,249,98214,249,98616,200,98077,100,98694,100,97857,100,98796,100,,,98886,200,,,99022,100,,,99054,100,,,99205,100,,,99435,100,,
2019-06-28 10:09:30.000000000,98417,214,98238,174,98615,174,98214,174,98616,274,98077,174,98694,174,97857,174,98796,100,,,98886,200,,,99022,100,,,99054,100,,,99205,100,,,99435,100,,
2019-06-28 10:09:40.000000000,98417,438,98238,398,98615,100,98214,100,98616,200,98077,100,98694,100,97857,100,98796,100,,,98886,200,,,99022,100,,,99054,100,,,99205,100,,,99435,100,,
2019-06-28 10:09:50.000000000,98417,438,98238,398,98615,100,98214,100,98616,200,98077,100,98694,100,97857,100,98796,100,,,98886,200,,,99022,100,,,99054,100,,,99205,100,,,99435,100,,
2019-06-28 10:10:00.000000000,98417,214,98238,174,98615,174,98214,174,98616,274,98077,174,98694,174,97857,174,98796,100,,,98886,200,,,99022,100,,,99054,100,,,99205,100,,,99435,100,,
2019-06-28 10:10:02.676661381,98417,114,98238,174,98615,174,98214,174,98616,274,98077,174,98694,174,97857,174,98796,100,,,98886,200,,,99022,100,,,99054,100,,,99205,100,,,99435,100,,
2019-06-28 10:10:06.809884007,98417,14,98238,174,98615,174,98214,174,98616,274,98077,174,98694,174,97857,174,98796,100,,,98886,200,,,99022,100,,,99054,100,,,99205,100,,,99435,100,,
2019-06-28 10:10:10.000000000,98615,174,98238,174,98616,274,98214,174,98694,174,98077,174,98796,174,97857,174,98886,200,,,99022,100,,,99054,100,,,99205,100,,,99435,100,,,99743,100,,
2019-06-28 10:10:18.524093163,98615,174,98238,174,98616,274,98214,174,98694,174,98077,174,98796,174,97857,174,98886,200,,,99022,100,,,99054,100,,,99435,100,,,99743,100,,,99876,200,,
2019-06-28 10:10:20.000000000,98615,249,98238,249,98616,349,98214,249,98694,100,98077,100,98796,100,97857,100,98886,200,,,99022,100,,,99054,100,,,99435,100,,,99743,100,,,99876,200,,
2019-06-28 10:10:20.351845574,98615,149,98238,249,98616,349,98214,249,98694,100,98077,100,98886,200,97857,100,99022,100,,,99054,100,,,99435,100,,,99743,100,,,99876,200,,,99877,100,,
2019-06-28 10:10:28.960792265,98615,149,98238,249,98616,349,98214,249,98694,100,98077,100,98886,200,97857,100,99022,100,,,99054,100,,,99435,100,,,99861,100,,,99876,200,,,99877,100,,
2019-06-28 10:10:29.081167794,98615,49,98238,249,98616,349,98214,249,98694,100,98077,100,98886,200,97857,100,99022,100,,,99054,100,,,99435,100,,,99861,100,,,99876,200,,,99877,100,,
2019-06-28 10:10:30.000000000,98616,274,98238,174,98694,174,98214,174,98886,274,98077,174,99022,174,97857,174,99054,100,,,99435,100,,,99861,100,,,99876,200,,,99877,100,,,99933,100,,
2019-06-28 10:10:34.976858916,98616,174,98238,174,98694,174,98214,174,98886,274,98077,174,99022,174,97857,174,99054,100,,,99435,100,,,99861,100,,,99876,200,,,99877,100,,,99933,100,,
2019-06-28 10:10:40.000000000,98616,201,98238,201,98694,198,98214,198,98886,298,98077,198,99022,100,97857,100,99054,100,,,99435,100,,,99861,100,,,99876,200,,,99877,100,,,99933,100,,
2019-06-28 10:10:43.870726043,98616,201,98238,201,98694,198,98214,198,98886,298,98077,198,99022,100,97857,100,99054,100,,,99435,100,,,99809,100,,,99861,100,,,99876,200,,,99877,100,,
2019-06-28 10:10:50.000000000,98616,398,98238,398,98694,100,98214,100,98886,200,98077,100,99022,100,97857,100,99054,100,,,99435,100,,,99809,100,,,99861,100,,,99876,200,,,99877,100,,
2019-06-28 10:10:50.195730493,98616,398,98238,398,98694,100,98214,100,98886,200,98077,100,99022,100,97857,100,99054,100,,,99435,100,,,99661,100,,,99809,100,,,99861,100,,,99876,200,,
2019-06-28 10:11:00.000000000,98616,160,98238,160,98694,160,98214,160,98886,260,98077,160,99022,160,97857,160,99054,160,97856,60,99435,100,,,99661,100,,,99809,100,,,99861,100,,,99876,200,,
2019-06-28 10:11:02.349959526,98616,160,98238,160,98694,160,98214,160,98886,260,98077,160,99022,160,97857,160,99054,160,97856,60,99435,100,,,99615,100,,,99661,100,,,99809,100,,,99861,100,,
2019-06-28 10:11:10.000000000,98616,160,98238,160,98694,160,98214,160,98886,260,98077,160,99022,160,97857,160,99054,160,97856,60,99435,100,,,99615,100,,,99661,100,,,99809,100,,,99861,100,,
2019-06-28 10:11:11.338158084,98616,60,98238,160,98694,160,98214,160,98886,260,98077,160,99022,160,97857,160,99054,160,97856,60,99435,100,,,99615,100,,,99661,100,,,99809,100,,,99861,100,,
2019-06-28 10:11:20.000000000,98694,160,98238,160,98886,260,98214,160,99022,160,98077,160,99054,160,97857,160,99435,160,97856,60,99615,100,,,99661,100,,,99809,100,,,99861,100,,,99876,200,,
2019-06-28 10:11:24.476415125,98694,160,98238,160,98886,260,98214,160,99022,160,98077,160,99054,160,97857,160,99435,160,97856,60,99602,100,,,99615,100,,,99661,100,,,99809,100,,,99861,100,,
2019-06-28 10:11:29.455894365,98694,60,98238,160,98886,260,98214,160,99022,160,98077,160,99054,160,97857,160,99435,160,97856,60,99602,100,,,99615,100,,,99661,100,,,99809,100,,,99861,100,,
2019-06-28 10:11:30.000000000,98886,274,98238,174,99022,174,98214,174,99054,174,98077,174,99435,174,97857,174,99602,100,,,99615,100,,,99661,100,,,99809,100,,,99861,100,,,99876,200,,
2019-06-28 10:11:40.000000000,98886,260,98238,160,99022,160,98214,160,99054,160,98077,160,99435,160,97857,160,99602,160,97856,60,99615,100,,,99661,100,,,99809,100,,,99861,100,,,99876,200,,
2019-06-28 10:11:48.463589934,98886,260,98238,160,99022,160,98214,160,99054,160,98077,160,99435,160,97857,160,99602,160,97856,60,99661,100,,,99809,100,,,99810,100,,,99861,100,,,99876,200,,
2019-06-28 10:11:50.000000000,98886,260,98238,160,99022,160,98214,160,99054,160,98077,160,99435,160,97857,160,99602,160,97856,60,99661,100,,,99809,100,,,99810,100,,,99861,100,,,99876,200,,
2019-06-28 10:12:00.000000000,98886,274,98238,174,99022,174,98214,174,99054,174,98077,174,99435,174,97857,174,99602,100,,,99661,100,,,99809,100,,,99810,100,,,99861,100,,,99876,200,,
2019-06-28 10:12:03.707775550,98886,174,98238,174,99022,174,98214,174,99054,174,98077,174,99435,174,97857,174,99602,100,,,99661,100,,,99809,100,,,99810,100,,,99861,100,,,99876,200,,
2019-06-28 10:12:10.000000000,98886,249,98238,249,99022,249,98214,249,99054,100,98077,100,99435,100,97857,100,99602,100,,,99661,100,,,99809,100,,,99810,100,,,99861,100,,,99876,200,,
2019-06-28 10:12:13.129466013,98886,249,98238,249,99022,249,98214,249,99054,100,98077,100,99435,100,97857,100,99602,100,,,99661,100,,,99809,100,,,99810,100,,,99861,100,,,99876,200,,
