,ask_price_1,ask_size_1,bid_price_1,bid_size_1,ask_price_2,ask_size_2,bid_price_2,bid_size_2,ask_price_3,ask_size_3,bid_price_3,bid_size_3,ask_price_4,ask_size_4,bid_price_4,bid_size_4,ask_price_5,ask_size_5,bid_price_5,bid_size_5,ask_price_6,ask_size_6,bid_price_6,bid_size_6,ask_price_7,ask_size_7,bid_price_7,bid_size_7,ask_price_8,ask_size_8,bid_price_8,bid_size_8,ask_price_9,ask_size_9,bid_price_9,bid_size_9,ask_price_10,ask_size_10,bid_price_10,bid_size_10
2019-06-28 09:30:00.000000000,100040,100,,,,,,,,,,,,,,,,,,,,,,,,,,,,,,,,,,,,,,
2019-06-28 09:30:00.000000001,100040,100,,,100123,100,,,,,,,,,,,,,,,,,,,,,,,,,,,,,,,,,,
2019-06-28 09:30:00.000000002,99923,100,,,100040,100,,,100123,100,,,,,,,,,,,,,,,,,,,,,,,,,,,,,,
2019-06-28 09:30:00.000000003,99923,100,,,100040,100,,,100083,100,,,100123,100,,,,,,,,,,,,,,,,,,,,,,,,,,
2019-06-28 09:30:00.000000004,100040,100,,,100083,100,,,100123,100,,,,,,,,,,,,,,,,,,,,,,,,,,,,,,
2019-06-28 09:30:00.000000005,100040,100,,,100083,100,,,100084,100,,,100123,100,,,,,,,,,,,,,,,,,,,,,,,,,,
2019-06-28 09:30:00.000000006,100040,100,,,100083,100,,,100084,100,,,100123,100,,,100210,100,,,,,,,,,,,,,,,,,,,,,,
2019-06-28 09:30:00.000000007,100040,100,,,100052,100,,,100083,100,,,100084,100,,,100123,100,,,100128,100,,,100210,100,,,,,,,,,,,,,,
2019-06-28 09:30:00.000000008,100040,100,99999,100,100052,100,,,100083,100,,,100084,100,,,100123,100,,,100128,100,,,100210,100,,,,,,,,,,,,,,
2019-06-28 09:30:00.000000011,100040,100,,,100052,100,,,100083,100,,,100084,100,,,100123,100,,,100128,100,,,100210,100,,,,,,,,,,,,,,
2019-06-28 09:30:00.000000013,100040,100,99826,100,100052,100,,,100069,100,,,100083,100,,,100084,100,,,100123,100,,,100128,100,,,100210,100,,,,,,,,,,
2019-06-28 09:30:00.000000014,100040,100,99967,100,100052,100,99826,100,100069,100,,,100083,100,,,100084,100,,,100123,100,,,100128,100,,,100210,100,,,,,,,,,,
2019-06-28 09:30:00.000000015,100040,100,99967,100,100052,100,99880,100,100069,100,99826,100,100083,100,,,100084,100,,,100123,100,,,100128,100,,,100210,100,,,,,,,,,,
2019-06-28 09:30:00.000000016,100028,100,99995,100,100040,100,99967,100,100052,100,99880,100,100069,100,99826,100,100083,100,,,100084,100,,,100123,100,,,100128,100,,,100210,100,,,,,,
2019-06-28 09:30:00.000000017,100028,100,99995,100,100040,100,99967,100,100052,100,99923,100,100069,100,99880,100,100083,100,99826,100,100084,100,,,100123,100,,,100128,100,,,100210,100,,,,,,
2019-06-28 09:30:00.000000018,100028,100,99976,100,100040,100,99967,100,100052,100,99923,100,100069,100,99880,100,100083,100,99826,100,100084,100,,,100123,100,,,100128,100,,,100210,100,,,,,,
2019-06-28 09:30:00.000000019,100028,100,99976,100,100040,100,99967,100,100052,100,99923,100,100069,100,99899,100,100083,100,99880,100,100084,100,99826,100,100112,100,,,100123,100,,,100128,100,,,100210,100,,
2019-06-28 09:30:00.000000022,100028,100,99976,100,100040,100,99967,100,100052,100,99923,100,100069,100,99899,100,100083,100,99893,100,100084,100,99880,100,100112,100,99826,100,100123,100,,,100128,100,,,100210,100,,
2019-06-28 09:30:00.000000023,100028,100,99976,100,100040,100,99967,100,100052,100,99923,100,100069,100,99899,100,100083,100,99893,100,100084,100,99880,100,100112,100,99831,100,100123,100,99826,100,100128,100,,,100210,100,,
2019-06-28 09:30:00.000000025,100028,100,99995,100,100040,100,99976,100,100052,100,99967,100,100069,100,99923,100,100083,100,99899,100,100084,100,99893,100,100112,100,99880,100,100123,100,99831,100,100128,100,99826,100,100210,100,,
2019-06-28 09:30:00.000000030,100028,100,100010,100,100040,100,99995,200,100052,100,99976,100,100069,100,99967,100,100083,100,99923,100,100084,100,99899,100,100112,100,99893,100,100123,100,99880,100,100128,100,99831,100,100210,100,99826,100
2019-06-28 09:30:00.000000034,100028,100,100010,100,100040,100,99995,200,100052,100,99976,100,100069,100,99967,100,100083,100,99923,100,100084,100,99899,100,100112,100,99893,100,100123,100,99888,100,100128,100,99880,100,100210,100,99831,100
2019-06-28 09:30:00.000000040,100028,100,100010,100,100040,100,99995,200,100052,200,99976,100,100062,100,99967,100,100069,100,99923,100,100083,100,99899,100,100084,100,99893,100,100112,100,99888,100,100123,100,99880,100,100128,100,99831,100
2019-06-28 09:30:00.000000042,100028,100,100010,100,100040,100,99995,200,100049,100,99976,100,100052,200,99967,100,100062,100,99923,100,100069,100,99899,100,100083,100,99893,100,100084,100,99888,100,100112,100,99880,100,100123,100,99831,100
2019-06-28 09:30:00.000000046,100028,100,99995,200,100040,100,99976,100,100049,100,99967,100,100052,200,99923,100,100062,100,99899,100,100069,100,99893,100,100083,100,99888,100,100084,100,99880,100,100112,100,99831,100,100123,100,99826,100
2019-06-28 09:30:00.000000050,100038,100,99995,200,100040,100,99976,100,100049,100,99967,100,100052,200,99923,100,100062,100,99899,100,100069,100,99893,100,100083,100,99888,100,100084,100,99880,100,100112,100,99831,100,100123,100,99826,100
2019-06-28 09:30:00.000000051,100038,100,99995,200,100040,100,99976,100,100049,100,99967,100,100052,200,99923,100,100062,100,99918,100,100069,100,99899,100,100083,100,99893,100,100084,100,99888,100,100112,100,99880,100,100123,100,99831,100
2019-06-28 09:30:00.000000052,100038,100,99995,200,100040,100,99976,100,100049,100,99967,100,100052,200,99924,100,100062,100,99923,100,100069,100,99918,100,100083,100,99899,100,100084,100,99893,100,100112,100,99888,100,100123,100,99880,100
2019-06-28 09:30:00.000000053,100038,100,99995,200,100040,100,99976,100,100049,100,99967,100,100052,200,99924,100,100062,100,99923,100,100069,100,99918,100,100083,100,99899,100,100084,100,99893,100,100112,100,99888,100,100123,100,99880,100
2019-06-28 09:30:00.000000054,100038,100,99995,200,100040,100,99976,100,100049,100,99967,100,100052,200,99924,100,100062,100,99923,100,100069,100,99918,100,100083,100,99899,100,100084,100,99893,100,100112,100,99888,100,100123,100,99880,100
2019-06-28 09:30:00.000000058,100038,100,100000,100,100040,100,99995,200,100049,100,99976,100,100052,200,99967,100,100062,100,99939,100,100069,100,99924,100,100083,100,99923,100,100084,100,99918,100,100112,100,99899,100,100123,100,99893,100
2019-06-28 09:30:00.000000062,100038,100,100000,100,100040,100,99995,200,100049,100,99976,100,100052,200,99967,100,100062,100,99961,100,100069,100,99946,100,100083,100,99939,100,100084,100,99924,100,100112,100,99923,100,100123,100,99918,100
2019-06-28 09:30:00.000000065,100038,100,100000,100,100040,100,99995,200,100049,100,99976,100,100052,200,99967,100,100062,100,99961,100,100069,100,99946,100,100083,100,99939,100,100084,100,99924,100,100112,100,99923,100,100123,100,99918,100
2019-06-28 09:30:00.000000069,100038,100,100000,100,100040,100,99995,200,100049,100,99976,100,100052,200,99967,100,100062,100,99961,100,100069,100,99946,100,100083,100,99939,100,100084,100,99924,100,100112,100,99923,100,100123,100,99918,100
2019-06-28 09:30:00.000000070,100038,100,100000,100,100040,100,99995,200,100049,100,99976,100,100052,200,99967,100,100062,100,99961,100,100069,100,99946,100,100083,100,99939,100,100084,100,99924,100,100112,100,99923,100,100123,100,99918,100
2019-06-28 09:30:00.000000073,100038,100,100000,100,100040,100,99995,200,100049,100,99976,100,100052,200,99967,100,100062,100,99961,100,100069,100,99946,100,100076,100,99939,100,100083,100,99924,100,100084,100,99923,100,100112,100,99918,100
2019-06-28 09:30:00.000000078,100038,100,100000,100,100040,100,99995,200,100049,100,99976,100,100052,200,99967,100,100062,100,99961,100,100069,100,99946,100,100076,100,99939,100,100080,100,99924,100,100083,100,99923,100,100084,100,99918,100
2019-06-28 09:30:00.000000079,100038,100,100000,100,100040,100,99995,200,100049,100,99976,100,100052,200,99967,100,100062,100,99961,100,100069,100,99952,100,100076,100,99946,100,100080,100,99939,100,100083,100,99924,100,100084,100,99923,100
2019-06-28 09:30:00.000000081,100038,100,99995,200,100040,100,99976,100,100049,100,99967,100,100052,200,99961,100,100062,100,99952,100,100069,100,99946,100,100076,100,99939,100,100080,100,99924,100,100083,100,99923,100,100084,100,99918,100
2019-06-28 09:30:00.000000083,100038,100,99995,200,100040,100,99976,100,100049,100,99967,100,100052,200,99961,100,100062,100,99952,100,100069,100,99946,100,100076,100,99939,100,100080,100,99924,200,100083,100,99923,100,100084,100,99918,100
2019-06-28 09:30:00.000000084,100038,100,99995,200,100040,100,99976,100,100049,100,99967,100,100052,200,99961,100,100062,100,99952,100,100069,100,99946,100,100076,100,99939,100,100080,100,99924,200,100083,100,99923,100,100084,100,99918,100
2019-06-28 09:30:00.000000087,100038,100,100000,100,100040,100,99995,200,100049,100,99976,100,100052,200,99967,100,100062,100,99961,100,100069,100,99960,100,100076,100,99952,100,100080,100,99946,100,100083,100,99939,100,100084,100,99924,200
2019-06-28 09:30:00.000000091,100038,100,100000,100,100040,100,99995,200,100049,100,99976,100,100052,200,99967,100,100062,100,99961,100,100069,100,99960,100,100076,100,99952,100,100080,100,99946,100,100083,100,99939,100,100084,100,99924,200
2019-06-28 09:30:00.000000094,100038,100,100000,100,100040,100,99995,200,100049,100,99976,100,100052,200,99967,100,100062,100,99961,100,100069,100,99960,100,100076,100,99952,100,100080,100,99946,100,100083,100,99939,100,100084,100,99924,200
2019-06-28 09:30:00.000000096,100038,100,100000,100,100040,100,99995,200,100049,100,99976,100,100052,200,99967,100,100062,100,99961,100,100069,100,99960,100,100076,100,99952,100,100080,100,99946,100,100083,100,99939,100,100084,100,99924,200
2019-06-28 09:30:00.000000099,100028,100,100000,100,100038,100,99995,200,100040,100,99976,100,100049,100,99967,100,100052,200,99961,100,100062,100,99960,100,100069,100,99952,100,100076,100,99946,100,100080,100,99939,100,100083,100,99924,200
2019-06-28 09:30:00.295204115,100028,200,100000,100,100038,100,99995,200,100040,100,99976,100,100049,100,99967,100,100052,200,99961,100,100062,100,99960,100,100069,100,99952,100,100076,100,99946,100,100080,100,99939,100,100083,100,99924,200
2019-06-28 09:30:10.000000000,100028,304,100000,204,100038,204,99995,304,100040,204,99976,204,100049,204,99967,204,100052,200,99961,100,100062,100,99960,100,100069,100,99952,100,100076,100,99946,100,100080,100,99939,100,100083,100,99924,200
2019-06-28 09:30:14.294949744,100028,304,100000,204,100038,204,99995,304,100040,204,99976,204,100049,204,99967,204,100052,200,99961,100,100062,100,99952,100,100069,100,99946,100,100076,100,99939,100,100080,100,99924,200,100083,100,99923,100
2019-06-28 09:30:20.000000000,100028,304,100000,204,100038,204,99995,304,100040,204,99976,204,100049,204,99967,204,100052,200,99961,100,100062,100,99952,100,100069,100,99946,100,100076,100,99939,100,100080,100,99924,200,100083,100,99923,100
2019-06-28 09:30:30.000000000,100028,304,100000,204,100038,204,99995,304,100040,204,99976,204,100049,204,99967,204,100052,200,99961,100,100062,100,99952,100,100069,100,99946,100,100076,100,99939,100,100080,100,99924,200,100083,100,99923,100
2019-06-28 09:30:40.000000000,100028,284,100000,184,100038,184,99995,284,100040,184,99976,184,100049,184,99967,184,100052,284,99961,184,100062,100,99952,100,100069,100,99946,100,100076,100,99939,100,100080,100,99924,200,100083,100,99923,100
2019-06-28 09:30:50.000000000,100028,342,100000,242,100038,238,99995,338,100040,238,99976,238,100049,100,99967,100,100052,200,99961,100,100062,100,99952,100,100069,100,99946,100,100076,100,99939,100,100080,100,99924,200,100083,100,99923,100
2019-06-28 09:31:00.000000000,100028,284,100000,184,100038,184,99995,284,100040,184,99976,184,100049,184,99967,184,100052,284,99961,184,100062,100,99952,100,100069,100,99946,100,100076,100,99939,100,100080,100,99924,200,100083,100,99923,100
2019-06-28 09:31:10.000000000,100028,304,100000,204,100038,204,99995,304,100040,204,99976,204,100049,204,99967,204,100052,200,99961,100,100062,100,99952,100,100069,100,99946,100,100076,100,99939,100,100080,100,99924,200,100083,100,99923,100
2019-06-28 09:31:20.000000000,100028,304,100000,204,100038,204,99995,304,100040,204,99976,204,100049,204,99967,204,100052,200,99961,100,100062,100,99952,100,100069,100,99946,100,100076,100,99939,100,100080,100,99924,200,100083,100,99923,100
2019-06-28 09:31:30.000000000,100028,618,100000,518,100038,100,99995,200,100040,100,99976,100,100049,100,99967,100,100052,200,99961,100,100062,100,99952,100,100069,100,99946,100,100076,100,99939,100,100080,100,99924,200,100083,100,99923,100
2019-06-28 09:31:31.019629126,100016,100,100000,518,100028,618,99995,200,100038,100,99976,100,100040,100,99967,100,100049,100,99961,100,100052,200,99952,100,100062,100,99946,100,100069,100,99939,100,100076,100,99924,200,100080,100,99923,100
2019-06-28 09:31:40.000000000,100016,242,100000,242,100028,338,99995,338,100038,238,99976,238,100040,100,99967,100,100049,100,99961,100,100052,200,99952,100,100062,100,99946,100,100069,100,99939,100,100076,100,99924,200,100080,100,99923,100
2019-06-28 09:31:50.000000000,100016,518,100000,518,100028,200,99995,200,100038,100,99976,100,100040,100,99967,100,100049,100,99961,100,100052,200,99952,100,100062,100,99946,100,100069,100,99939,100,100076,100,99924,200,100080,100,99923,100
2019-06-28 09:32:00.000000000,100016,204,100000,204,100028,304,99995,304,100038,204,99976,204,100040,204,99967,204,100049,100,99961,100,100052,200,99952,100,100062,100,99946,100,100069,100,99939,100,100076,100,99924,200,100080,100,99923,100
2019-06-28 09:32:10.000000000,100016,309,100000,309,100028,409,99995,409,100038,100,99976,100,100040,100,99967,100,100049,100,99961,100,100052,200,99952,100,100062,100,99946,100,100069,100,99939,100,100076,100,99924,200,100080,100,99923,100
2019-06-28 09:32:20.000000000,100016,309,100000,309,100028,409,99995,409,100038,100,99976,100,100040,100,99967,100,100049,100,99961,100,100052,200,99952,100,100062,100,99946,100,100069,100,99939,100,100076,100,99924,200,100080,100,99923,100
2019-06-28 09:32:21.721997025,100016,309,100000,309,100028,509,99995,409,100038,100,99976,100,100040,100,99967,100,100049,100,99961,100,100052,200,99952,100,100062,100,99946,100,100069,100,99939,100,100076,100,99924,200,100080,100,99923,100
2019-06-28 09:32:26.854866811,100016,309,100000,309,100028,609,99995,409,100038,100,99976,100,100040,100,99967,100,100049,100,99961,100,100052,200,99952,100,100062,100,99946,100,100069,100,99939,100,100076,100,99924,200,100080,100,99923,100
2019-06-28 09:32:28.843550630,100016,309,100000,309,100028,609,99995,409,100038,100,99976,100,100040,100,99967,100,100049,100,99961,100,100052,200,99946,100,100062,100,99939,100,100069,100,99924,200,100076,100,99923,100,100080,100,99918,100
2019-06-28 09:32:30.000000000,100016,518,100000,518,100028,400,99995,200,100038,100,99976,100,100040,100,99967,100,100049,100,99961,100,100052,200,99946,100,100062,100,99939,100,100069,100,99924,200,100076,100,99923,100,100080,100,99918,100
2019-06-28 09:32:36.878360425,100016,518,100000,518,100028,400,99995,200,100038,100,99976,100,100040,100,99967,100,100049,100,99961,100,100052,200,99946,100,100062,100,99939,100,100069,100,99924,200,100076,100,99923,100,100080,100,99906,100
2019-06-28 09:32:40.000000000,100016,518,100000,518,100028,400,99995,200,100038,100,99976,100,100040,100,99967,100,100049,100,99961,100,100052,200,99946,100,100062,100,99939,100,100069,100,99924,200,100076,100,99923,100,100080,100,99906,100
2019-06-28 09:32:50.000000000,100016,518,100000,518,100028,400,99995,200,100038,100,99976,100,100040,100,99967,100,100049,100,99961,100,100052,200,99946,100,100062,100,99939,100,100069,100,99924,200,100076,100,99923,100,100080,100,99906,100
2019-06-28 09:32:50.390163459,100016,518,100000,418,100028,400,99995,200,100038,100,99967,100,100040,100,99961,100,100049,100,99946,100,100052,200,99939,100,100062,100,99924,200,100069,100,99923,100,100076,100,99906,100,100080,100,99899,100
2019-06-28 09:32:53.500614115,100016,518,100000,418,100028,400,99995,200,100038,100,99967,100,100040,100,99961,100,100049,100,99946,100,100052,100,99939,100,100062,100,99924,200,100069,100,99923,100,100076,100,99906,100,100080,100,99899,100
2019-06-28 09:32:59.625575758,100016,518,100000,418,100028,400,99995,200,100038,100,99967,100,100040,100,99961,100,100049,100,99946,100,100052,100,99939,100,100062,100,99924,200,100069,100,99923,100,100080,100,99906,100,100083,100,99899,100
2019-06-28 09:33:00.000000000,100016,242,99995,342,100028,538,99967,238,100038,238,99961,238,100040,100,99946,100,100049,100,99939,100,100052,100,99924,200,100062,100,99923,100,100069,100,99906,100,100080,100,99899,100,100083,100,99894,200
2019-06-28 09:33:01.045660662,100016,242,99995,242,100028,538,99967,238,100038,238,99961,238,100040,100,99946,100,100049,100,99939,100,100052,100,99924,200,100062,100,99923,100,100069,100,99906,100,100080,100,99899,100,100083,100,99894,200
2019-06-28 09:33:10.000000000,100016,184,99995,184,100028,484,99967,184,100038,184,99961,184,100040,184,99946,184,100049,184,99939,184,100052,100,99924,200,100062,100,99923,100,100069,100,99906,100,100080,100,99899,100,100083,100,99894,200
2019-06-28 09:33:20.000000000,100016,204,99995,204,100028,504,99967,204,100038,204,99961,204,100040,204,99946,204,100049,100,99939,100,100052,100,99924,200,100062,100,99923,100,100069,100,99906,100,100080,100,99899,100,100083,100,99894,200
2019-06-28 09:33:30.000000000,100016,204,99995,204,100028,504,99967,204,100038,204,99961,204,100040,204,99946,204,100049,100,99939,100,100052,100,99924,200,100062,100,99923,100,100069,100,99906,100,100080,100,99899,100,100083,100,99894,200
2019-06-28 09:33:40.000000000,100016,242,99995,242,100028,538,99967,238,100038,238,99961,238,100040,100,99946,100,100049,100,99939,100,100052,100,99924,200,100062,100,99923,100,100069,100,99906,100,100080,100,99899,100,100083,100,99894,200
2019-06-28 09:33:45.063545087,100016,242,99995,142,100028,538,99967,238,100038,238,99961,238,100040,100,99946,100,100049,100,99939,100,100052,100,99924,200,100062,100,99923,100,100069,100,99906,100,100080,100,99899,100,100083,100,99894,200
2019-06-28 09:33:50.000000000,100016,518,99967,518,100028,400,99961,100,100038,100,99946,100,100040,100,99939,100,100049,100,99924,200,100052,100,99923,100,100062,100,99906,100,100069,100,99899,100,100080,100,99894,200,100083,100,99893,100
2019-06-28 09:33:51.460944362,100016,518,99967,518,100028,400,99961,100,100038,100,99946,100,100040,100,99939,100,100049,100,99924,200,100052,100,99923,100,100062,100,99906,100,100080,100,99899,100,100083,100,99894,200,100112,100,99893,100
2019-06-28 09:34:00.000000000,100016,309,99967,309,100028,609,99961,309,100038,100,99946,100,100040,100,99939,100,100049,100,99924,200,100052,100,99923,100,100062,100,99906,100,100080,100,99899,100,100083,100,99894,200,100112,100,99893,100
2019-06-28 09:34:10.000000000,100016,309,99967,309,100028,609,99961,309,100038,100,99946,100,100040,100,99939,100,100049,100,99924,200,100052,100,99923,100,100062,100,99906,100,100080,100,99899,100,100083,100,99894,200,100112,100,99893,100
2019-06-28 09:34:12.134389299,100016,309,99967,309,100028,609,99961,309,100038,100,99946,100,100040,100,99939,100,100049,100,99924,200,100052,100,99923,100,100062,100,99906,100,100080,100,99899,100,100083,100,99894,200,100112,100,99893,100
2019-06-28 09:34:20.000000000,100016,309,99967,309,100028,609,99961,309,100038,100,99946,100,100040,100,99939,100,100049,100,99924,200,100052,100,99923,100,100062,100,99906,100,100080,100,99899,100,100083,100,99894,200,100112,100,99893,100
2019-06-28 09:34:30.000000000,100016,184,99967,184,100028,484,99961,184,100038,184,99946,184,100040,184,99939,184,100049,184,99924,284,100052,100,99923,100,100062,100,99906,100,100080,100,99899,100,100083,100,99894,200,100112,100,99893,100
2019-06-28 09:34:40.000000000,100016,309,99967,309,100028,609,99961,309,100038,100,99946,100,100040,100,99939,100,100049,100,99924,200,100052,100,99923,100,100062,100,99906,100,100080,100,99899,100,100083,100,99894,200,100112,100,99893,100
2019-06-28 09:34:50.000000000,100016,184,99967,184,100028,484,99961,184,100038,184,99946,184,100040,184,99939,184,100049,184,99924,284,100052,100,99923,100,100062,100,99906,100,100080,100,99899,100,100083,100,99894,200,100112,100,99893,100
2019-06-28 09:34:56.455521066,100016,184,99967,184,100028,484,99961,184,100038,184,99946,184,100040,184,99939,184,100049,184,99924,284,100052,100,99923,100,100062,100,99906,100,100080,100,99899,100,100083,100,99894,200,100112,100,99893,100
2019-06-28 09:35:00.000000000,100016,204,99967,204,100028,504,99961,204,100038,204,99946,204,100040,204,99939,204,100049,100,99924,200,100052,100,99923,100,100062,100,99906,100,100080,100,99899,100,100083,100,99894,200,100112,100,99893,100
2019-06-28 09:35:10.000000000,100016,242,99967,242,100028,538,99961,238,100038,238,99946,238,100040,100,99939,100,100049,100,99924,200,100052,100,99923,100,100062,100,99906,100,100080,100,99899,100,100083,100,99894,200,100112,100,99893,100
2019-06-28 09:35:20.000000000,100016,309,99967,309,100028,609,99961,309,100038,100,99946,100,100040,100,99939,100,100049,100,99924,200,100052,100,99923,100,100062,100,99906,100,100080,100,99899,100,100083,100,99894,200,100112,100,99893,100
2019-06-28 09:35:21.858211667,99995,100,99967,309,100016,309,99961,309,100028,609,99946,100,100038,100,99939,100,100040,100,99924,200,100049,100,99923,100,100052,100,99906,100,100062,100,99899,100,100080,100,99894,200,100083,100,99893,100
2019-06-28 09:35:30.000000000,99995,518,99967,518,100016,100,99961,100,100028,400,99946,100,100038,100,99939,100,100040,100,99924,200,100049,100,99923,100,100052,100,99906,100,100062,100,99899,100,100080,100,99894,200,100083,100,99893,100
2019-06-28 09:35:36.083360321,99995,518,99967,518,100016,100,99946,100,100028,400,99939,100,100038,100,99924,200,100040,100,99923,100,100049,100,99906,100,100052,100,99899,100,100062,100,99894,200,100080,100,99893,100,100083,100,99888,100
2019-06-28 09:35:40.000000000,99995,518,99967,518,100016,100,99946,100,100028,400,99939,100,100038,100,99924,200,100040,100,99923,100,100049,100,99906,100,100052,100,99899,100,100062,100,99894,200,100080,100,99893,100,100083,100,99888,100
2019-06-28 09:35:50.000000000,99995,242,99967,242,100016,238,99946,238,100028,538,99939,238,100038,100,99924,200,100040,100,99923,100,100049,100,99906,100,100052,100,99899,100,100062,100,99894,200,100080,100,99893,100,100083,100,99888,100
2019-06-28 09:36:00.000000000,99995,242,99967,242,100016,238,99946,238,100028,538,99939,238,100038,100,99924,200,100040,100,99923,100,100049,100,99906,100,100052,100,99899,100,100062,100,99894,200,100080,100,99893,100,100083,100,99888,100
2019-06-28 09:36:09.419830728,99995,242,99967,142,100016,238,99946,238,100028,538,99939,238,100038,100,99924,200,100049,100,99923,100,100052,100,99906,100,100062,100,99899,100,100080,100,99894,200,100083,100,99893,100,100112,100,99888,100
2019-06-28 09:36:10.000000000,99995,518,99946,518,100016,100,99939,100,100028,400,99924,200,100038,100,99923,100,100049,100,99906,100,100052,100,99899,100,100062,100,99894,200,100080,100,99893,100,100083,100,99888,100,100112,100,99880,100
2019-06-28 09:36:16.795845167,99995,518,99946,418,100016,100,99939,100,100028,400,99924,200,100038,100,99923,100,100049,100,99906,100,100052,100,99899,100,100062,100,99894,200,100080,100,99893,100,100083,100,99888,100,100112,100,99880,100
2019-06-28 09:36:20.000000000,99995,242,99939,242,100016,238,99924,338,100028,538,99923,238,100038,100,99906,100,100049,100,99899,100,100052,100,99894,200,100062,100,99893,100,100080,100,99888,100,100083,100,99880,100,100112,100,99871,100
2019-06-28 09:36:22.023870646,99995,242,99939,242,100016,238,99924,338,100028,538,99923,238,100038,100,99906,100,100049,100,99899,100,100052,100,99894,200,100062,100,99893,100,100080,100,99888,100,100083,100,99880,100,100112,100,99871,100
2019-06-28 09:36:30.000000000,99995,309,99939,309,100016,309,99924,409,100028,400,99923,100,100038,100,99906,100,100049,100,99899,100,100052,100,99894,200,100062,100,99893,100,100080,100,99888,100,100083,100,99880,100,100112,100,99871,100
2019-06-28 09:36:40.000000000,99995,309,99939,309,100016,309,99924,409,100028,400,99923,100,100038,100,99906,100,100049,100,99899,100,100052,100,99894,200,100062,100,99893,100,100080,100,99888,100,100083,100,99880,100,100112,100,99871,100
2019-06-28 09:36:50.000000000,99995,309,99939,309,100016,309,99924,409,100028,400,99923,100,100038,100,99906,100,100049,100,99899,100,100052,100,99894,200,100062,100,99893,100,100080,100,99888,100,100083,100,99880,100,100112,100,99871,100
2019-06-28 09:37:00.000000000,99995,242,99939,242,100016,238,99924,338,100028,538,99923,238,100038,100,99906,100,100049,100,99899,100,100052,100,99894,200,100062,100,99893,100,100080,100,99888,100,100083,100,99880,100,100112,100,99871,100
2019-06-28 09:37:10.000000000,99995,242,99939,242,100016,238,99924,338,100028,538,99923,238,100038,100,99906,100,100049,100,99899,100,100052,100,99894,200,100062,100,99893,100,100080,100,99888,100,100083,100,99880,100,100112,100,99871,100
2019-06-28 09:37:20.000000000,99995,518,99939,518,100016,100,99924,200,100028,400,99923,100,100038,100,99906,100,100049,100,99899,100,100052,100,99894,200,100062,100,99893,100,100080,100,99888,100,100083,100,99880,100,100112,100,99871,100
2019-06-28 09:37:30.000000000,99995,518,99939,518,100016,100,99924,200,100028,400,99923,100,100038,100,99906,100,100049,100,99899,100,100052,100,99894,200,100062,100,99893,100,100080,100,99888,100,100083,100,99880,100,100112,100,99871,100
2019-06-28 09:37:31.808221334,99995,518,99939,418,100016,100,99924,200,100028,400,99923,100,100038,100,99906,100,100049,100,99899,100,100052,100,99894,200,100062,100,99893,100,100080,100,99888,100,100083,100,99880,100,100112,100,99871,100
2019-06-28 09:37:40.000000000,99995,309,99924,409,100016,309,99923,309,100028,400,99906,100,100038,100,99899,100,100049,100,99894,200,100052,100,99893,100,100062,100,99888,100,100080,100,99880,100,100083,100,99871,100,100112,100,99860,100
2019-06-28 09:37:46.908780974,99995,309,99924,309,100016,309,99923,309,100028,400,99906,100,100038,100,99899,100,100049,100,99894,200,100052,100,99893,100,100062,100,99888,100,100080,100,99880,100,100083,100,99871,100,100112,100,99860,100
2019-06-28 09:37:50.000000000,99995,184,99924,184,100016,184,99923,184,100028,484,99906,184,100038,184,99899,184,100049,184,99894,284,100052,100,99893,100,100062,100,99888,100,100080,100,99880,100,100083,100,99871,100,100112,100,99860,100
2019-06-28 09:38:00.000000000,99995,309,99924,309,100016,309,99923,309,100028,400,99906,100,100038,100,99899,100,100049,100,99894,200,100052,100,99893,100,100062,100,99888,100,100080,100,99880,100,100083,100,99871,100,100112,100,99860,100
2019-06-28 09:38:10.000000000,99995,204,99924,204,100016,204,99923,204,100028,504,99906,204,100038,204,99899,204,100049,100,99894,200,100052,100,99893,100,100062,100,99888,100,100080,100,99880,100,100083,100,99871,100,100112,100,99860,100
2019-06-28 09:38:20.000000000,99995,184,99924,184,100016,184,99923,184,100028,484,99906,184,100038,184,99899,184,100049,184,99894,284,100052,100,99893,100,100062,100,99888,100,100080,100,99880,100,100083,100,99871,100,100112,100,99860,100
2019-06-28 09:38:30.000000000,99995,242,99924,242,100016,238,99923,238,100028,538,99906,238,100038,100,99899,100,100049,100,99894,200,100052,100,99893,100,100062,100,99888,100,100080,100,99880,100,100083,100,99871,100,100112,100,99860,100
2019-06-28 09:38:40.000000000,99995,184,99924,184,100016,184,99923,184,100028,484,99906,184,100038,184,99899,184,100049,184,99894,284,100052,100,99893,100,100062,100,99888,100,100080,100,99880,100,100083,100,99871,100,100112,100,99860,100
2019-06-28 09:38:50.000000000,99995,518,99924,518,100016,100,99923,100,100028,400,99906,100,100038,100,99899,100,100049,100,99894,200,100052,100,99893,100,100062,100,99888,100,100080,100,99880,100,100083,100,99871,100,100112,100,99860,100
2019-06-28 09:39:00.000000000,99995,518,99924,518,100016,100,99923,100,100028,400,99906,100,100038,100,99899,100,100049,100,99894,200,100052,100,99893,100,100062,100,99888,100,100080,100,99880,100,100083,100,99871,100,100112,100,99860,100
2019-06-28 09:39:01.983543431,99995,518,99924,518,100016,100,99923,100,100022,100,99906,100,100028,400,99899,100,100038,100,99894,200,100049,100,99893,100,100052,100,99888,100,100062,100,99880,100,100080,100,99871,100,100083,100,99860,100
2019-06-28 09:39:10.000000000,99995,204,99924,204,100016,204,99923,204,100022,204,99906,204,100028,504,99899,204,100038,100,99894,200,100049,100,99893,100,100052,100,99888,100,100062,100,99880,100,100080,100,99871,100,100083,100,99860,100
2019-06-28 09:39:19.049354048,99995,204,99924,204,100016,204,99923,204,100022,204,99906,204,100028,504,99899,204,100038,100,99894,200,100049,100,99888,100,100052,100,99880,100,100062,100,99871,100,100080,100,99860,100,100083,100,99859,100
2019-06-28 09:39:20.000000000,99995,204,99924,204,100016,204,99923,204,100022,204,99906,204,100028,504,99899,204,100038,100,99894,200,100049,100,99888,100,100052,100,99880,100,100062,100,99871,100,100080,100,99860,100,100083,100,99859,100
2019-06-28 09:39:22.748318532,99995,204,99924,204,100016,204,99923,204,100022,204,99906,204,100028,504,99899,204,100038,100,99894,200,100049,100,99888,100,100052,100,99880,100,100062,100,99871,100,100080,100,99860,100,100083,100,99859,100
2019-06-28 09:39:30.000000000,99995,184,99924,184,100016,184,99923,184,100022,184,99906,184,100028,484,99899,184,100038,184,99894,284,100049,100,99888,100,100052,100,99880,100,100062,100,99871,100,100080,100,99860,100,100083,100,99859,100
2019-06-28 09:39:40.000000000,99995,309,99924,309,100016,309,99923,309,100022,100,99906,100,100028,400,99899,100,100038,100,99894,200,100049,100,99888,100,100052,100,99880,100,100062,100,99871,100,100080,100,99860,100,100083,100,99859,100
2019-06-28 09:39:50.000000000,99995,309,99924,309,100016,309,99923,309,100022,100,99906,100,100028,400,99899,100,100038,100,99894,200,100049,100,99888,100,100052,100,99880,100,100062,100,99871,100,100080,100,99860,100,100083,100,99859,100
2019-06-28 09:39:54.289496123,99995,309,99940,100,100016,309,99924,309,100022,100,99923,309,100028,300,99906,100,100038,100,99899,100,100049,100,99894,200,100052,100,99888,100,100062,100,99880,100,100080,100,99871,100,100083,100,99860,100
2019-06-28 09:40:00.000000000,99995,309,99940,309,100016,309,99924,309,100022,100,99923,100,100028,300,99906,100,100038,100,99899,100,100049,100,99894,200,100052,100,99888,100,100062,100,99880,100,100080,100,99871,100,100083,100,99860,100
2019-06-28 09:40:10.000000000,99995,309,99940,309,100016,309,99924,309,100022,100,99923,100,100028,300,99906,100,100038,100,99899,100,100049,100,99894,200,100052,100,99888,100,100062,100,99880,100,100080,100,99871,100,100083,100,99860,100
2019-06-28 09:40:13.974061169,99995,309,99940,309,100016,309,99924,309,100022,100,99923,100,100028,300,99906,100,100038,100,99899,100,100049,100,99894,200,100052,100,99888,100,100062,100,99880,100,100080,100,99871,100,100083,100,99859,100
2019-06-28 09:40:20.000000000,99995,518,99940,518,100016,100,99924,100,100022,100,99923,100,100028,300,99906,100,100038,100,99899,100,100049,100,99894,200,100052,100,99888,100,100062,100,99880,100,100080,100,99871,100,100083,100,99859,100
2019-06-28 09:40:24.012861676,99995,418,99940,518,100016,100,99924,100,100022,100,99923,100,100028,300,99906,100,100038,100,99899,100,100049,100,99894,200,100052,100,99888,100,100062,100,99880,100,100080,100,99871,100,100083,100,99859,100
2019-06-28 09:40:30.000000000,100016,309,99940,309,100022,309,99924,309,100028,300,99923,100,100038,100,99906,100,100049,100,99899,100,100052,100,99894,200,100062,100,99888,100,100080,100,99880,100,100083,100,99871,100,100112,100,99859,100
2019-06-28 09:40:31.933711637,100016,209,99940,309,100022,309,99924,309,100028,300,99923,100,100038,100,99906,100,100049,100,99899,100,100052,100,99894,200,100062,100,99888,100,100080,100,99880,100,100083,100,99871,100,100112,100,99859,100
2019-06-28 09:40:37.815085959,100016,209,99995,100,100022,309,99940,309,100028,200,99924,309,100038,100,99923,100,100049,100,99906,100,100052,100,99899,100,100062,100,99894,200,100080,100,99888,100,100083,100,99880,100,100112,100,99871,100
2019-06-28 09:40:40.000000000,100022,242,99995,242,100028,338,99940,238,100038,238,99924,238,100049,100,99923,100,100052,100,99906,100,100062,100,99899,100,100080,100,99894,200,100083,100,99888,100,100112,100,99880,100,100128,100,99871,100
2019-06-28 09:40:43.855456249,100022,242,99995,242,100028,338,99940,238,100038,238,99924,238,100049,100,99923,100,100052,100,99906,100,100062,100,99899,100,100080,100,99894,200,100083,100,99888,100,100112,100,99880,100,100128,100,99871,100
2019-06-28 09:40:46.464165715,100022,242,99995,342,100028,338,99940,238,100038,238,99924,238,100049,100,99923,100,100052,100,99906,100,100062,100,99899,100,100080,100,99894,200,100083,100,99888,100,100112,100,99880,100,100128,100,99871,100
2019-06-28 09:40:50.000000000,100022,309,99995,409,100028,409,99940,309,100038,100,99924,100,100049,100,99923,100,100052,100,99906,100,100062,100,99899,100,100080,100,99894,200,100083,100,99888,100,100112,100,99880,100,100128,100,99871,100
2019-06-28 09:41:00.000000000,100022,204,99995,304,100028,304,99940,204,100038,204,99924,204,100049,204,99923,204,100052,100,99906,100,100062,100,99899,100,100080,100,99894,200,100083,100,99888,100,100112,100,99880,100,100128,100,99871,100
2019-06-28 09:41:08.574721108,100022,204,99995,404,100028,304,99940,204,100038,204,99924,204,100049,204,99923,204,100052,100,99906,100,100062,100,99899,100,100080,100,99894,200,100083,100,99888,100,100112,100,99880,100,100128,100,99871,100
2019-06-28 09:41:10.000000000,100022,184,99995,384,100028,284,99940,184,100038,184,99924,184,100049,184,99923,184,100052,184,99906,184,100062,100,99899,100,100080,100,99894,200,100083,100,99888,100,100112,100,99880,100,100128,100,99871,100
2019-06-28 09:41:18.852450724,100022,84,99995,384,100028,284,99940,184,100038,184,99924,184,100049,184,99923,184,100052,184,99906,184,100080,100,99899,100,100083,100,99894,200,100112,100,99888,100,100128,100,99880,100,100137,100,99871,100
2019-06-28 09:41:20.000000000,100028,304,99995,404,100038,204,99940,204,100049,204,99924,204,100052,204,99923,204,100080,100,99906,100,100083,100,99899,100,100112,100,99894,200,100128,100,99888,100,100137,100,99880,100,100146,100,99871,100
2019-06-28 09:41:30.000000000,100028,284,99995,384,100038,184,99940,184,100049,184,99924,184,100052,184,99923,184,100080,184,99906,184,100083,100,99899,100,100112,100,99894,200,100128,100,99888,100,100137,100,99880,100,100146,100,99871,100
2019-06-28 09:41:40.000000000,100028,618,99995,718,100038,100,99940,100,100049,100,99924,100,100052,100,99923,100,100080,100,99906,100,100083,100,99899,100,100112,100,99894,200,100128,100,99888,100,100137,100,99880,100,100146,100,99871,100
2019-06-28 09:41:41.771422089,100028,618,99995,618,100038,100,99940,100,100049,100,99924,100,100052,100,99923,100,100080,100,99906,100,100083,100,99899,100,100112,100,99894,100,100128,100,99888,100,100137,100,99880,100,100146,100,99871,100
2019-06-28 09:41:50.000000000,100028,409,99995,409,100038,309,99940,309,100049,100,99924,100,100052,100,99923,100,100080,100,99906,100,100083,100,99899,100,100112,100,99894,100,100128,100,99888,100,100137,100,99880,100,100146,100,99871,100
2019-06-28 09:41:53.271781188,100028,409,99995,409,100038,309,99940,309,100049,100,99924,100,100052,100,99923,100,100080,100,99906,100,100083,100,99899,100,100112,100,99894,100,100128,100,99888,100,100137,100,99880,100,100146,100,99871,100
2019-06-28 09:42:00.000000000,100028,618,99995,618,100038,100,99940,100,100049,100,99924,100,100052,100,99923,100,100080,100,99906,100,100083,100,99899,100,100112,100,99894,100,100128,100,99888,100,100137,100,99880,100,100146,100,99871,100
2019-06-28 09:42:04.252832934,100028,618,99995,518,100038,100,99940,100,100049,100,99924,100,100052,100,99923,100,100080,100,99906,100,100083,100,99899,100,100112,100,99894,100,100128,100,99888,100,100137,100,99880,100,100146,100,99871,100
2019-06-28 09:42:10.000000000,100028,342,99995,242,100038,238,99940,238,100049,238,99924,238,100052,100,99923,100,100080,100,99906,100,100083,100,99899,100,100112,100,99894,100,100128,100,99888,100,100137,100,99880,100,100146,100,99871,100
2019-06-28 09:42:20.000000000,100028,409,99995,309,100038,309,99940,309,100049,100,99924,100,100052,100,99923,100,100080,100,99906,100,100083,100,99899,100,100112,100,99894,100,100128,100,99888,100,100137,100,99880,100,100146,100,99871,100
2019-06-28 09:42:30.000000000,100028,409,99995,309,100038,309,99940,309,100049,100,99924,100,100052,100,99923,100,100080,100,99906,100,100083,100,99899,100,100112,100,99894,100,100128,100,99888,100,100137,100,99880,100,100146,100,99871,100
2019-06-28 09:42:32.264536363,100028,409,99995,309,100038,309,99940,309,100049,100,99924,100,100052,100,99923,100,100080,100,99906,100,100083,100,99899,100,100112,100,99894,100,100128,100,99888,100,100137,100,99880,100,100146,100,99871,100
2019-06-28 09:42:40.000000000,100028,342,99995,242,100038,238,99940,238,100049,238,99924,238,100052,100,99923,100,100080,100,99906,100,100083,100,99899,100,100112,100,99894,100,100128,100,99888,100,100137,100,99880,100,100146,100,99871,100
2019-06-28 09:42:50.000000000,100028,342,99995,242,100038,238,99940,238,100049,238,99924,238,100052,100,99923,100,100080,100,99906,100,100083,100,99899,100,100112,100,99894,100,100128,100,99888,100,100137,100,99880,100,100146,100,99871,100
2019-06-28 09:42:59.227178494,100028,342,99995,242,100038,238,99940,238,100049,238,99924,238,100052,100,99923,100,100080,100,99906,100,100083,100,99899,100,100112,100,99894,100,100128,100,99888,100,100137,100,99880,100,100146,100,99871,100
2019-06-28 09:43:00.000000000,100028,284,99995,184,100038,184,99940,184,100049,184,99924,184,100052,184,99923,184,100080,184,99906,184,100083,100,99899,100,100112,100,99894,100,100128,100,99888,100,100137,100,99880,100,100146,100,99871,100
2019-06-28 09:43:10.000000000,100028,618,99995,518,100038,100,99940,100,100049,100,99924,100,100052,100,99923,100,100080,100,99906,100,100083,100,99899,100,100112,100,99894,100,100128,100,99888,100,100137,100,99880,100,100146,100,99871,100
2019-06-28 09:43:20.000000000,100028,342,99995,242,100038,238,99940,238,100049,238,99924,238,100052,100,99923,100,100080,100,99906,100,100083,100,99899,100,100112,100,99894,100,100128,100,99888,100,100137,100,99880,100,100146,100,99871,100
2019-06-28 09:43:30.000000000,100028,284,99995,184,100038,184,99940,184,100049,184,99924,184,100052,184,99923,184,100080,184,99906,184,100083,100,99899,100,100112,100,99894,100,100128,100,99888,100,100137,100,99880,100,100146,100,99871,100
2019-06-28 09:43:38.264961825,100028,184,99995,184,100038,184,99940,184,100049,184,99924,184,100052,184,99923,184,100080,184,99906,184,100083,100,99899,100,100112,100,99894,100,100128,100,99888,100,100137,100,99880,100,100146,100,99871,100
2019-06-28 09:43:40.000000000,100028,518,99995,518,100038,100,99940,100,100049,100,99924,100,100052,100,99923,100,100080,100,99906,100,100083,100,99899,100,100112,100,99894,100,100128,100,99888,100,100137,100,99880,100,100146,100,99871,100
2019-06-28 09:43:50.000000000,100028,184,99995,184,100038,184,99940,184,100049,184,99924,184,100052,184,99923,184,100080,184,99906,184,100083,100,99899,100,100112,100,99894,100,100128,100,99888,100,100137,100,99880,100,100146,100,99871,100
2019-06-28 09:44:00.000000000,100028,184,99995,184,100038,184,99940,184,100049,184,99924,184,100052,184,99923,184,100080,184,99906,184,100083,100,99899,100,100112,100,99894,100,100128,100,99888,100,100137,100,99880,100,100146,100,99871,100
2019-06-28 09:44:10.000000000,100028,184,99995,184,100038,184,99940,184,100049,184,99924,184,100052,184,99923,184,100080,184,99906,184,100083,100,99899,100,100112,100,99894,100,100128,100,99888,100,100137,100,99880,100,100146,100,99871,100
2019-06-28 09:44:20.000000000,100028,242,99995,242,100038,238,99940,238,100049,238,99924,238,100052,100,99923,100,100080,100,99906,100,100083,100,99899,100,100112,100,99894,100,100128,100,99888,100,100137,100,99880,100,100146,100,99871,100
2019-06-28 09:44:20.306158989,100028,242,99995,242,100038,238,99940,238,100049,238,99924,238,100052,100,99923,100,100080,100,99906,100,100083,100,99899,100,100112,100,99894,100,100128,100,99888,100,100137,100,99880,100,100261,100,99871,100
2019-06-28 09:44:21.925623245,100028,242,99995,242,100038,238,99940,238,100049,238,99924,238,100052,100,99923,100,100080,100,99906,100,100083,100,99899,100,100112,100,99894,100,100128,100,99888,100,100137,100,99880,100,100204,100,99871,100
2019-06-28 09:44:24.056636906,100028,242,99995,142,100038,238,99940,238,100049,238,99924,238,100052,100,99923,100,100080,100,99906,100,100083,100,99899,100,100112,100,99894,100,100128,100,99888,100,100137,100,99880,100,100204,100,99871,100
2019-06-28 09:44:30.000000000,100028,309,99940,309,100038,309,99924,309,100049,100,99923,100,100052,100,99906,100,100080,100,99899,100,100083,100,99894,100,100112,100,99888,100,100128,100,99880,100,100137,100,99871,100,100204,100,99859,100
2019-06-28 09:44:32.986700212,100028,309,99940,309,100038,309,99924,309,100049,100,99906,100,100052,100,99899,100,100080,100,99894,100,100083,100,99888,100,100112,100,99880,100,100128,100,99871,100,100137,100,99859,100,100204,100,99826,100
2019-06-28 09:44:40.000000000,100028,204,99940,204,100038,204,99924,204,100049,204,99906,204,100052,204,99899,204,100080,100,99894,100,100083,100,99888,100,100112,100,99880,100,100128,100,99871,100,100137,100,99859,100,100204,100,99826,100
2019-06-28 09:44:47.964476544,100028,204,99940,204,100038,204,99924,204,100049,204,99906,204,100052,204,99899,204,100080,100,99894,100,100083,100,99888,100,100112,100,99880,100,100128,100,99871,100,100137,100,99859,100,100153,100,99826,100
2019-06-28 09:44:50.000000000,100028,204,99940,204,100038,204,99924,204,100049,204,99906,204,100052,204,99899,204,100080,100,99894,100,100083,100,99888,100,100112,100,99880,100,100128,100,99871,100,100137,100,99859,100,100153,100,99826,100
2019-06-28 09:45:00.000000000,100028,242,99940,242,100038,238,99924,238,100049,238,99906,238,100052,100,99899,100,100080,100,99894,100,100083,100,99888,100,100112,100,99880,100,100128,100,99871,100,100137,100,99859,100,100153,100,99826,100
2019-06-28 09:45:05.101553846,100028,242,100026,100,100038,238,99940,242,100049,238,99924,238,100080,100,99906,238,100083,100,99899,100,100112,100,99894,100,100128,100,99888,100,100137,100,99880,100,100153,100,99871,100,100204,100,99859,100
2019-06-28 09:45:10.000000000,100028,184,100026,184,100038,184,99940,184,100049,184,99924,184,100080,184,99906,184,100083,184,99899,184,100112,100,99894,100,100128,100,99888,100,100137,100,99880,100,100153,100,99871,100,100204,100,99859,100
2019-06-28 09:45:20.000000000,100028,518,100026,518,100038,100,99940,100,100049,100,99924,100,100080,100,99906,100,100083,100,99899,100,100112,100,99894,100,100128,100,99888,100,100137,100,99880,100,100153,100,99871,100,100204,100,99859,100
2019-06-28 09:45:30.000000000,100028,309,100026,309,100038,309,99940,309,100049,100,99924,100,100080,100,99906,100,100083,100,99899,100,100112,100,99894,100,100128,100,99888,100,100137,100,99880,100,100153,100,99871,100,100204,100,99859,100
2019-06-28 09:45:40.000000000,100028,184,100026,184,100038,184,99940,184,100049,184,99924,184,100080,184,99906,184,100083,184,99899,184,100112,100,99894,100,100128,100,99888,100,100137,100,99880,100,100153,100,99871,100,100204,100,99859,100
2019-06-28 09:45:49.245145181,100028,184,100026,184,100038,184,99996,100,100049,184,99940,184,100080,184,99924,184,100083,184,99906,184,100112,100,99899,184,100128,100,99894,100,100137,100,99888,100,100153,100,99880,100,100204,100,99871,100
2019-06-28 09:45:50.000000000,100028,242,100026,242,100038,238,99996,238,100049,238,99940,238,100080,100,99924,100,100083,100,99906,100,100112,100,99899,100,100128,100,99894,100,100137,100,99888,100,100153,100,99880,100,100204,100,99871,100
2019-06-28 09:46:00.000000000,100028,184,100026,184,100038,184,99996,184,100049,184,99940,184,100080,184,99924,184,100083,184,99906,184,100112,100,99899,100,100128,100,99894,100,100137,100,99888,100,100153,100,99880,100,100204,100,99871,100
2019-06-28 09:46:00.835142644,100028,184,100026,184,100038,184,99996,284,100049,184,99940,184,100080,184,99924,184,100083,184,99906,184,100112,100,99899,100,100128,100,99894,100,100137,100,99888,100,100153,100,99880,100,100204,100,99871,100
2019-06-28 09:46:02.439923961,100028,84,100026,184,100038,184,99996,284,100049,184,99940,184,100080,184,99924,184,100083,184,99906,184,100112,100,99899,100,100128,100,99894,100,100137,100,99888,100,100153,100,99880,100,100204,100,99871,100
2019-06-28 09:46:10.000000000,100038,309,100026,309,100049,309,99996,409,100080,100,99940,100,100083,100,99924,100,100112,100,99906,100,100128,100,99899,100,100137,100,99894,100,100153,100,99888,100,100204,100,99880,100,100261,100,99871,100
2019-06-28 09:46:17.934934934,100038,309,100026,309,100049,309,99996,409,100080,100,99940,100,100083,100,99924,100,100112,100,99906,100,100128,100,99899,100,100137,100,99894,100,100153,100,99880,100,100204,100,99871,100,100261,100,99859,100
2019-06-28 09:46:19.430860419,100038,209,100026,309,100049,309,99996,409,100080,100,99940,100,100083,100,99924,100,100112,100,99906,100,100128,100,99899,100,100137,100,99894,100,100153,100,99880,100,100204,100,99871,100,100261,100,99859,100
2019-06-28 09:46:20.000000000,100049,204,100026,204,100080,204,99996,304,100083,204,99940,204,100112,204,99924,204,100128,100,99906,100,100137,100,99899,100,100153,100,99894,100,100204,100,99880,100,100261,100,99871,100,100286,100,99859,100
2019-06-28 09:46:30.000000000,100049,184,100026,184,100080,184,99996,284,100083,184,99940,184,100112,184,99924,184,100128,184,99906,184,100137,100,99899,100,100153,100,99894,100,100204,100,99880,100,100261,100,99871,100,100286,100,99859,100
2019-06-28 09:46:35.974255198,100049,184,100026,184,100080,184,99996,184,100083,184,99940,184,100112,184,99924,184,100128,184,99906,184,100137,100,99899,100,100153,100,99894,100,100204,100,99880,100,100261,100,99871,100,100286,100,99859,100
2019-06-28 09:46:40.000000000,100049,204,100026,204,100080,204,99996,204,100083,204,99940,204,100112,204,99924,204,100128,100,99906,100,100137,100,99899,100,100153,100,99894,100,100204,100,99880,100,100261,100,99871,100,100286,100,99859,100
2019-06-28 09:46:43.006269543,100049,104,100026,204,100080,204,99996,204,100083,204,99940,204,100112,204,99924,204,100128,100,99906,100,100137,100,99899,100,100153,100,99894,100,100204,100,99880,100,100261,100,99871,100,100286,100,99859,100
2019-06-28 09:46:50.000000000,100080,518,100026,518,100083,100,99996,100,100112,100,99940,100,100128,100,99924,100,100137,100,99906,100,100153,100,99899,100,100204,100,99894,100,100261,100,99880,100,100286,100,99871,100,100294,100,99859,100
2019-06-28 09:47:00.000000000,100080,309,100026,309,100083,309,99996,309,100112,100,99940,100,100128,100,99924,100,100137,100,99906,100,100153,100,99899,100,100204,100,99894,100,100261,100,99880,100,100286,100,99871,100,100294,100,99859,100
2019-06-28 09:47:02.803328042,100080,309,100026,309,100083,309,99996,309,100112,100,99940,100,100128,100,99924,100,100137,100,99906,100,100153,100,99899,100,100204,100,99894,100,100261,100,99880,100,100286,100,99871,100,100294,100,99859,100
2019-06-28 09:47:06.233299573,100080,309,100026,209,100083,309,99996,309,100112,100,99940,100,100128,100,99924,100,100137,100,99906,100,100153,100,99899,100,100204,100,99894,100,100261,100,99880,100,100286,100,99871,100,100294,100,99859,100
2019-06-28 09:47:07.427262667,100080,209,100026,209,100083,309,99996,309,100112,100,99940,100,100128,100,99924,100,100137,100,99906,100,100153,100,99899,100,100204,100,99894,100,100261,100,99880,100,100286,100,99871,100,100294,100,99859,100
2019-06-28 09:47:07.467120129,100080,109,100026,209,100083,309,99996,309,100112,100,99940,100,100128,100,99924,100,100137,100,99906,100,100153,100,99899,100,100204,100,99894,100,100261,100,99880,100,100286,100,99871,100,100294,100,99859,100
2019-06-28 09:47:10.000000000,100083,242,99996,242,100112,238,99940,238,100128,238,99924,238,100137,100,99906,100,100153,100,99899,100,100204,100,99894,100,100261,100,99880,100,100286,100,99871,100,100294,100,99859,100,100466,100,99826,100
2019-06-28 09:47:10.993219920,100083,242,99996,242,100112,238,99940,238,100128,138,99924,238,100137,100,99906,100,100153,100,99899,100,100204,100,99894,100,100261,100,99880,100,100286,100,99871,100,100294,100,99859,100,100466,100,99826,100
2019-06-28 09:47:20.000000000,100083,184,99996,184,100112,184,99940,184,100137,184,99924,184,100153,184,99906,184,100204,184,99899,184,100261,100,99894,100,100286,100,99880,100,100294,100,99871,100,100466,100,99859,100,100716,100,99826,100
2019-06-28 09:47:21.007870099,100083,184,100080,100,100112,184,99996,184,100137,184,99940,184,100153,184,99924,184,100204,184,99906,184,100261,100,99899,184,100286,100,99894,100,100294,100,99880,100,100466,100,99871,100,100716,100,99859,100
2019-06-28 09:47:23.222849112,100083,84,100080,100,100112,184,99996,184,100137,184,99940,184,100153,184,99924,184,100204,184,99906,184,100261,100,99899,184,100286,100,99894,100,100294,100,99880,100,100466,100,99871,100,100758,100,99859,100
2019-06-28 09:47:26.811464241,100083,84,100080,100,100112,184,99996,184,100137,184,99940,184,100153,184,99924,184,100204,184,99906,184,100261,100,99899,184,100286,100,99894,100,100294,100,99880,100,100466,100,99871,100,100758,100,99859,100
2019-06-28 09:47:30.000000000,100112,184,100080,184,100137,184,99996,184,100153,184,99940,184,100204,184,99924,184,100261,184,99906,184,100286,100,99899,100,100294,100,99894,100,100466,100,99880,100,100758,100,99871,100,100778,100,99859,100
2019-06-28 09:47:31.321958770,100112,184,100081,100,100137,184,100080,184,100153,184,99996,184,100204,184,99940,184,100261,184,99924,184,100286,100,99906,184,100294,100,99899,100,100466,100,99894,100,100758,100,99880,100,100778,100,99871,100
2019-06-28 09:47:34.861083761,100112,184,100081,100,100137,184,100080,184,100153,184,99996,184,100204,184,99940,184,100261,184,99924,184,100286,100,99906,184,100294,100,99899,100,100466,100,99894,100,100758,100,99880,100,100778,100,99871,100
2019-06-28 09:47:40.000000000,100112,242,100081,242,100137,238,100080,238,100153,238,99996,238,100204,100,99940,100,100261,100,99924,100,100286,100,99906,100,100294,100,99899,100,100466,100,99894,100,100758,100,99880,100,100778,100,99871,100
2019-06-28 09:47:50.000000000,100112,204,100081,204,100137,204,100080,204,100153,204,99996,204,100204,204,99940,204,100261,100,99924,100,100286,100,99906,100,100294,100,99899,100,100466,100,99894,100,100758,100,99880,100,100778,100,99871,100
2019-06-28 09:48:00.000000000,100112,309,100081,309,100137,309,100080,309,100153,100,99996,100,100204,100,99940,100,100261,100,99924,100,100286,100,99906,100,100294,100,99899,100,100466,100,99894,100,100758,100,99880,100,100778,100,99871,100
2019-06-28 09:48:03.086418169,100112,309,100081,409,100137,309,100080,309,100153,100,99996,100,100204,100,99940,100,100261,100,99924,100,100286,100,99906,100,100294,100,99899,100,100466,100,99894,100,100758,100,99880,100,100778,100,99871,100
2019-06-28 09:48:10.000000000,100112,309,100081,409,100137,309,100080,309,100153,100,99996,100,100204,100,99940,100,100261,100,99924,100,100286,100,99906,100,100294,100,99899,100,100466,100,99894,100,100758,100,99880,100,100778,100,99871,100
2019-06-28 09:48:20.000000000,100112,518,100081,618,100137,100,100080,100,100153,100,99996,100,100204,100,99940,100,100261,100,99924,100,100286,100,99906,100,100294,100,99899,100,100466,100,99894,100,100758,100,99880,100,100778,100,99871,100
2019-06-28 09:48:21.835210673,100112,518,100081,718,100137,100,100080,100,100153,100,99996,100,100204,100,99924,100,100261,100,99906,100,100286,100,99899,100,100294,100,99894,100,100466,100,99880,100,100758,100,99871,100,100778,100,99859,100
2019-06-28 09:48:30.000000000,100112,242,100081,442,100137,238,100080,238,100153,238,99996,238,100204,100,99924,100,100261,100,99906,100,100286,100,99899,100,100294,100,99894,100,100466,100,99880,100,100758,100,99871,100,100778,100,99859,100
2019-06-28 09:48:40.000000000,100112,518,100081,718,100137,100,100080,100,100153,100,99996,100,100204,100,99924,100,100261,100,99906,100,100286,100,99899,100,100294,100,99894,100,100466,100,99880,100,100758,100,99871,100,100778,100,99859,100
2019-06-28 09:48:44.081821903,100112,518,100081,718,100137,100,100080,100,100153,100,99996,100,100204,100,99924,100,100261,100,99906,100,100286,100,99899,100,100294,100,99894,100,100466,100,99880,100,100689,100,99871,100,100758,100,99859,100
2019-06-28 09:48:48.073006292,100112,418,100081,718,100137,100,100080,100,100204,100,99996,100,100261,100,99924,100,100286,100,99906,100,100294,100,99899,100,100466,100,99894,100,100689,100,99880,100,100758,100,99871,100,100778,100,99859,100
2019-06-28 09:48:50.000000000,100137,518,100081,718,100204,100,100080,100,100261,100,99996,100,100286,100,99924,100,100294,100,99906,100,100466,100,99899,100,100689,100,99894,100,100758,100,99880,100,100778,100,99871,100,100817,100,99859,100
2019-06-28 09:49:00.000000000,100137,242,100081,442,100204,238,100080,238,100261,238,99996,238,100286,100,99924,100,100294,100,99906,100,100466,100,99899,100,100689,100,99894,100,100758,100,99880,100,100778,100,99871,100,100817,100,99859,100
2019-06-28 09:49:10.000000000,100137,242,100081,442,100204,238,100080,238,100261,238,99996,238,100286,100,99924,100,100294,100,99906,100,100466,100,99899,100,100689,100,99894,100,100758,100,99880,100,100778,100,99871,100,100817,100,99859,100
2019-06-28 09:49:20.000000000,100137,204,100081,404,100204,204,100080,204,100261,204,99996,204,100286,204,99924,204,100294,100,99906,100,100466,100,99899,100,100689,100,99894,100,100758,100,99880,100,100778,100,99871,100,100817,100,99859,100
2019-06-28 09:49:20.834797099,100137,204,100081,304,100204,204,100080,204,100261,204,99996,204,100286,204,99924,204,100294,100,99906,100,100466,100,99899,100,100689,100,99894,100,100758,100,99880,100,100778,100,99871,100,100817,100,99859,100
2019-06-28 09:49:29.210584751,100137,204,100081,304,100204,204,100080,204,100261,204,99996,204,100286,204,99924,204,100294,100,99906,100,100418,100,99899,100,100466,100,99894,100,100689,100,99880,100,100758,100,99871,100,100778,100,99826,100
2019-06-28 09:49:30.000000000,100137,242,100081,342,100204,238,100080,238,100261,238,99996,238,100286,100,99924,100,100294,100,99906,100,100418,100,99899,100,100466,100,99894,100,100689,100,99880,100,100758,100,99871,100,100778,100,99826,100
2019-06-28 09:49:40.000000000,100137,184,100081,284,100204,184,100080,184,100261,184,99996,184,100286,184,99924,184,100294,184,99906,184,100418,100,99899,100,100466,100,99894,100,100689,100,99880,100,100758,100,99871,100,100778,100,99826,100
2019-06-28 09:49:50.000000000,100137,184,100081,284,100204,184,100080,184,100261,184,99996,184,100286,184,99924,184,100294,184,99906,184,100418,100,99899,100,100466,100,99894,100,100689,100,99880,100,100758,100,99871,100,100778,100,99826,100
2019-06-28 09:49:52.247437003,100204,184,100137,16,100261,184,100081,284,100286,184,100080,184,100294,184,99996,184,100418,100,99924,184,100466,100,99906,184,100689,100,99899,100,100758,100,99894,100,100778,100,99880,100,100817,100,99871,100
2019-06-28 09:50:00.000000000,100204,242,100137,158,100261,238,100081,338,100286,238,100080,238,100294,100,99996,100,100418,100,99924,100,100466,100,99906,100,100689,100,99899,100,100758,100,99894,100,100778,100,99880,100,100817,100,99871,100
2019-06-28 09:50:07.523067010,100204,242,100137,158,100261,238,100081,338,100286,238,100080,238,100294,100,99996,100,100466,100,99924,100,100689,100,99906,100,100758,100,99899,100,100778,100,99894,100,100796,100,99880,100,100817,100,99871,100
2019-06-28 09:50:10.000000000,100204,204,100137,120,100261,204,100081,304,100286,204,100080,204,100294,204,99996,204,100466,100,99924,100,100689,100,99906,100,100758,100,99899,100,100778,100,99894,100,100796,100,99880,100,100817,100,99871,100
2019-06-28 09:50:16.205751488,100204,204,100137,120,100261,204,100081,304,100286,204,100080,204,100294,204,99996,204,100466,100,99924,100,100611,100,99906,100,100689,100,99899,100,100758,100,99894,100,100796,100,99880,100,100817,100,99871,100
2019-06-28 09:50:17.081801011,100204,204,100137,120,100261,204,100112,100,100286,204,100081,304,100294,204,100080,204,100466,100,99996,204,100611,100,99924,100,100689,100,99906,100,100758,100,99899,100,100796,100,99894,100,100817,100,99880,100
2019-06-28 09:50:20.000000000,100204,204,100137,120,100261,204,100112,204,100286,204,100081,304,100294,204,100080,204,100466,100,99996,100,100611,100,99924,100,100689,100,99906,100,100758,100,99899,100,100796,100,99894,100,100817,100,99880,100
2019-06-28 09:50:30.000000000,100204,242,100137,158,100261,238,100112,238,100286,238,100081,338,100294,100,100080,100,100466,100,99996,100,100611,100,99924,100,100689,100,99906,100,100758,100,99899,100,100796,100,99894,100,100817,100,99880,100
2019-06-28 09:50:40.000000000,100204,184,100137,100,100261,184,100112,184,100286,184,100081,284,100294,184,100080,184,100466,184,99996,184,100611,100,99924,100,100689,100,99906,100,100758,100,99899,100,100796,100,99894,100,100817,100,99880,100
2019-06-28 09:50:50.000000000,100204,204,100137,120,100261,204,100112,204,100286,204,100081,304,100294,204,100080,204,100466,100,99996,100,100611,100,99924,100,100689,100,99906,100,100758,100,99899,100,100796,100,99894,100,100817,100,99880,100
2019-06-28 09:50:50.334970308,100204,204,100137,120,100261,204,100112,204,100286,204,100081,304,100294,204,100080,204,100466,100,99996,100,100532,100,99924,100,100611,100,99906,100,100689,100,99899,100,100758,100,99894,100,100796,100,99880,100
2019-06-28 09:50:54.615085760,100204,204,100137,120,100261,204,100112,204,100286,204,100081,304,100294,204,100080,204,100466,100,99996,100,100532,100,99924,100,100611,100,99906,100,100689,100,99899,100,100758,100,99894,100,100792,100,99880,100
2019-06-28 09:51:00.000000000,100204,518,100137,434,100261,100,100112,100,100286,100,100081,200,100294,100,100080,100,100466,100,99996,100,100532,100,99924,100,100611,100,99906,100,100689,100,99899,100,100758,100,99894,100,100792,100,99880,100
2019-06-28 09:51:03.773526776,100204,418,100137,434,100261,100,100112,100,100286,100,100081,200,100294,100,100080,100,100466,100,99996,100,100532,100,99924,100,100611,100,99906,100,100689,100,99899,100,100758,100,99894,100,100792,100,99880,100
2019-06-28 09:51:10.000000000,100261,184,100137,100,100286,184,100112,184,100294,184,100081,284,100466,184,100080,184,100532,184,99996,184,100611,100,99924,100,100689,100,99906,100,100758,100,99899,100,100792,100,99894,100,100796,100,99880,100
2019-06-28 09:51:10.005698815,100261,184,100137,100,100286,184,100112,184,100294,184,100081,284,100466,184,100080,184,100532,184,99996,184,100611,100,99924,100,100683,100,99906,100,100689,100,99899,100,100758,100,99894,100,100792,100,99880,100
2019-06-28 09:51:18.778473007,100261,184,100138,100,100286,184,100137,100,100294,184,100112,184,100466,184,100081,284,100532,184,100080,184,100611,100,99996,184,100683,100,99924,100,100689,100,99906,100,100758,100,99899,100,100792,100,99894,100
2019-06-28 09:51:20.000000000,100261,242,100138,242,100286,238,100137,154,100294,238,100112,238,100466,100,100081,200,100532,100,100080,100,100611,100,99996,100,100683,100,99924,100,100689,100,99906,100,100758,100,99899,100,100792,100,99894,100
2019-06-28 09:51:30.000000000,100261,309,100138,309,100286,309,100137,225,100294,100,100112,100,100466,100,100081,200,100532,100,100080,100,100611,100,99996,100,100683,100,99924,100,100689,100,99906,100,100758,100,99899,100,100792,100,99894,100
2019-06-28 09:51:40.000000000,100261,309,100138,309,100286,309,100137,225,100294,100,100112,100,100466,100,100081,200,100532,100,100080,100,100611,100,99996,100,100683,100,99924,100,100689,100,99906,100,100758,100,99899,100,100792,100,99894,100
2019-06-28 09:51:50.000000000,100261,204,100138,204,100286,204,100137,120,100294,204,100112,204,100466,204,100081,304,100532,100,100080,100,100611,100,99996,100,100683,100,99924,100,100689,100,99906,100,100758,100,99899,100,100792,100,99894,100
2019-06-28 09:51:58.058194432,100261,204,100138,204,100286,204,100137,120,100294,204,100112,104,100466,204,100081,304,100532,100,100080,100,100611,100,99996,100,100683,100,99924,100,100689,100,99906,100,100758,100,99899,100,100792,100,99894,100
2019-06-28 09:52:00.000000000,100261,242,100138,242,100286,238,100137,154,100294,238,100081,338,100466,100,100080,100,100532,100,99996,100,100611,100,99924,100,100683,100,99906,100,100689,100,99899,100,100758,100,99894,100,100792,100,99880,100
2019-06-28 09:52:10.000000000,100261,184,100138,184,100286,184,100137,100,100294,184,100081,284,100466,184,100080,184,100532,184,99996,184,100611,100,99924,100,100683,100,99906,100,100689,100,99899,100,100758,100,99894,100,100792,100,99880,100
2019-06-28 09:52:20.000000000,100261,242,100138,242,100286,238,100137,154,100294,238,100081,338,100466,100,100080,100,100532,100,99996,100,100611,100,99924,100,100683,100,99906,100,100689,100,99899,100,100758,100,99894,100,100792,100,99880,100
2019-06-28 09:52:24.430305431,100261,142,100138,242,100286,238,100137,154,100294,238,100081,338,100466,100,100080,100,100532,100,99996,100,100611,100,99924,100,100683,100,99906,100,100689,100,99899,100,100758,100,99880,100,100792,100,99871,100
2019-06-28 09:52:30.000000000,100286,242,100138,242,100294,238,100137,154,100466,238,100081,338,100532,100,100080,100,100611,100,99996,100,100683,100,99924,100,100689,100,99906,100,100758,100,99899,100,100792,100,99880,100,100796,100,99871,100
2019-06-28 09:52:36.965148259,100286,242,100138,242,100294,238,100137,154,100466,238,100081,338,100532,100,100080,100,100611,100,99996,100,100683,100,99924,100,100689,100,99906,100,100758,100,99899,100,100792,100,99880,100,100796,100,99871,100
2019-06-28 09:52:40.000000000,100286,518,100138,518,100294,100,100137,16,100466,100,100081,200,100532,100,100080,100,100611,100,99996,100,100683,100,99924,100,100689,100,99906,100,100758,100,99899,100,100792,100,99880,100,100796,100,99871,100
2019-06-28 09:52:48.869873627,100286,518,100138,518,100294,100,100137,16,100466,100,100081,200,100532,100,100080,100,100611,100,99996,100,100683,100,99924,100,100689,100,99906,100,100758,100,99899,100,100792,100,99880,100,100796,100,99871,100
2019-06-28 09:52:50.000000000,100286,518,100138,518,100294,100,100137,16,100466,100,100081,200,100532,100,100080,100,100611,100,99996,100,100683,100,99924,100,100689,100,99906,100,100758,100,99899,100,100792,100,99880,100,100796,100,99871,100
2019-06-28 09:52:56.035925296,100286,518,100204,100,100294,100,100138,518,100466,100,100137,16,100532,100,100081,200,100611,100,100080,100,100683,100,99996,100,100689,100,99924,100,100758,100,99906,100,100792,100,99899,100,100796,100,99880,100
2019-06-28 09:53:00.000000000,100286,204,100204,204,100294,204,100138,204,100466,204,100137,120,100532,204,100081,304,100611,100,100080,100,100683,100,99996,100,100689,100,99924,100,100758,100,99906,100,100792,100,99899,100,100796,100,99880,100
2019-06-28 09:53:10.000000000,100286,184,100204,184,100294,184,100138,184,100466,184,100137,100,100532,184,100081,284,100611,184,100080,184,100683,100,99996,100,100689,100,99924,100,100758,100,99906,100,100792,100,99899,100,100796,100,99880,100
2019-06-28 09:53:11.628078104,100286,184,100204,284,100294,184,100138,184,100466,184,100137,100,100532,184,100081,284,100611,184,100080,184,100683,100,99996,100,100689,100,99924,100,100758,100,99906,100,100792,100,99899,100,100796,100,99880,100
2019-06-28 09:53:20.000000000,100286,204,100204,304,100294,204,100138,204,100466,204,100137,120,100532,204,100081,304,100611,100,100080,100,100683,100,99996,100,100689,100,99924,100,100758,100,99906,100,100792,100,99899,100,100796,100,99880,100
2019-06-28 09:53:30.000000000,100286,309,100204,409,100294,309,100138,309,100466,100,100137,16,100532,100,100081,200,100611,100,100080,100,100683,100,99996,100,100689,100,99924,100,100758,100,99906,100,100792,100,99899,100,100796,100,99880,100
2019-06-28 09:53:33.302355290,100286,309,100204,409,100294,309,100138,309,100466,100,100137,16,100532,100,100081,100,100611,100,100080,100,100683,100,99996,100,100689,100,99924,100,100758,100,99906,100,100792,100,99899,100,100796,100,99880,100
2019-06-28 09:53:36.279727551,100286,309,100204,409,100294,309,100138,309,100466,100,100137,16,100532,100,100081,100,100611,100,100080,100,100683,100,99996,100,100687,100,99924,100,100689,100,99906,100,100758,100,99899,100,100792,100,99880,100
2019-06-28 09:53:40.000000000,100286,184,100204,284,100294,184,100138,184,100466,184,100137,100,100532,184,100081,184,100611,184,100080,184,100683,100,99996,100,100687,100,99924,100,100689,100,99906,100,100758,100,99899,100,100792,100,99880,100
2019-06-28 09:53:50.000000000,100286,518,100204,618,100294,100,100138,100,100466,100,100137,16,100532,100,100081,100,100611,100,100080,100,100683,100,99996,100,100687,100,99924,100,100689,100,99906,100,100758,100,99899,100,100792,100,99880,100
2019-06-28 09:54:00.000000000,100286,204,100204,304,100294,204,100138,204,100466,204,100137,120,100532,204,100081,204,100611,100,100080,100,100683,100,99996,100,100687,100,99924,100,100689,100,99906,100,100758,100,99899,100,100792,100,99880,100
2019-06-28 09:54:01.520340481,100286,204,100204,404,100294,204,100138,204,100466,204,100137,120,100532,204,100081,204,100611,100,100080,100,100683,100,99996,100,100687,100,99924,100,100689,100,99906,100,100758,100,99899,100,100792,100,99880,100
2019-06-28 09:54:03.023611846,100286,204,100204,304,100294,204,100138,204,100466,204,100137,120,100532,204,100081,204,100611,100,100080,100,100683,100,99996,100,100687,100,99924,100,100689,100,99906,100,100758,100,99899,100,100792,100,99880,100
2019-06-28 09:54:09.565041581,100206,100,100204,304,100286,204,100138,204,100294,204,100137,120,100466,204,100081,204,100532,204,100080,100,100611,100,99996,100,100683,100,99924,100,100687,100,99906,100,100689,100,99899,100,100758,100,99880,100
2019-06-28 09:54:10.000000000,100206,518,100204,618,100286,100,100138,100,100294,100,100137,16,100466,100,100081,100,100532,100,100080,100,100611,100,99996,100,100683,100,99924,100,100687,100,99906,100,100689,100,99899,100,100758,100,99880,100
2019-06-28 09:54:20.000000000,100206,242,100204,342,100286,238,100138,238,100294,238,100137,154,100466,100,100081,100,100532,100,100080,100,100611,100,99996,100,100683,100,99924,100,100687,100,99906,100,100689,100,99899,100,100758,100,99880,100
2019-06-28 09:54:30.000000000,100206,204,100204,304,100286,204,100138,204,100294,204,100137,120,100466,204,100081,204,100532,100,100080,100,100611,100,99996,100,100683,100,99924,100,100687,100,99906,100,100689,100,99899,100,100758,100,99880,100
2019-06-28 09:54:40.000000000,100206,309,100204,409,100286,309,100138,309,100294,100,100137,16,100466,100,100081,100,100532,100,100080,100,100611,100,99996,100,100683,100,99924,100,100687,100,99906,100,100689,100,99899,100,100758,100,99880,100
2019-06-28 09:54:48.526479893,100206,309,100204,409,100286,309,100138,309,100294,100,100137,16,100466,100,100081,100,100532,100,100080,100,100611,100,99996,100,100683,100,99971,100,100687,100,99924,100,100689,100,99906,100,100758,100,99899,100
2019-06-28 09:54:50.000000000,100206,204,100204,304,100286,204,100138,204,100294,204,100137,120,100466,204,100081,204,100532,100,100080,100,100611,100,99996,100,100683,100,99971,100,100687,100,99924,100,100689,100,99906,100,100758,100,99899,100
2019-06-28 09:55:00.000000000,100206,309,100204,409,100286,309,100138,309,100294,100,100137,16,100466,100,100081,100,100532,100,100080,100,100611,100,99996,100,100683,100,99971,100,100687,100,99924,100,100689,100,99906,100,100758,100,99899,100
2019-06-28 09:55:06.045027306,100206,309,100204,409,100286,309,100138,309,100294,100,100137,16,100466,100,100081,100,100532,100,100080,100,100611,100,99996,100,100683,100,99971,100,100687,100,99924,100,100689,100,99906,100,100758,100,99899,100
2019-06-28 09:55:08.593501175,100206,309,100204,409,100286,309,100138,309,100294,100,100137,16,100466,100,100081,100,100532,100,100080,100,100611,100,99996,100,100683,100,99971,100,100687,100,99924,100,100689,100,99906,100,100758,100,99899,100
2019-06-28 09:55:10.000000000,100206,309,100204,409,100286,309,100138,309,100294,100,100137,16,100466,100,100081,100,100532,100,100080,100,100611,100,99996,100,100683,100,99971,100,100687,100,99924,100,100689,100,99906,100,100758,100,99899,100
2019-06-28 09:55:20.000000000,100206,309,100204,409,100286,309,100138,309,100294,100,100137,16,100466,100,100081,100,100532,100,100080,100,100611,100,99996,100,100683,100,99971,100,100687,100,99924,100,100689,100,99906,100,100758,100,99899,100
2019-06-28 09:55:23.144856789,100206,309,100204,309,100286,309,100138,309,100294,100,100137,16,100466,100,100081,100,100532,100,100080,100,100611,100,99996,100,100683,100,99971,100,100687,100,99924,100,100689,100,99906,100,100758,100,99899,100
2019-06-28 09:55:30.000000000,100206,204,100204,204,100286,204,100138,204,100294,204,100137,120,100466,204,100081,204,100532,100,100080,100,100611,100,99996,100,100683,100,99971,100,100687,100,99924,100,100689,100,99906,100,100758,100,99899,100
2019-06-28 09:55:40.000000000,100206,518,100204,518,100286,100,100138,100,100294,100,100137,16,100466,100,100081,100,100532,100,100080,100,100611,100,99996,100,100683,100,99971,100,100687,100,99924,100,100689,100,99906,100,100758,100,99899,100
2019-06-28 09:55:46.313437234,100206,518,100204,518,100286,100,100138,100,100294,100,100137,16,100466,100,100081,100,100532,100,100080,100,100611,100,99996,100,100683,100,99971,100,100687,100,99924,100,100689,100,99906,100,100758,100,99899,100
2019-06-28 09:55:50.000000000,100206,242,100204,242,100286,238,100138,238,100294,238,100137,154,100466,100,100081,100,100532,100,100080,100,100611,100,99996,100,100683,100,99971,100,100687,100,99924,100,100689,100,99906,100,100758,100,99899,100
2019-06-28 09:55:58.204797385,100205,100,100204,242,100206,242,100138,238,100286,238,100137,154,100294,238,100081,100,100466,100,100080,100,100532,100,99996,100,100611,100,99971,100,100683,100,99924,100,100687,100,99906,100,100689,100,99899,100
2019-06-28 09:56:00.000000000,100205,518,100204,518,100206,100,100138,100,100286,100,100137,16,100294,100,100081,100,100466,100,100080,100,100532,100,99996,100,100611,100,99971,100,100683,100,99924,100,100687,100,99906,100,100689,100,99899,100
2019-06-28 09:56:06.919379882,100205,518,100204,518,100206,100,100138,100,100286,100,100137,16,100294,100,100081,100,100466,100,100080,100,100532,100,99996,100,100611,100,99971,100,100683,100,99924,100,100687,100,99899,100,100689,100,99880,100
2019-06-28 09:56:10.000000000,100205,204,100204,204,100206,204,100138,204,100286,204,100137,120,100294,204,100081,204,100466,100,100080,100,100532,100,99996,100,100611,100,99971,100,100683,100,99924,100,100687,100,99899,100,100689,100,99880,100
2019-06-28 09:56:12.246242957,100205,204,100204,104,100206,204,100138,204,100286,204,100137,120,100294,204,100081,204,100466,100,100080,100,100532,100,99996,100,100611,100,99971,100,100683,100,99924,100,100687,100,99899,100,100689,100,99880,100
2019-06-28 09:56:20.000000000,100205,242,100138,242,100206,238,100137,154,100286,238,100081,238,100294,100,100080,100,100466,100,99996,100,100532,100,99971,100,100611,100,99924,100,100683,100,99899,100,100687,100,99880,100,100689,100,99864,100
2019-06-28 09:56:30.000000000,100205,204,100138,204,100206,204,100137,120,100286,204,100081,204,100294,204,100080,204,100466,100,99996,100,100532,100,99971,100,100611,100,99924,100,100683,100,99899,100,100687,100,99880,100,100689,100,99864,100
2019-06-28 09:56:34.810528004,100205,204,100138,204,100206,204,100137,120,100286,204,100081,204,100294,204,100080,204,100466,100,99996,100,100532,100,99971,100,100611,100,99924,100,100683,100,99899,100,100687,100,99880,100,100689,100,99864,100
2019-06-28 09:56:40.000000000,100205,309,100138,309,100206,309,100137,225,100286,100,100081,100,100294,100,100080,100,100466,100,99996,100,100532,100,99971,100,100611,100,99924,100,100683,100,99899,100,100687,100,99880,100,100689,100,99864,100
2019-06-28 09:56:50.000000000,100205,204,100138,204,100206,204,100137,120,100286,204,100081,204,100294,204,100080,204,100466,100,99996,100,100532,100,99971,100,100611,100,99924,100,100683,100,99899,100,100687,100,99880,100,100689,100,99864,100
2019-06-28 09:56:54.221245801,100204,100,100138,204,100205,204,100137,120,100206,204,100081,204,100286,204,100080,204,100294,204,99996,100,100466,100,99971,100,100532,100,99924,100,100611,100,99899,100,100683,100,99880,100,100687,100,99864,100
2019-06-28 09:56:54.822140539,100204,100,100138,204,100205,204,100137,120,100206,204,100081,204,100286,204,100080,204,100294,204,99996,100,100466,100,99971,100,100532,100,99924,100,100611,100,99880,100,100683,100,99864,100,100687,100,99826,100
2019-06-28 09:56:58.509500316,100204,100,100138,104,100205,204,100137,120,100206,204,100081,204,100286,204,100080,204,100294,204,99996,100,100466,100,99971,100,100532,100,99924,100,100611,100,99880,100,100683,100,99864,100,100687,100,99826,100
2019-06-28 09:57:00.000000000,100204,518,100137,434,100205,100,100081,100,100206,100,100080,100,100286,100,99996,100,100294,100,99971,100,100466,100,99924,100,100532,100,99880,100,100611,100,99864,100,100683,100,99826,100,100687,100,99747,200
2019-06-28 09:57:10.000000000,100204,309,100137,225,100205,309,100081,309,100206,100,100080,100,100286,100,99996,100,100294,100,99971,100,100466,100,99924,100,100532,100,99880,100,100611,100,99864,100,100683,100,99826,100,100687,100,99747,200
2019-06-28 09:57:11.098462844,100204,309,100137,225,100205,309,100081,309,100206,100,100080,100,100286,100,99996,100,100294,100,99971,100,100466,100,99924,100,100532,100,99880,100,100611,100,99864,100,100683,100,99826,100,100687,100,99747,200
2019-06-28 09:57:20.000000000,100204,309,100137,225,100205,309,100081,309,100206,100,100080,100,100286,100,99996,100,100294,100,99971,100,100466,100,99924,100,100532,100,99880,100,100611,100,99864,100,100683,100,99826,100,100687,100,99747,200
2019-06-28 09:57:30.000000000,100204,309,100137,225,100205,309,100081,309,100206,100,100080,100,100286,100,99996,100,100294,100,99971,100,100466,100,99924,100,100532,100,99880,100,100611,100,99864,100,100683,100,99826,100,100687,100,99747,200
2019-06-28 09:57:33.519379253,100204,309,100137,125,100205,309,100081,309,100206,100,100080,100,100286,100,99996,100,100294,100,99971,100,100466,100,99924,100,100532,100,99880,100,100611,100,99864,100,100683,100,99826,100,100687,100,99747,200
2019-06-28 09:57:40.000000000,100204,309,100081,309,100205,309,100080,309,100206,100,99996,100,100286,100,99971,100,100294,100,99924,100,100466,100,99880,100,100532,100,99864,100,100611,100,99826,100,100683,100,99747,200,100687,100,99597,100
2019-06-28 09:57:50.000000000,100204,309,100081,309,100205,309,100080,309,100206,100,99996,100,100286,100,99971,100,100294,100,99924,100,100466,100,99880,100,100532,100,99864,100,100611,100,99826,100,100683,100,99747,200,100687,100,99597,100
2019-06-28 09:57:54.694006580,100204,309,100081,209,100205,309,100080,309,100206,100,99996,100,100286,100,99971,100,100294,100,99880,100,100466,100,99864,100,100532,100,99826,100,100611,100,99747,200,100683,100,99597,100,100687,100,99588,100
2019-06-28 09:58:00.000000000,100204,204,100080,204,100205,204,99996,204,100206,204,99971,204,100286,204,99880,204,100294,100,99864,100,100466,100,99826,100,100532,100,99747,200,100611,100,99597,100,100683,100,99588,100,100687,100,99583,100
2019-06-28 09:58:10.000000000,100204,309,100080,309,100205,309,99996,309,100206,100,99971,100,100286,100,99880,100,100294,100,99864,100,100466,100,99826,100,100532,100,99747,200,100611,100,99597,100,100683,100,99588,100,100687,100,99583,100
2019-06-28 09:58:11.954340545,100204,309,100080,309,100205,309,99996,309,100206,100,99971,100,100286,100,99880,100,100294,100,99864,100,100466,100,99826,100,100532,100,99747,200,100611,100,99597,100,100683,100,99588,100,100687,100,99583,100
2019-06-28 09:58:20.000000000,100204,204,100080,204,100205,204,99996,204,100206,204,99971,204,100286,204,99880,204,100294,100,99864,100,100466,100,99826,100,100532,100,99747,200,100611,100,99597,100,100683,100,99588,100,100687,100,99583,100
2019-06-28 09:58:30.000000000,100204,204,100080,204,100205,204,99996,204,100206,204,99971,204,100286,204,99880,204,100294,100,99864,100,100466,100,99826,100,100532,100,99747,200,100611,100,99597,100,100683,100,99588,100,100687,100,99583,100
2019-06-28 09:58:31.356335076,100204,204,100080,204,100205,204,99996,204,100206,204,99971,204,100286,204,99880,204,100294,100,99864,100,100466,100,99826,100,100532,100,99747,200,100611,100,99597,100,100683,100,99588,100,100687,100,99583,100
2019-06-28 09:58:40.000000000,100204,184,100080,184,100205,184,99996,184,100206,184,99971,184,100286,184,99880,184,100294,184,99864,184,100466,100,99826,100,100532,100,99747,200,100611,100,99597,100,100683,100,99588,100,100687,100,99583,100
2019-06-28 09:58:42.074963955,100204,184,100080,84,100205,184,99996,184,100206,184,99971,184,100286,184,99880,184,100294,184,99864,184,100466,100,99826,100,100532,100,99747,200,100611,100,99597,100,100687,100,99588,100,100689,100,99583,100
2019-06-28 09:58:50.000000000,100204,518,99996,518,100205,100,99971,100,100206,100,99880,100,100286,100,99864,100,100294,100,99826,100,100466,100,99747,200,100532,100,99597,100,100611,100,99588,100,100687,100,99583,100,100689,100,99560,100
2019-06-28 09:59:00.000000000,100204,309,99996,309,100205,309,99971,309,100206,100,99880,100,100286,100,99864,100,100294,100,99826,100,100466,100,99747,200,100532,100,99597,100,100611,100,99588,100,100687,100,99583,100,100689,100,99560,100
2019-06-28 09:59:00.383044549,100081,100,99996,309,100204,309,99971,309,100205,309,99880,100,100206,100,99864,100,100286,100,99826,100,100294,100,99747,200,100466,100,99597,100,100532,100,99588,100,100611,100,99583,100,100687,100,99560,100
2019-06-28 09:59:10.000000000,100081,204,99996,204,100204,204,99971,204,100205,204,99880,204,100206,204,99864,204,100286,100,99826,100,100294,100,99747,200,100466,100,99597,100,100532,100,99588,100,100611,100,99583,100,100687,100,99560,100
2019-06-28 09:59:19.543274299,100081,204,99996,204,100204,204,99971,204,100205,204,99880,204,100206,204,99864,204,100286,100,99826,100,100294,100,99747,200,100466,100,99597,100,100532,100,99591,100,100611,100,99588,100,100687,100,99583,100
2019-06-28 09:59:20.000000000,100081,242,99996,242,100204,238,99971,238,100205,238,99880,238,100206,100,99864,100,100286,100,99826,100,100294,100,99747,200,100466,100,99597,100,100532,100,99591,100,100611,100,99588,100,100687,100,99583,100
2019-06-28 09:59:30.000000000,100081,184,99996,184,100204,184,99971,184,100205,184,99880,184,100206,184,99864,184,100286,184,99826,184,100294,100,99747,200,100466,100,99597,100,100532,100,99591,100,100611,100,99588,100,100687,100,99583,100
2019-06-28 09:59:38.239868799,100081,184,99996,84,100204,184,99971,184,100205,184,99880,184,100206,184,99864,184,100286,184,99826,184,100294,100,99747,200,100466,100,99597,100,100532,100,99591,100,100611,100,99588,100,100687,100,99583,100
2019-06-28 09:59:40.000000000,100081,518,99971,518,100204,100,99880,100,100205,100,99864,100,100206,100,99826,100,100286,100,99747,200,100294,100,99597,100,100466,100,99591,100,100532,100,99588,100,100611,100,99583,100,100687,100,99560,100
2019-06-28 09:59:50.000000000,100081,184,99971,184,100204,184,99880,184,100205,184,99864,184,100206,184,99826,184,100286,184,99747,284,100294,100,99597,100,100466,100,99591,100,100532,100,99588,100,100611,100,99583,100,100687,100,99560,100
2019-06-28 09:59:50.175056488,100081,184,99971,84,100204,184,99880,184,100205,184,99864,184,100206,184,99826,184,100286,184,99747,284,100294,100,99597,100,100466,100,99591,100,100532,100,99588,100,100611,100,99583,100,100687,100,99560,100
2019-06-28 09:59:53.549681160,99996,100,99971,84,100081,184,99880,184,100204,184,99864,184,100205,184,99826,184,100206,184,99747,284,100286,184,99597,100,100294,100,99591,100,100466,100,99588,100,100532,100,99583,100,100611,100,99560,100
2019-06-28 09:59:57.585789013,99996,100,99971,84,100081,184,99880,184,100204,184,99864,184,100205,184,99826,184,100206,184,99747,284,100286,184,99597,100,100294,100,99591,100,100466,100,99588,100,100532,100,99583,100,100611,100,99560,100
2019-06-28 10:00:00.000000000,99996,518,99880,518,100081,100,99864,100,100204,100,99826,100,100205,100,99747,200,100206,100,99597,100,100286,100,99591,100,100294,100,99588,100,100466,100,99583,100,100532,100,99560,100,100611,100,99385,100
2019-06-28 10:00:02.378565021,99996,518,99880,418,100081,100,99864,100,100204,100,99826,100,100205,100,99747,200,100206,100,99597,100,100286,100,99591,100,100294,100,99588,100,100466,100,99583,100,100532,100,99560,100,100611,100,99385,100
2019-06-28 10:00:10.000000000,99996,184,99864,184,100081,184,99826,184,100204,184,99747,284,100205,184,99597,184,100206,184,99591,184,100286,100,99588,100,100294,100,99583,100,100466,100,99560,100,100532,100,99385,100,100611,100,99304,100
2019-06-28 10:00:20.000000000,99996,242,99864,242,100081,238,99826,238,100204,238,99747,338,100205,100,99597,100,100206,100,99591,100,100286,100,99588,100,100294,100,99583,100,100466,100,99560,100,100532,100,99385,100,100611,100,99304,100
2019-06-28 10:00:30.000000000,99996,184,99864,184,100081,184,99826,184,100204,184,99747,284,100205,184,99597,184,100206,184,99591,184,100286,100,99588,100,100294,100,99583,100,100466,100,99560,100,100532,100,99385,100,100611,100,99304,100
2019-06-28 10:00:32.580117940,99996,184,99864,184,100081,184,99826,184,100204,184,99747,284,100205,184,99597,184,100206,184,99591,184,100286,100,99588,100,100294,100,99583,100,100466,100,99560,100,100532,100,99385,100,100611,100,99304,100
2019-06-28 10:00:35.910795348,99996,184,99864,84,100081,184,99826,184,100204,184,99747,284,100205,184,99597,184,100206,184,99591,84,100286,100,99588,100,100294,100,99583,100,100466,100,99560,100,100532,100,99385,100,100611,100,99304,100
2019-06-28 10:00:40.000000000,99996,184,99826,184,100081,184,99747,284,100204,184,99597,184,100205,184,99588,184,100206,184,99583,184,100286,100,99560,100,100294,100,99385,100,100466,100,99304,100,100532,100,99155,100,100611,100,99072,100
2019-06-28 10:00:50.000000000,99996,242,99826,242,100081,238,99747,338,100204,238,99597,238,100205,100,99588,100,100206,100,99583,100,100286,100,99560,100,100294,100,99385,100,100466,100,99304,100,100532,100,99155,100,100611,100,99072,100
2019-06-28 10:01:00.000000000,99996,184,99826,184,100081,184,99747,284,100204,184,99597,184,100205,184,99588,184,100206,184,99583,184,100286,100,99560,100,100294,100,99385,100,100466,100,99304,100,100532,100,99155,100,100611,100,99072,100
2019-06-28 10:01:07.765238808,99996,184,99826,84,100081,184,99747,284,100204,184,99597,184,100205,184,99588,184,100206,184,99583,184,100286,100,99560,100,100294,100,99385,100,100466,100,99304,100,100532,100,99155,100,100611,100,99072,100
2019-06-28 10:01:10.000000000,99996,518,99747,618,100081,100,99597,100,100204,100,99588,100,100205,100,99583,100,100206,100,99560,100,100286,100,99385,100,100294,100,99304,100,100466,100,99155,100,100532,100,99072,100,100611,100,99053,100
2019-06-28 10:01:20.000000000,99996,204,99747,304,100081,204,99597,204,100204,204,99588,204,100205,204,99583,204,100206,100,99560,100,100286,100,99385,100,100294,100,99304,100,100466,100,99155,100,100532,100,99072,100,100611,100,99053,100
2019-06-28 10:01:26.254982088,99996,204,99747,204,100081,204,99597,204,100204,204,99588,204,100205,204,99583,204,100206,100,99560,100,100286,100,99385,100,100294,100,99304,100,100466,100,99155,100,100532,100,99072,100,100611,100,99053,100
2019-06-28 10:01:30.000000000,99996,309,99747,309,100081,309,99597,309,100204,100,99588,100,100205,100,99583,100,100206,100,99560,100,100286,100,99385,100,100294,100,99304,100,100466,100,99155,100,100532,100,99072,100,100611,100,99053,100
2019-06-28 10:01:36.361099184,99996,309,99747,309,100081,309,99597,309,100204,100,99588,100,100205,100,99583,100,100206,100,99560,100,100286,100,99385,100,100294,100,99155,100,100466,100,99072,100,100532,100,99053,100,100611,100,99003,100
2019-06-28 10:01:40.000000000,99996,184,99747,184,100081,184,99597,184,100204,184,99588,184,100205,184,99583,184,100206,184,99560,184,100286,100,99385,100,100294,100,99155,100,100466,100,99072,100,100532,100,99053,100,100611,100,99003,100
2019-06-28 10:01:50.000000000,99996,309,99747,309,100081,309,99597,309,100204,100,99588,100,100205,100,99583,100,100206,100,99560,100,100286,100,99385,100,100294,100,99155,100,100466,100,99072,100,100532,100,99053,100,100611,100,99003,100
2019-06-28 10:01:53.470580880,99826,100,99747,309,99996,309,99597,309,100081,209,99588,100,100204,100,99583,100,100205,100,99560,100,100206,100,99385,100,100286,100,99155,100,100294,100,99072,100,100466,100,99053,100,100532,100,99003,100
2019-06-28 10:02:00.000000000,99826,204,99747,204,99996,204,99597,204,100204,204,99588,204,100205,204,99583,204,100206,100,99560,100,100286,100,99385,100,100294,100,99155,100,100466,100,99072,100,100532,100,99053,100,100611,100,99003,100
2019-06-28 10:02:10.000000000,99826,184,99747,184,99996,184,99597,184,100204,184,99588,184,100205,184,99583,184,100206,184,99560,184,100286,100,99385,100,100294,100,99155,100,100466,100,99072,100,100532,100,99053,100,100611,100,99003,100
2019-06-28 10:02:20.000000000,99826,184,99747,184,99996,184,99597,184,100204,184,99588,184,100205,184,99583,184,100206,184,99560,184,100286,100,99385,100,100294,100,99155,100,100466,100,99072,100,100532,100,99053,100,100611,100,99003,100
2019-06-28 10:02:30.000000000,99826,518,99747,518,99996,100,99597,100,100204,100,99588,100,100205,100,99583,100,100206,100,99560,100,100286,100,99385,100,100294,100,99155,100,100466,100,99072,100,100532,100,99053,100,100611,100,99003,100
2019-06-28 10:02:40.000000000,99826,242,99747,242,99996,238,99597,238,100204,238,99588,238,100205,100,99583,100,100206,100,99560,100,100286,100,99385,100,100294,100,99155,100,100466,100,99072,100,100532,100,99053,100,100611,100,99003,100
2019-06-28 10:02:46.350535610,99826,242,99747,242,99996,238,99597,238,100204,238,99588,238,100205,100,99583,100,100206,100,99560,100,100286,100,99385,100,100294,100,99155,100,100466,100,99072,100,100532,100,99069,100,100611,100,99053,100
2019-06-28 10:02:50.000000000,99826,309,99747,309,99996,309,99597,309,100204,100,99588,100,100205,100,99583,100,100206,100,99560,100,100286,100,99385,100,100294,100,99155,100,100466,100,99072,100,100532,100,99069,100,100611,100,99053,100
2019-06-28 10:03:00.000000000,99826,518,99747,518,99996,100,99597,100,100204,100,99588,100,100205,100,99583,100,100206,100,99560,100,100286,100,99385,100,100294,100,99155,100,100466,100,99072,100,100532,100,99069,100,100611,100,99053,100
2019-06-28 10:03:10.000000000,99826,309,99747,309,99996,309,99597,309,100204,100,99588,100,100205,100,99583,100,100206,100,99560,100,100286,100,99385,100,100294,100,99155,100,100466,100,99072,100,100532,100,99069,100,100611,100,99053,100
2019-06-28 10:03:20.000000000,99826,309,99747,309,99996,309,99597,309,100204,100,99588,100,100205,100,99583,100,100206,100,99560,100,100286,100,99385,100,100294,100,99155,100,100466,100,99072,100,100532,100,99069,100,100611,100,99053,100
2019-06-28 10:03:30.000000000,99826,242,99747,242,99996,238,99597,238,100204,238,99588,238,100205,100,99583,100,100206,100,99560,100,100286,100,99385,100,100294,100,99155,100,100466,100,99072,100,100532,100,99069,100,100611,100,99053,100
2019-06-28 10:03:40.000000000,99826,309,99747,309,99996,309,99597,309,100204,100,99588,100,100205,100,99583,100,100206,100,99560,100,100286,100,99385,100,100294,100,99155,100,100466,100,99072,100,100532,100,99069,100,100611,100,99053,100
2019-06-28 10:03:50.000000000,99826,204,99747,204,99996,204,99597,204,100204,204,99588,204,100205,204,99583,204,100206,100,99560,100,100286,100,99385,100,100294,100,99155,100,100466,100,99072,100,100532,100,99069,100,100611,100,99053,100
2019-06-28 10:04:00.000000000,99826,184,99747,184,99996,184,99597,184,100204,184,99588,184,100205,184,99583,184,100206,184,99560,184,100286,100,99385,100,100294,100,99155,100,100466,100,99072,100,100532,100,99069,100,100611,100,99053,100
2019-06-28 10:04:05.709067967,99826,184,99747,184,99996,184,99597,84,100204,184,99588,184,100205,184,99583,184,100206,184,99560,184,100286,100,99385,100,100294,100,99324,100,100466,100,99155,100,100532,100,99072,100,100611,100,99069,100
2019-06-28 10:04:10.000000000,99826,518,99747,518,99996,100,99588,100,100204,100,99583,100,100205,100,99560,100,100206,100,99385,100,100286,100,99324,100,100294,100,99155,100,100466,100,99072,100,100532,100,99069,100,100611,100,99053,100
2019-06-28 10:04:20.000000000,99826,184,99747,184,99996,184,99588,184,100204,184,99583,184,100205,184,99560,184,100206,184,99385,184,100286,100,99324,100,100294,100,99155,100,100466,100,99072,100,100532,100,99069,100,100611,100,99053,100
2019-06-28 10:04:30.000000000,99826,518,99747,518,99996,100,99588,100,100204,100,99583,100,100205,100,99560,100,100206,100,99385,100,100286,100,99324,100,100294,100,99155,100,100466,100,99072,100,100532,100,99069,100,100611,100,99053,100
2019-06-28 10:04:40.000000000,99826,309,99747,309,99996,309,99588,309,100204,100,99583,100,100205,100,99560,100,100206,100,99385,100,100286,100,99324,100,100294,100,99155,100,100466,100,99072,100,100532,100,99069,100,100611,100,99053,100
2019-06-28 10:04:45.917908088,99826,309,99747,209,99996,309,99588,309,100204,100,99583,100,100205,100,99560,100,100206,100,99385,100,100286,100,99324,100,100294,100,99155,100,100466,100,99072,100,100532,100,99069,100,100611,100,99053,100
2019-06-28 10:04:50.000000000,99826,518,99588,518,99996,100,99583,100,100204,100,99560,100,100205,100,99385,100,100206,100,99324,100,100286,100,99155,100,100294,100,99072,100,100466,100,99069,100,100532,100,99053,100,100611,100,99003,100
2019-06-28 10:04:55.867001084,99826,518,99588,418,99996,100,99583,100,100204,100,99560,100,100205,100,99385,100,100206,100,99324,100,100286,100,99155,100,100294,100,99072,100,100466,100,99069,100,100532,100,99053,100,100611,100,99003,100
2019-06-28 10:05:00.000000000,99826,309,99583,309,99996,309,99560,309,100204,100,99385,100,100205,100,99324,100,100206,100,99155,100,100286,100,99072,100,100294,100,99069,100,100466,100,99053,100,100532,100,99003,100,100611,100,98998,100
2019-06-28 10:05:10.000000000,99826,204,99583,204,99996,204,99560,204,100204,204,99385,204,100205,204,99324,204,100206,100,99155,100,100286,100,99072,100,100294,100,99069,100,100466,100,99053,100,100532,100,99003,100,100611,100,98998,100
2019-06-28 10:05:20.000000000,99826,518,99583,518,99996,100,99560,100,100204,100,99385,100,100205,100,99324,100,100206,100,99155,100,100286,100,99072,100,100294,100,99069,100,100466,100,99053,100,100532,100,99003,100,100611,100,98998,100
2019-06-28 10:05:25.676221462,99826,518,99583,518,99996,100,99560,100,100204,100,99385,100,100205,100,99324,100,100206,100,99155,100,100286,100,99072,100,100294,100,99069,100,100466,100,99053,100,100532,100,99003,100,100611,100,98998,100
2019-06-28 10:05:26.518138987,99747,100,99583,518,99826,518,99560,100,99996,100,99385,100,100204,100,99324,100,100205,100,99155,100,100206,100,99072,100,100286,100,99069,100,100294,100,99053,100,100466,100,99003,100,100532,100,98998,100
2019-06-28 10:05:30.000000000,99747,242,99583,242,99826,238,99560,238,99996,238,99385,238,100204,100,99324,100,100205,100,99155,100,100206,100,99072,100,100286,100,99069,100,100294,100,99053,100,100466,100,99003,100,100532,100,98998,100
2019-06-28 10:05:40.000000000,99747,204,99583,204,99826,204,99560,204,99996,204,99385,204,100204,204,99324,204,100205,100,99155,100,100206,100,99072,100,100286,100,99069,100,100294,100,99053,100,100466,100,99003,100,100532,100,98998,100
2019-06-28 10:05:50.000000000,99747,518,99583,518,99826,100,99560,100,99996,100,99385,100,100204,100,99324,100,100205,100,99155,100,100206,100,99072,100,100286,100,99069,100,100294,100,99053,100,100466,100,99003,100,100532,100,98998,100
2019-06-28 10:06:00.000000000,99747,242,99583,242,99826,238,99560,238,99996,238,99385,238,100204,100,99324,100,100205,100,99155,100,100206,100,99072,100,100286,100,99069,100,100294,100,99053,100,100466,100,99003,100,100532,100,98998,100
2019-06-28 10:06:01.988784184,99747,342,99583,242,99826,238,99560,238,99996,238,99385,238,100204,100,99324,100,100205,100,99155,100,100206,100,99072,100,100286,100,99069,100,100294,100,99053,100,100466,100,99003,100,100532,100,98998,100
2019-06-28 10:06:10.000000000,99747,409,99583,309,99826,309,99560,309,99996,100,99385,100,100204,100,99324,100,100205,100,99155,100,100206,100,99072,100,100286,100,99069,100,100294,100,99053,100,100466,100,99003,100,100532,100,98998,100
2019-06-28 10:06:20.000000000,99747,342,99583,242,99826,238,99560,238,99996,238,99385,238,100204,100,99324,100,100205,100,99155,100,100206,100,99072,100,100286,100,99069,100,100294,100,99053,100,100466,100,99003,100,100532,100,98998,100
2019-06-28 10:06:22.263398310,99747,342,99583,242,99826,238,99560,238,99996,238,99385,138,100204,100,99324,100,100205,100,99155,100,100206,100,99072,100,100286,100,99069,100,100294,100,99053,100,100466,100,99003,100,100532,100,98998,100
2019-06-28 10:06:30.000000000,99747,409,99583,309,99826,309,99560,309,99996,100,99324,100,100204,100,99155,100,100205,100,99072,100,100206,100,99069,100,100286,100,99053,100,100294,100,99003,100,100466,100,98998,100,100532,100,98982,100
2019-06-28 10:06:30.279469050,99747,509,99583,309,99826,309,99560,309,99996,100,99324,100,100204,100,99155,100,100205,100,99072,100,100206,100,99069,100,100286,100,99053,100,100294,100,99003,100,100466,100,98998,100,100532,100,98982,100
2019-06-28 10:06:40.000000000,99747,404,99583,204,99826,204,99560,204,99996,204,99324,204,100204,204,99155,204,100205,100,99072,100,100206,100,99069,100,100286,100,99053,100,100294,100,99003,100,100466,100,98998,100,100532,100,98982,100
2019-06-28 10:06:46.372069533,99747,404,99583,204,99826,204,99560,204,99996,204,99324,204,100204,204,99155,204,100205,100,99072,100,100206,100,99069,100,100286,100,99053,100,100294,100,99003,100,100466,100,98998,100,100532,100,98982,100
2019-06-28 10:06:50.000000000,99747,404,99583,204,99826,204,99560,204,99996,204,99324,204,100204,204,99155,204,100205,100,99072,100,100206,100,99069,100,100286,100,99053,100,100294,100,99003,100,100466,100,98998,100,100532,100,98982,100
2019-06-28 10:07:00.000000000,99747,404,99583,204,99826,204,99560,204,99996,204,99324,204,100204,204,99155,204,100205,100,99072,100,100206,100,99069,100,100286,100,99053,100,100294,100,99003,100,100466,100,98998,100,100532,100,98982,100
2019-06-28 10:07:08.661259029,99747,404,99583,204,99826,204,99560,204,99996,204,99324,204,100204,204,99155,204,100205,100,99072,100,100206,100,99069,100,100286,100,99053,100,100294,100,99003,100,100466,100,98998,100,100532,100,98982,100
2019-06-28 10:07:10.000000000,99747,509,99583,309,99826,309,99560,309,99996,100,99324,100,100204,100,99155,100,100205,100,99072,100,100206,100,99069,100,100286,100,99053,100,100294,100,99003,100,100466,100,98998,100,100532,100,98982,100
2019-06-28 10:07:20.000000000,99747,384,99583,184,99826,184,99560,184,99996,184,99324,184,100204,184,99155,184,100205,184,99072,184,100206,100,99069,100,100286,100,99053,100,100294,100,99003,100,100466,100,98998,100,100532,100,98982,100
2019-06-28 10:07:24.914842190,99747,384,99583,84,99826,184,99560,184,99996,184,99324,184,100204,184,99155,184,100205,184,99072,184,100206,100,99069,100,100286,100,99053,100,100294,100,99003,100,100466,100,98998,100,100532,100,98982,100
2019-06-28 10:07:30.000000000,99747,384,99560,184,99826,184,99324,184,99996,184,99155,184,100204,184,99072,184,100205,184,99069,184,100206,100,99053,100,100286,100,99003,100,100294,100,98998,100,100466,100,98982,100,100532,100,98873,100
2019-06-28 10:07:34.410850026,99747,384,99560,84,99826,184,99324,184,99996,184,99155,184,100204,184,99072,84,100205,184,99069,184,100206,100,99053,100,100286,100,99003,100,100294,100,98998,100,100466,100,98982,100,100532,100,98873,100
2019-06-28 10:07:40.000000000,99747,442,99324,242,99826,238,99155,238,99996,238,99069,238,100204,100,99053,100,100205,100,99003,100,100206,100,98998,100,100286,100,98982,100,100294,100,98873,100,100466,100,98777,100,100532,100,98650,100
2019-06-28 10:07:47.033827602,99747,442,99324,142,99826,238,99155,238,99996,238,99069,238,100204,100,99053,100,100205,100,99003,100,100206,100,98998,100,100286,100,98982,100,100294,100,98873,100,100466,100,98777,100,100532,100,98650,100
2019-06-28 10:07:50.000000000,99747,509,99155,309,99826,309,99069,309,99996,100,99053,100,100204,100,99003,100,100205,100,98998,100,100206,100,98982,100,100286,100,98873,100,100294,100,98777,100,100466,100,98650,100,100532,100,98439,100
2019-06-28 10:07:52.513210750,99747,509,99155,309,99826,309,99069,309,99996,100,99053,100,100204,100,99003,100,100205,100,98998,100,100206,100,98982,100,100286,100,98873,100,100294,100,98777,100,100466,100,98716,100,100532,100,98650,100
2019-06-28 10:08:00.000000000,99747,384,99155,184,99826,184,99069,184,99996,184,99053,184,100204,184,99003,184,100205,184,98998,184,100206,100,98982,100,100286,100,98873,100,100294,100,98777,100,100466,100,98716,100,100532,100,98650,100
2019-06-28 10:08:08.676862343,99747,284,99155,184,99826,184,99069,184,99996,184,99053,184,100204,184,99003,184,100205,184,98998,184,100206,100,98982,100,100286,100,98873,100,100294,100,98777,100,100466,100,98716,100,100532,100,98650,100
2019-06-28 10:08:10.000000000,99747,409,99155,309,99826,309,99069,309,99996,100,99053,100,100204,100,99003,100,100205,100,98998,100,100206,100,98982,100,100286,100,98873,100,100294,100,98777,100,100466,100,98716,100,100532,100,98650,100
2019-06-28 10:08:16.751792701,99560,100,99155,309,99747,409,99069,309,99826,309,99053,100,99996,100,99003,100,100204,100,98998,100,100205,100,98982,100,100206,100,98873,100,100286,100,98777,100,100294,100,98716,100,100466,100,98650,100
2019-06-28 10:08:20.000000000,99560,184,99155,184,99747,284,99069,184,99826,184,99053,184,99996,184,99003,184,100204,184,98998,184,100205,100,98982,100,100206,100,98873,100,100286,100,98777,100,100294,100,98716,100,100466,100,98650,100
2019-06-28 10:08:30.000000000,99560,204,99155,204,99747,304,99069,204,99826,204,99053,204,99996,204,99003,204,100204,100,98998,100,100205,100,98982,100,100206,100,98873,100,100286,100,98777,100,100294,100,98716,100,100466,100,98650,100
2019-06-28 10:08:40.000000000,99560,518,99155,518,99747,200,99069,100,99826,100,99053,100,99996,100,99003,100,100204,100,98998,100,100205,100,98982,100,100206,100,98873,100,100286,100,98777,100,100294,100,98716,100,100466,100,98650,100
2019-06-28 10:08:50.000000000,99560,184,99155,184,99747,284,99069,184,99826,184,99053,184,99996,184,99003,184,100204,184,98998,184,100205,100,98982,100,100206,100,98873,100,100286,100,98777,100,100294,100,98716,100,100466,100,98650,100
2019-06-28 10:08:50.603338841,99560,284,99155,184,99747,284,99069,184,99826,184,99053,184,99996,184,99003,184,100204,184,98998,184,100205,100,98982,100,100206,100,98873,100,100286,100,98777,100,100294,100,98716,100,100466,100,98650,100
2019-06-28 10:08:55.466086431,99560,384,99155,184,99747,284,99069,184,99826,184,99053,184,99996,184,99003,184,100204,184,98998,184,100205,100,98982,100,100206,100,98873,100,100286,100,98777,100,100294,100,98716,100,100466,100,98650,100
2019-06-28 10:09:00.000000000,99560,509,99155,309,99747,409,99069,309,99826,100,99053,100,99996,100,99003,100,100204,100,98998,100,100205,100,98982,100,100206,100,98873,100,100286,100,98777,100,100294,100,98716,100,100466,100,98650,100
2019-06-28 10:09:02.482215582,99560,509,99155,309,99747,409,99069,309,99826,100,99053,100,99996,100,99037,100,100204,100,99003,100,100205,100,98998,100,100206,100,98982,100,100286,100,98777,100,100294,100,98716,100,100466,100,98650,100
2019-06-28 10:09:02.987174266,99330,100,99155,309,99560,509,99069,309,99747,409,99053,100,99826,100,99037,100,99996,100,99003,100,100204,100,98998,100,100205,100,98982,100,100206,100,98777,100,100286,100,98716,100,100294,100,98650,100
