,ask_price_1,ask_size_1,bid_price_1,bid_size_1,ask_price_2,ask_size_2,bid_price_2,bid_size_2,ask_price_3,ask_size_3,bid_price_3,bid_size_3,ask_price_4,ask_size_4,bid_price_4,bid_size_4,ask_price_5,ask_size_5,bid_price_5,bid_size_5,ask_price_6,ask_size_6,bid_price_6,bid_size_6,ask_price_7,ask_size_7,bid_price_7,bid_size_7,ask_price_8,ask_size_8,bid_price_8,bid_size_8,ask_price_9,ask_size_9,bid_price_9,bid_size_9,ask_price_10,ask_size_10,bid_price_10,bid_size_10
2019-06-28 09:30:00.000000002,,,99904,100,,,,,,,,,,,,,,,,,,,,,,,,,,,,,,,,,,,,
2019-06-28 09:30:00.000000003,100091,100,99904,100,,,,,,,,,,,,,,,,,,,,,,,,,,,,,,,,,,,,
2019-06-28 09:30:00.000000007,100091,100,99978,100,,,99904,100,,,,,,,,,,,,,,,,,,,,,,,,,,,,,,,,
2019-06-28 09:30:00.000000009,100024,100,99978,100,100053,100,99910,100,100091,100,99904,100,,,,,,,,,,,,,,,,,,,,,,,,,,,,
2019-06-28 09:30:00.000000010,100040,100,99978,100,100053,100,99910,100,100091,100,99904,100,,,,,,,,,,,,,,,,,,,,,,,,,,,,
2019-06-28 09:30:00.000000016,100040,100,99978,100,100053,100,99910,100,100091,100,99904,100,100140,100,,,,,,,,,,,,,,,,,,,,,,,,,,
2019-06-28 09:30:00.000000018,100040,100,99978,100,100053,100,99910,100,100089,100,99904,100,100091,100,,,100140,100,,,,,,,,,,,,,,,,,,,,,,
2019-06-28 09:30:00.000000019,100040,200,99978,100,100053,100,99910,100,100089,100,99904,100,100091,100,99831,100,100140,100,,,,,,,,,,,,,,,,,,,,,,
2019-06-28 09:30:00.000000020,100024,100,99978,100,100040,200,99910,100,100053,100,99904,100,100089,100,99831,100,100091,100,,,100140,100,,,,,,,,,,,,,,,,,,
2019-06-28 09:30:00.000000021,100024,100,99978,100,100029,100,99910,100,100040,200,99904,100,100053,100,99831,100,100089,100,99826,100,100091,100,,,100140,100,,,,,,,,,,,,,,
2019-06-28 09:30:00.000000022,100024,100,99978,100,100029,100,99928,100,100040,200,99910,100,100053,100,99904,100,100089,100,99831,100,100091,100,99826,100,100140,100,,,,,,,,,,,,,,
2019-06-28 09:30:00.000000023,100024,100,99998,100,100029,100,99978,100,100040,200,99928,100,100053,100,99910,100,100089,100,99904,100,100091,100,99831,100,100140,100,99826,100,,,,,,,,,,,,
2019-06-28 09:30:00.000000026,100024,200,99998,100,100029,100,99978,100,100040,200,99928,100,100053,100,99910,100,100089,100,99904,100,100091,100,99831,100,100140,100,99826,100,,,,,,,,,,,,
2019-06-28 09:30:00.000000027,100024,200,99998,100,100029,100,99978,100,100040,200,99956,100,100053,100,99928,100,100089,100,99910,100,100091,100,99904,100,100140,100,99893,100,,,99831,100,,,99826,100,,,,
2019-06-28 09:30:00.000000028,100024,200,99998,100,100029,100,99980,100,100040,200,99978,100,100053,100,99968,100,100089,100,99956,100,100091,100,99928,100,100140,100,99910,100,,,99904,100,,,99893,100,,,99831,100
2019-06-28 09:30:00.000000031,100024,200,99998,100,100029,100,99980,100,100040,200,99978,100,100053,100,99968,100,100089,100,99956,100,100091,100,99928,100,100140,100,99910,100,,,99904,100,,,99898,100,,,99893,100
2019-06-28 09:30:00.000000034,100024,200,99998,100,100029,100,99980,100,100040,200,99978,100,100053,100,99968,100,100089,100,99956,100,100091,100,99928,100,100124,100,99910,100,100140,100,99904,100,,,99898,100,,,99893,100
2019-06-28 09:30:00.000000038,100024,200,99998,100,100029,100,99980,100,100040,200,99978,100,100053,100,99968,100,100089,100,99956,100,100091,100,99928,100,100124,100,99910,100,100140,100,99904,100,,,99898,100,,,99893,100
2019-06-28 09:30:00.000000039,100024,200,99998,100,100029,100,99980,100,100040,200,99978,100,100053,100,99968,100,100089,100,99956,100,100091,100,99928,100,100124,100,99919,100,100140,100,99910,100,,,99904,100,,,99898,100
2019-06-28 09:30:00.000000041,100024,200,99998,200,100029,100,99980,100,100040,200,99978,100,100053,100,99968,100,100089,100,99956,100,100091,100,99928,100,100124,100,99919,100,100140,100,99910,100,,,99904,100,,,99898,100
2019-06-28 09:30:00.000000042,100024,200,99998,200,100029,100,99982,100,100040,200,99980,100,100053,100,99978,100,100089,100,99968,100,100091,100,99956,100,100124,100,99928,100,100140,100,99919,100,,,99910,100,,,99904,100
2019-06-28 09:30:00.000000049,100024,200,100005,100,100029,100,99998,200,100040,200,99982,100,100053,100,99980,100,100089,100,99978,100,100091,100,99968,100,100099,100,99956,100,100124,100,99928,100,100140,100,99919,100,,,99910,100
2019-06-28 09:30:00.000000052,100007,100,100005,100,100024,200,99998,200,100029,100,99982,100,100040,200,99980,100,100053,100,99978,100,100089,100,99968,100,100091,100,99956,100,100099,100,99928,100,100124,100,99919,100,100140,100,99910,100
2019-06-28 09:30:00.000000053,100007,100,100005,100,100024,200,100003,100,100029,100,99998,200,100040,200,99982,100,100042,100,99980,100,100053,100,99978,100,100089,100,99968,100,100091,100,99956,100,100099,100,99928,100,100124,100,99919,100
2019-06-28 09:30:00.000000054,100007,100,100005,100,100024,200,100003,100,100026,100,99998,200,100029,100,99982,100,100040,200,99980,100,100042,100,99978,100,100053,100,99968,100,100089,100,99956,100,100091,100,99928,100,100099,100,99919,100
2019-06-28 09:30:00.000000058,100007,100,100005,100,100024,200,100003,100,100026,100,99998,200,100029,100,99982,100,100040,200,99980,100,100042,100,99978,100,100053,100,99968,100,100089,100,99956,100,100091,100,99928,100,100099,100,99925,100
2019-06-28 09:30:00.000000060,100007,100,100005,100,100024,200,100003,100,100026,100,99998,300,100029,100,99982,100,100040,200,99980,100,100042,100,99978,100,100053,100,99968,100,100089,100,99956,100,100091,100,99928,100,100099,100,99925,100
2019-06-28 09:30:00.000000064,100024,200,100005,100,100026,100,100003,100,100029,100,99998,300,100040,200,99982,100,100042,100,99980,100,100053,100,99978,100,100089,100,99968,100,100091,100,99956,100,100099,100,99928,100,100124,100,99925,100
2019-06-28 09:30:00.000000065,100024,200,100005,100,100026,100,100003,100,100029,100,99998,300,100040,200,99982,100,100042,100,99980,100,100053,100,99978,100,100059,100,99968,100,100089,100,99956,100,100091,100,99928,100,100099,100,99925,100
2019-06-28 09:30:00.000000066,100024,200,100006,100,100026,100,100005,100,100029,100,100003,100,100040,200,99998,300,100042,100,99982,100,100053,100,99980,100,100059,100,99978,100,100089,100,99968,100,100091,100,99956,100,100099,100,99928,100
2019-06-28 09:30:00.000000069,100024,200,100006,100,100026,100,100005,100,100029,100,100003,100,100040,200,99998,300,100042,100,99982,100,100053,100,99980,100,100059,100,99978,100,100089,100,99968,100,100091,100,99956,100,100099,100,99928,100
2019-06-28 09:30:00.000000070,100024,200,100006,100,100026,100,100005,100,100029,100,100003,100,100040,200,99998,300,100042,100,99982,100,100053,100,99980,100,100059,100,99978,100,100089,100,99968,100,100091,100,99956,100,100099,100,99928,100
2019-06-28 09:30:00.000000073,100024,200,100013,100,100026,100,100006,200,100029,100,100005,100,100040,200,100003,100,100042,100,99998,300,100053,100,99982,100,100059,100,99980,100,100089,100,99978,100,100091,100,99968,100,100099,100,99956,100
2019-06-28 09:30:00.000000075,100024,100,100013,100,100026,100,100006,200,100029,100,100005,100,100040,200,100003,100,100042,100,99998,300,100053,100,99982,100,100059,100,99980,100,100089,100,99978,100,100091,100,99968,100,100099,100,99956,100
2019-06-28 09:30:00.000000079,100024,100,100006,200,100026,100,100005,100,100029,100,100003,100,100040,200,99998,300,100042,100,99982,100,100053,100,99980,100,100059,100,99978,100,100089,100,99968,100,100091,100,99956,100,100099,100,99928,100
2019-06-28 09:30:00.000000080,100024,100,100006,200,100026,100,100005,100,100029,100,100003,100,100040,200,99998,300,100042,100,99982,100,100047,100,99980,100,100053,100,99978,100,100059,100,99968,100,100089,100,99956,100,100091,100,99928,100
2019-06-28 09:30:00.000000081,100024,100,100006,200,100026,100,100005,100,100029,200,100003,100,100040,200,99998,300,100042,100,99982,100,100047,100,99980,100,100053,100,99978,100,100059,100,99968,100,100089,100,99956,100,100091,100,99928,100
2019-06-28 09:30:00.000000082,100026,100,100006,200,100029,200,100005,100,100040,200,100003,100,100042,100,99998,300,100047,100,99982,100,100053,100,99980,100,100059,100,99978,100,100089,100,99968,100,100091,100,99956,100,100099,100,99928,100
2019-06-28 09:30:00.000000084,100024,100,100006,200,100026,100,100005,100,100029,200,100003,100,100040,200,99998,300,100042,100,99982,100,100047,100,99980,100,100053,100,99978,100,100059,100,99968,100,100089,100,99956,100,100091,100,99928,100
2019-06-28 09:30:00.000000086,100024,200,100006,200,100026,100,100005,100,100029,200,100003,100,100040,200,99998,300,100042,100,99982,100,100047,100,99980,100,100053,100,99978,100,100059,100,99968,100,100089,100,99956,100,100091,100,99928,100
2019-06-28 09:30:00.000000088,100024,200,100006,200,100026,100,100005,100,100029,200,100003,100,100040,200,99998,300,100042,100,99982,100,100047,100,99980,100,100053,100,99978,100,100059,100,99968,100,100085,100,99956,100,100089,100,99928,100
2019-06-28 09:30:00.000000091,100024,200,100006,200,100026,100,100005,100,100029,200,100003,100,100040,200,99998,300,100042,100,99982,100,100047,100,99980,100,100053,100,99978,100,100059,100,99968,100,100085,100,99956,100,100089,100,99928,100
2019-06-28 09:30:00.000000094,100024,200,100006,200,100026,100,100005,100,100029,200,100003,100,100040,200,99998,300,100042,100,99982,100,100047,100,99980,100,100053,100,99978,100,100059,100,99968,100,100085,100,99956,100,100089,100,99928,100
2019-06-28 09:30:00.000000096,100024,200,100006,200,100026,100,100005,100,100029,200,100003,100,100034,100,99998,300,100040,200,99982,100,100042,100,99980,100,100047,100,99978,100,100053,100,99968,100,100059,100,99956,100,100085,100,99928,100
2019-06-28 09:30:10.000000000,100024,289,100006,289,100026,189,100005,189,100029,289,100003,189,100034,189,99998,389,100040,289,99982,189,100042,100,99980,100,100047,100,99978,100,100053,100,99968,100,100059,100,99956,100,100085,100,99928,100
2019-06-28 09:30:14.038788241,100024,289,100006,289,100026,189,100005,189,100029,289,100003,189,100034,89,99998,389,100040,289,99982,189,100042,100,99980,100,100047,100,99978,100,100053,100,99968,100,100059,100,99956,100,100085,100,99928,100
2019-06-28 09:30:14.381643619,100024,289,100006,189,100026,189,100005,189,100029,289,100003,189,100034,89,99998,389,100040,289,99982,189,100042,100,99980,100,100047,100,99978,100,100053,100,99968,100,100059,100,99956,100,100085,100,99928,100
2019-06-28 09:30:20.000000000,100024,422,100006,322,100026,322,100005,322,100029,200,100003,100,100040,200,99998,300,100042,100,99982,100,100047,100,99980,100,100053,100,99978,100,100059,100,99968,100,100085,100,99956,100,100089,100,99928,100
2019-06-28 09:30:30.000000000,100024,311,100006,211,100026,211,100005,211,100029,311,100003,211,100040,311,99998,411,100042,100,99982,100,100047,100,99980,100,100053,100,99978,100,100059,100,99968,100,100085,100,99956,100,100089,100,99928,100
2019-06-28 09:30:39.822643245,100024,311,100006,211,100026,211,100005,211,100029,311,100003,211,100040,311,99998,411,100042,100,99982,100,100047,100,99980,100,100053,100,99978,100,100059,100,99968,100,100085,100,99956,100,100089,100,99928,100
2019-06-28 09:30:40.000000000,100024,311,100006,211,100026,211,100005,211,100029,311,100003,211,100040,311,99998,411,100042,100,99982,100,100047,100,99980,100,100053,100,99978,100,100059,100,99968,100,100085,100,99956,100,100089,100,99928,100
2019-06-28 09:30:40.258131795,100024,311,100006,211,100026,211,100005,211,100029,311,100003,211,100040,311,99998,411,100042,100,99982,100,100047,100,99980,100,100053,100,99978,100,100059,100,99968,100,100085,100,99956,100,100089,100,99928,100
2019-06-28 09:30:50.000000000,100024,311,100006,211,100026,211,100005,211,100029,311,100003,211,100040,311,99998,411,100042,100,99982,100,100047,100,99980,100,100053,100,99978,100,100059,100,99968,100,100085,100,99956,100,100089,100,99928,100
2019-06-28 09:31:00.000000000,100024,645,100006,545,100026,100,100005,100,100029,200,100003,100,100040,200,99998,300,100042,100,99982,100,100047,100,99980,100,100053,100,99978,100,100059,100,99968,100,100085,100,99956,100,100089,100,99928,100
2019-06-28 09:31:10.000000000,100024,289,100006,189,100026,189,100005,189,100029,289,100003,189,100040,289,99998,389,100042,189,99982,189,100047,100,99980,100,100053,100,99978,100,100059,100,99968,100,100085,100,99956,100,100089,100,99928,100
2019-06-28 09:31:20.000000000,100024,645,100006,545,100026,100,100005,100,100029,200,100003,100,100040,200,99998,300,100042,100,99982,100,100047,100,99980,100,100053,100,99978,100,100059,100,99968,100,100085,100,99956,100,100089,100,99928,100
2019-06-28 09:31:30.000000000,100024,289,100006,189,100026,189,100005,189,100029,289,100003,189,100040,289,99998,389,100042,189,99982,189,100047,100,99980,100,100053,100,99978,100,100059,100,99968,100,100085,100,99956,100,100089,100,99928,100
2019-06-28 09:31:40.000000000,100024,422,100006,322,100026,322,100005,322,100029,200,100003,100,100040,200,99998,300,100042,100,99982,100,100047,100,99980,100,100053,100,99978,100,100059,100,99968,100,100085,100,99956,100,100089,100,99928,100
2019-06-28 09:31:50.000000000,100024,645,100006,545,100026,100,100005,100,100029,200,100003,100,100040,200,99998,300,100042,100,99982,100,100047,100,99980,100,100053,100,99978,100,100059,100,99968,100,100085,100,99956,100,100089,100,99928,100
2019-06-28 09:31:52.119024483,100024,545,100006,545,100026,100,100005,100,100029,200,100003,100,100040,200,99998,300,100042,100,99982,100,100047,100,99980,100,100053,100,99978,100,100059,100,99968,100,100085,100,99956,100,100089,100,99928,100
2019-06-28 09:32:00.000000000,100024,545,100006,545,100026,100,100005,100,100029,200,100003,100,100040,200,99998,300,100042,100,99982,100,100047,100,99980,100,100053,100,99978,100,100059,100,99968,100,100085,100,99956,100,100089,100,99928,100
2019-06-28 09:32:06.274696875,100024,445,100006,545,100026,100,100005,100,100029,200,100003,100,100040,200,99998,300,100042,100,99982,100,100047,100,99980,100,100053,100,99978,100,100059,100,99968,100,100085,100,99956,100,100089,100,99928,100
2019-06-28 09:32:10.000000000,100026,189,100006,189,100029,289,100005,189,100040,289,100003,189,100042,189,99998,389,100047,189,99982,189,100053,100,99980,100,100059,100,99978,100,100085,100,99968,100,100089,100,99956,100,100091,100,99928,100
2019-06-28 09:32:12.126611105,100026,89,100006,189,100029,289,100005,189,100040,289,100003,189,100042,189,99998,389,100047,189,99982,189,100053,100,99980,100,100059,100,99978,100,100085,100,99968,100,100089,100,99956,100,100091,100,99928,100
2019-06-28 09:32:14.794963189,100029,189,100026,11,100040,289,100006,189,100042,189,100005,189,100047,189,100003,189,100053,100,99998,389,100059,100,99982,189,100085,100,99980,100,100089,100,99978,100,100091,100,99968,100,100124,100,99956,100
2019-06-28 09:32:20.000000000,100029,545,100026,456,100040,200,100006,100,100042,100,100005,100,100047,100,100003,100,100053,100,99998,300,100059,100,99982,100,100085,100,99980,100,100089,100,99978,100,100091,100,99968,100,100124,100,99956,100
2019-06-28 09:32:22.259239416,100029,445,100026,456,100040,200,100006,100,100042,100,100005,100,100047,100,100003,100,100053,100,99998,300,100059,100,99982,100,100085,100,99980,100,100089,100,99978,100,100091,100,99968,100,100124,100,99956,100
2019-06-28 09:32:24.251051788,100029,445,100027,100,100040,200,100026,456,100042,100,100006,100,100047,100,100005,100,100053,100,100003,100,100059,100,99998,300,100085,100,99982,100,100089,100,99980,100,100091,100,99978,100,100124,100,99968,100
2019-06-28 09:32:26.263314461,100029,345,100027,100,100040,200,100026,456,100042,100,100006,100,100047,100,100005,100,100053,100,100003,100,100059,100,99998,300,100085,100,99982,100,100089,100,99980,100,100091,100,99978,100,100124,100,99968,100
2019-06-28 09:32:30.000000000,100040,289,100027,189,100042,189,100026,100,100047,189,100006,189,100053,189,100005,189,100059,189,100003,189,100085,100,99998,300,100089,100,99982,100,100091,100,99980,100,100124,100,99978,100,100140,100,99968,100
2019-06-28 09:32:40.000000000,100040,422,100027,322,100042,322,100026,233,100047,100,100006,100,100053,100,100005,100,100059,100,100003,100,100085,100,99998,300,100089,100,99982,100,100091,100,99980,100,100124,100,99978,100,100140,100,99968,100
2019-06-28 09:32:44.803256400,100040,422,100027,322,100042,322,100026,233,100047,100,100006,100,100053,100,100003,100,100059,100,99998,300,100085,100,99982,100,100089,100,99980,100,100091,100,99978,100,100124,100,99968,100,100140,100,99956,100
2019-06-28 09:32:50.000000000,100040,351,100027,251,100042,247,100026,158,100047,247,100006,247,100053,100,100003,100,100059,100,99998,300,100085,100,99982,100,100089,100,99980,100,100091,100,99978,100,100124,100,99968,100,100140,100,99956,100
2019-06-28 09:33:00.000000000,100040,645,100027,545,100042,100,100026,11,100047,100,100006,100,100053,100,100003,100,100059,100,99998,300,100085,100,99982,100,100089,100,99980,100,100091,100,99978,100,100124,100,99968,100,100140,100,99956,100
2019-06-28 09:33:01.661896255,100040,645,100029,100,100042,100,100027,545,100047,100,100026,11,100053,100,100006,100,100059,100,100003,100,100085,100,99998,300,100089,100,99982,100,100091,100,99980,100,100124,100,99978,100,100140,100,99968,100
2019-06-28 09:33:02.912473554,100040,545,100029,100,100042,100,100027,545,100047,100,100026,11,100053,100,100006,100,100059,100,100003,100,100085,100,99998,300,100089,100,99982,100,100091,100,99980,100,100124,100,99978,100,100140,100,99968,100
2019-06-28 09:33:04.497089764,100040,545,100030,100,100042,100,100027,545,100047,100,100026,11,100053,100,100006,100,100059,100,100003,100,100085,100,99998,300,100089,100,99982,100,100091,100,99980,100,100124,100,99978,100,100140,100,99968,100
2019-06-28 09:33:10.000000000,100040,211,100030,211,100042,211,100027,211,100047,211,100026,122,100053,211,100006,211,100059,100,100003,100,100085,100,99998,300,100089,100,99982,100,100091,100,99980,100,100124,100,99978,100,100140,100,99968,100
2019-06-28 09:33:10.701003445,100040,111,100030,211,100042,211,100027,211,100047,211,100026,122,100053,211,100006,211,100059,100,100003,100,100085,100,99998,300,100089,100,99982,100,100091,100,99980,100,100124,100,99978,100,100140,100,99968,100
2019-06-28 09:33:12.308737951,100040,11,100030,211,100042,211,100027,211,100047,211,100026,122,100053,211,100006,211,100059,100,100003,100,100085,100,99998,300,100089,100,99982,100,100091,100,99980,100,100124,100,99978,100,100140,100,99968,100
2019-06-28 09:33:20.000000000,100042,322,100030,322,100047,322,100027,322,100053,100,100026,11,100059,100,100006,100,100085,100,100003,100,100089,100,99998,300,100091,100,99982,100,100124,100,99980,100,100140,100,99978,100,100212,100,99968,100
2019-06-28 09:33:30.000000000,100042,189,100030,189,100047,189,100027,189,100053,189,100026,100,100059,189,100006,189,100085,189,100003,189,100089,100,99998,300,100091,100,99982,100,100124,100,99980,100,100140,100,99978,100,100212,100,99968,100
2019-06-28 09:33:40.000000000,100042,545,100030,545,100047,100,100027,100,100053,100,100026,11,100059,100,100006,100,100085,100,100003,100,100089,100,99998,300,100091,100,99982,100,100124,100,99980,100,100140,100,99978,100,100212,100,99968,100
2019-06-28 09:33:50.000000000,100042,189,100030,189,100047,189,100027,189,100053,189,100026,100,100059,189,100006,189,100085,189,100003,189,100089,100,99998,300,100091,100,99982,100,100124,100,99980,100,100140,100,99978,100,100212,100,99968,100
2019-06-28 09:34:00.000000000,100042,322,100030,322,100047,322,100027,322,100053,100,100026,11,100059,100,100006,100,100085,100,100003,100,100089,100,99998,300,100091,100,99982,100,100124,100,99980,100,100140,100,99978,100,100212,100,99968,100
2019-06-28 09:34:03.359305793,100042,322,100030,222,100047,322,100027,322,100053,100,100026,11,100059,100,100006,100,100085,100,100003,100,100089,100,99998,300,100091,100,99982,100,100124,100,99980,100,100140,100,99978,100,100212,100,99968,100
2019-06-28 09:34:10.000000000,100042,189,100027,189,100047,189,100026,100,100053,189,100006,189,100059,189,100003,189,100085,189,99998,389,100089,100,99982,100,100091,100,99980,100,100124,100,99978,100,100140,100,99968,100,100212,100,99956,100
2019-06-28 09:34:12.987122953,100042,189,100027,189,100047,189,100026,100,100053,189,100006,189,100059,189,100003,189,100085,189,99998,389,100089,100,99982,100,100091,100,99980,100,100124,100,99978,100,100140,100,99968,100,100212,100,99956,100
2019-06-28 09:34:20.000000000,100042,545,100027,545,100047,100,100026,11,100053,100,100006,100,100059,100,100003,100,100085,100,99998,300,100089,100,99982,100,100091,100,99980,100,100124,100,99978,100,100140,100,99968,100,100212,100,99956,100
2019-06-28 09:34:24.171316719,100042,545,100027,545,100047,100,100026,11,100053,100,100006,100,100059,100,100003,100,100085,100,99998,300,100089,100,99982,100,100091,100,99980,100,100124,100,99978,100,100140,100,99968,100,100190,100,99956,100
2019-06-28 09:34:30.000000000,100042,211,100027,211,100047,211,100026,122,100053,211,100006,211,100059,211,100003,211,100085,100,99998,300,100089,100,99982,100,100091,100,99980,100,100124,100,99978,100,100140,100,99968,100,100190,100,99956,100
2019-06-28 09:34:40.000000000,100042,322,100027,322,100047,322,100026,233,100053,100,100006,100,100059,100,100003,100,100085,100,99998,300,100089,100,99982,100,100091,100,99980,100,100124,100,99978,100,100140,100,99968,100,100190,100,99956,100
2019-06-28 09:34:50.000000000,100042,322,100027,322,100047,322,100026,233,100053,100,100006,100,100059,100,100003,100,100085,100,99998,300,100089,100,99982,100,100091,100,99980,100,100124,100,99978,100,100140,100,99968,100,100190,100,99956,100
2019-06-28 09:35:00.000000000,100042,189,100027,189,100047,189,100026,100,100053,189,100006,189,100059,189,100003,189,100085,189,99998,389,100089,100,99982,100,100091,100,99980,100,100124,100,99978,100,100140,100,99968,100,100190,100,99956,100
2019-06-28 09:35:00.614730688,100042,89,100027,189,100047,189,100026,100,100053,189,100006,189,100059,189,100003,189,100085,189,99998,389,100089,100,99982,100,100091,100,99980,100,100124,100,99978,100,100140,100,99968,100,100190,100,99956,100
2019-06-28 09:35:04.277353491,100042,89,100031,100,100047,189,100027,189,100053,189,100026,100,100059,189,100006,189,100085,189,100003,189,100089,100,99998,389,100091,100,99982,100,100124,100,99980,100,100140,100,99978,100,100190,100,99968,100
2019-06-28 09:35:10.000000000,100047,251,100031,251,100053,247,100027,247,100059,247,100026,158,100085,100,100006,100,100089,100,100003,100,100091,100,99998,300,100124,100,99982,100,100140,100,99980,100,100190,100,99978,100,100212,100,99968,100
2019-06-28 09:35:20.000000000,100047,211,100031,211,100053,211,100027,211,100059,211,100026,122,100085,211,100006,211,100089,100,100003,100,100091,100,99998,300,100124,100,99982,100,100140,100,99980,100,100190,100,99978,100,100212,100,99968,100
2019-06-28 09:35:27.047642261,100047,111,100031,211,100053,211,100027,211,100059,211,100026,122,100085,211,100006,211,100089,100,100003,100,100091,100,99998,300,100124,100,99982,100,100140,100,99980,100,100190,100,99978,100,100212,100,99968,100
2019-06-28 09:35:30.000000000,100053,322,100031,322,100059,322,100027,322,100085,100,100026,11,100089,100,100006,100,100091,100,100003,100,100124,100,99998,300,100140,100,99982,100,100190,100,99980,100,100212,100,99978,100,,,99968,100
2019-06-28 09:35:34.453554610,100053,322,100031,322,100059,322,100027,322,100085,100,100026,11,100089,100,100006,100,100091,100,100003,100,100124,100,99998,300,100140,100,99982,100,100190,100,99980,100,100212,100,99978,100,100907,100,99968,100
2019-06-28 09:35:40.000000000,100053,189,100031,189,100059,189,100027,189,100085,189,100026,100,100089,189,100006,189,100091,189,100003,189,100124,100,99998,300,100140,100,99982,100,100190,100,99980,100,100212,100,99978,100,100907,100,99968,100
2019-06-28 09:35:44.305066253,100053,89,100031,189,100059,89,100027,189,100085,189,100026,100,100089,189,100006,189,100091,189,100003,189,100124,100,99998,300,100140,100,99982,100,100190,100,99980,100,100212,100,99978,100,100907,100,99968,100
2019-06-28 09:35:50.000000000,100085,545,100031,545,100089,100,100027,100,100091,100,100026,11,100124,100,100006,100,100140,100,100003,100,100190,100,99998,300,100212,100,99982,100,100907,100,99980,100,,,99978,100,,,99968,100
2019-06-28 09:36:00.000000000,100085,545,100031,545,100089,100,100027,100,100091,100,100026,11,100124,100,100006,100,100140,100,100003,100,100190,100,99998,300,100212,100,99982,100,100907,100,99980,100,,,99978,100,,,99968,100
2019-06-28 09:36:10.000000000,100085,251,100031,251,100089,247,100027,247,100091,247,100026,158,100124,100,100006,100,100140,100,100003,100,100190,100,99998,300,100212,100,99982,100,100907,100,99980,100,,,99978,100,,,99968,100
2019-06-28 09:36:20.000000000,100085,322,100031,322,100089,322,100027,322,100091,100,100026,11,100124,100,100006,100,100140,100,100003,100,100190,100,99998,300,100212,100,99982,100,100907,100,99980,100,,,99978,100,,,99968,100
2019-06-28 09:36:30.000000000,100085,189,100031,189,100089,189,100027,189,100091,189,100026,100,100124,189,100006,189,100140,189,100003,189,100190,100,99998,300,100212,100,99982,100,100907,100,99980,100,,,99978,100,,,99968,100
2019-06-28 09:36:31.622487607,100085,89,100031,189,100089,189,100027,189,100091,189,100026,100,100124,189,100006,189,100140,189,100003,189,100190,100,99998,300,100212,100,99982,100,100907,100,99980,100,,,99978,100,,,99968,100
2019-06-28 09:36:38.720637841,100085,89,100031,189,100089,189,100027,189,100091,189,100026,100,100124,189,100006,189,100140,189,100003,189,100190,100,99998,300,100212,100,99982,100,100907,100,99980,100,101635,100,99978,100,,,99968,100
2019-06-28 09:36:40.000000000,100089,189,100031,189,100091,189,100027,189,100124,189,100026,100,100140,189,100006,189,100190,189,100003,189,100212,100,99998,300,100907,100,99982,100,101635,100,99980,100,,,99978,100,,,99968,100
2019-06-28 09:36:42.750693091,100089,189,100031,189,100091,189,100027,89,100124,189,100026,100,100140,189,100006,189,100190,189,100003,189,100212,100,99998,300,100907,100,99982,100,101635,100,99980,100,,,99978,100,,,99968,100
2019-06-28 09:36:50.000000000,100089,251,100031,251,100091,247,100026,158,100124,247,100006,247,100140,100,100003,100,100190,100,99998,300,100212,100,99982,100,100907,100,99980,100,101635,100,99978,100,,,99968,100,,,99956,100
2019-06-28 09:37:00.000000000,100089,251,100031,251,100091,247,100026,158,100124,247,100006,247,100140,100,100003,100,100190,100,99998,300,100212,100,99982,100,100907,100,99980,100,101635,100,99978,100,,,99968,100,,,99956,100
2019-06-28 09:37:10.000000000,100089,211,100031,211,100091,211,100026,122,100124,211,100006,211,100140,211,100003,211,100190,100,99998,300,100212,100,99982,100,100907,100,99980,100,101635,100,99978,100,,,99968,100,,,99956,100
2019-06-28 09:37:20.000000000,100089,251,100031,251,100091,247,100026,158,100124,247,100006,247,100140,100,100003,100,100190,100,99998,300,100212,100,99982,100,100907,100,99980,100,101635,100,99978,100,,,99968,100,,,99956,100
2019-06-28 09:37:30.000000000,100089,189,100031,189,100091,189,100026,100,100124,189,100006,189,100140,189,100003,189,100190,189,99998,389,100212,100,99982,100,100907,100,99980,100,101635,100,99978,100,,,99968,100,,,99956,100
2019-06-28 09:37:40.000000000,100089,211,100031,211,100091,211,100026,122,100124,211,100006,211,100140,211,100003,211,100190,100,99998,300,100212,100,99982,100,100907,100,99980,100,101635,100,99978,100,,,99968,100,,,99956,100
2019-06-28 09:37:41.311025377,100089,111,100031,211,100091,211,100026,122,100124,211,100006,211,100140,211,100003,211,100190,100,99998,300,100212,100,99982,100,100907,100,99980,100,101635,100,99978,100,,,99968,100,,,99956,100
2019-06-28 09:37:47.877367434,100089,11,100031,211,100091,211,100026,122,100124,211,100006,211,100140,211,100003,211,100190,100,99998,300,100212,100,99982,100,100907,100,99980,100,101635,100,99978,100,,,99968,100,,,99956,100
2019-06-28 09:37:50.000000000,100091,251,100031,251,100124,247,100026,158,100140,247,100006,247,100190,100,100003,100,100212,100,99998,300,100907,100,99982,100,101635,100,99980,100,,,99978,100,,,99968,100,,,99956,100
2019-06-28 09:37:54.590080773,100091,251,100089,100,100124,247,100031,251,100140,247,100026,158,100190,100,100006,247,100212,100,100003,100,100907,100,99998,300,101635,100,99982,100,,,99980,100,,,99978,100,,,99968,100
2019-06-28 09:38:00.000000000,100091,545,100089,545,100124,100,100031,100,100140,100,100026,11,100190,100,100006,100,100212,100,100003,100,100907,100,99998,300,101635,100,99982,100,,,99980,100,,,99978,100,,,99968,100
2019-06-28 09:38:04.840469683,100091,545,100089,645,100124,100,100031,100,100140,100,100026,11,100190,100,100006,100,100212,100,100003,100,100907,100,99998,300,101635,100,99982,100,,,99980,100,,,99978,100,,,99968,100
2019-06-28 09:38:10.000000000,100091,545,100089,645,100124,100,100031,100,100140,100,100026,11,100190,100,100006,100,100212,100,100003,100,100907,100,99998,300,101635,100,99982,100,,,99980,100,,,99978,100,,,99968,100
2019-06-28 09:38:20.000000000,100091,545,100089,645,100124,100,100031,100,100140,100,100026,11,100190,100,100006,100,100212,100,100003,100,100907,100,99998,300,101635,100,99982,100,,,99980,100,,,99978,100,,,99968,100
2019-06-28 09:38:29.173165936,100091,545,100089,745,100124,100,100031,100,100140,100,100026,11,100190,100,100006,100,100212,100,100003,100,100907,100,99998,200,101635,100,99982,100,,,99980,100,,,99978,100,,,99968,100
2019-06-28 09:38:30.000000000,100091,251,100089,451,100124,247,100031,247,100140,247,100026,158,100190,100,100006,100,100212,100,100003,100,100907,100,99998,200,101635,100,99982,100,,,99980,100,,,99978,100,,,99968,100
2019-06-28 09:38:40.000000000,100091,189,100089,389,100124,189,100031,189,100140,189,100026,100,100190,189,100006,189,100212,189,100003,189,100907,100,99998,200,101635,100,99982,100,,,99980,100,,,99978,100,,,99968,100
2019-06-28 09:38:50.000000000,100091,211,100089,411,100124,211,100031,211,100140,211,100026,122,100190,211,100006,211,100212,100,100003,100,100907,100,99998,200,101635,100,99982,100,,,99980,100,,,99978,100,,,99968,100
2019-06-28 09:39:00.000000000,100091,189,100089,389,100124,189,100031,189,100140,189,100026,100,100190,189,100006,189,100212,189,100003,189,100907,100,99998,200,101635,100,99982,100,,,99980,100,,,99978,100,,,99968,100
2019-06-28 09:39:10.000000000,100091,251,100089,451,100124,247,100031,247,100140,247,100026,158,100190,100,100006,100,100212,100,100003,100,100907,100,99998,200,101635,100,99982,100,,,99980,100,,,99978,100,,,99968,100
2019-06-28 09:39:18.671650977,100091,251,100089,451,100124,247,100031,247,100140,247,100026,158,100212,100,100006,100,100907,100,100003,100,101635,100,99998,200,102062,100,99982,100,,,99980,100,,,99978,100,,,99968,100
2019-06-28 09:39:20.000000000,100091,251,100089,451,100124,247,100031,247,100140,247,100026,158,100212,100,100006,100,100907,100,100003,100,101635,100,99998,200,102062,100,99982,100,,,99980,100,,,99978,100,,,99968,100
2019-06-28 09:39:29.774863076,100091,251,100089,451,100124,247,100031,247,100140,247,100026,158,100212,100,100006,100,100907,100,100003,100,101635,100,99998,200,101941,100,99982,100,102062,100,99980,100,,,99978,100,,,99968,100
2019-06-28 09:39:30.000000000,100091,545,100089,745,100124,100,100031,100,100140,100,100026,11,100212,100,100006,100,100907,100,100003,100,101635,100,99998,200,101941,100,99982,100,102062,100,99980,100,,,99978,100,,,99968,100
2019-06-28 09:39:40.000000000,100091,545,100089,745,100124,100,100031,100,100140,100,100026,11,100212,100,100006,100,100907,100,100003,100,101635,100,99998,200,101941,100,99982,100,102062,100,99980,100,,,99978,100,,,99968,100
2019-06-28 09:39:40.647855361,100091,445,100089,745,100140,100,100031,100,100212,100,100026,11,100907,100,100006,100,101635,100,100003,100,101941,100,99998,200,102062,100,99982,100,,,99980,100,,,99978,100,,,99968,100
2019-06-28 09:39:43.108951619,100091,445,100089,745,100140,100,100031,100,100212,100,100026,11,100907,100,100006,100,101635,100,100003,100,101867,100,99998,200,101941,100,99982,100,102062,100,99980,100,,,99978,100,,,99968,100
2019-06-28 09:39:44.029431956,100091,445,100089,745,100140,100,100031,100,100212,100,100026,11,100907,100,100006,100,101635,100,100003,100,101867,100,99998,200,101941,100,99982,100,102062,100,99980,100,102155,100,99978,100,,,99968,100
2019-06-28 09:39:50.000000000,100140,322,100089,522,100212,322,100031,322,100907,100,100026,11,101635,100,100006,100,101867,100,100003,100,101941,100,99998,200,102062,100,99982,100,102155,100,99980,100,,,99978,100,,,99968,100
2019-06-28 09:40:00.000000000,100140,322,100089,522,100212,322,100031,322,100907,100,100026,11,101635,100,100006,100,101867,100,100003,100,101941,100,99998,200,102062,100,99982,100,102155,100,99980,100,,,99978,100,,,99968,100
2019-06-28 09:40:10.000000000,100140,545,100089,745,100212,100,100031,100,100907,100,100026,11,101635,100,100006,100,101867,100,100003,100,101941,100,99998,200,102062,100,99982,100,102155,100,99980,100,,,99978,100,,,99968,100
2019-06-28 09:40:20.000000000,100140,189,100089,389,100212,189,100031,189,100907,189,100026,100,101635,189,100006,189,101867,189,100003,189,101941,100,99998,200,102062,100,99982,100,102155,100,99980,100,,,99978,100,,,99968,100
2019-06-28 09:40:30.000000000,100140,251,100089,451,100212,247,100031,247,100907,247,100026,158,101635,100,100006,100,101867,100,100003,100,101941,100,99998,200,102062,100,99982,100,102155,100,99980,100,,,99978,100,,,99968,100
2019-06-28 09:40:40.000000000,100140,189,100089,389,100212,189,100031,189,100907,189,100026,100,101635,189,100006,189,101867,189,100003,189,101941,100,99998,200,102062,100,99982,100,102155,100,99980,100,,,99978,100,,,99968,100
2019-06-28 09:40:50.000000000,100140,189,100089,389,100212,189,100031,189,100907,189,100026,100,101635,189,100006,189,101867,189,100003,189,101941,100,99998,200,102062,100,99982,100,102155,100,99980,100,,,99978,100,,,99968,100
2019-06-28 09:40:56.211589365,100140,189,100090,100,100212,189,100089,389,100907,189,100031,189,101635,189,100026,100,101867,189,100006,189,101941,100,100003,189,102062,100,99998,200,102155,100,99982,100,,,99980,100,,,99978,100
2019-06-28 09:41:00.000000000,100140,251,100090,251,100212,247,100089,447,100907,247,100031,247,101635,100,100026,11,101867,100,100006,100,101941,100,100003,100,102062,100,99998,200,102155,100,99982,100,,,99980,100,,,99978,100
2019-06-28 09:41:09.984560016,100140,151,100090,251,100212,247,100089,447,100907,247,100031,247,101635,100,100026,11,101867,100,100006,100,101941,100,100003,100,102062,100,99998,200,102155,100,99982,100,,,99980,100,,,99978,100
2019-06-28 09:41:10.000000000,100212,545,100090,545,100907,100,100089,300,101635,100,100031,100,101867,100,100026,11,101941,100,100006,100,102062,100,100003,100,102155,100,99998,200,,,99982,100,,,99980,100,,,99978,100
2019-06-28 09:41:20.000000000,100212,545,100090,545,100907,100,100089,300,101635,100,100031,100,101867,100,100026,11,101941,100,100006,100,102062,100,100003,100,102155,100,99998,200,,,99982,100,,,99980,100,,,99978,100
2019-06-28 09:41:30.000000000,100212,322,100090,322,100907,322,100089,522,101635,100,100031,100,101867,100,100026,11,101941,100,100006,100,102062,100,100003,100,102155,100,99998,200,,,99982,100,,,99980,100,,,99978,100
2019-06-28 09:41:39.180391827,100212,322,100090,322,100907,322,100089,422,101635,100,100031,100,101867,100,100026,11,101941,100,100006,100,102062,100,100003,100,102155,100,99998,200,,,99982,100,,,99980,100,,,99978,100
2019-06-28 09:41:40.000000000,100212,211,100090,211,100907,211,100089,311,101635,211,100031,211,101867,211,100026,122,101941,100,100006,100,102062,100,100003,100,102155,100,99998,200,,,99982,100,,,99980,100,,,99978,100
2019-06-28 09:41:40.047444928,100212,111,100090,211,100907,211,100089,311,101635,211,100031,211,101867,211,100026,111,101941,100,100006,100,102062,100,100003,100,102155,100,99998,200,,,99982,100,,,99980,100,,,99978,100
2019-06-28 09:41:50.000000000,100907,189,100090,189,101635,189,100089,289,101867,189,100031,189,101941,189,100006,189,102062,189,100003,189,102155,100,99998,200,,,99982,100,,,99980,100,,,99978,100,,,99968,100
2019-06-28 09:41:52.768478322,100907,189,100090,189,101635,189,100089,289,101867,189,100031,189,101941,189,100006,189,102062,189,100003,189,102155,100,99998,200,102532,100,99982,100,,,99980,100,,,99978,100,,,99968,100
2019-06-28 09:42:00.000000000,100907,211,100090,211,101635,211,100089,311,101867,211,100031,211,101941,211,100006,211,102062,100,100003,100,102155,100,99998,200,102532,100,99982,100,,,99980,100,,,99978,100,,,99968,100
2019-06-28 09:42:07.881680998,100907,111,100090,211,101635,211,100089,311,101867,211,100031,211,101941,211,100006,211,102062,100,100003,100,102155,100,99998,200,102532,100,99982,100,,,99980,100,,,99978,100,,,99968,100
2019-06-28 09:42:10.000000000,101635,211,100090,211,101867,211,100089,311,101941,211,100031,211,102062,211,100006,211,102155,100,100003,100,102532,100,99998,200,,,99982,100,,,99980,100,,,99978,100,,,99968,100
2019-06-28 09:42:11.945472350,101635,211,100090,211,101867,211,100089,311,101941,211,100031,211,102062,211,100006,211,102155,100,100003,100,102257,100,99998,200,102532,100,99982,100,,,99978,100,,,99968,100,,,99956,100
2019-06-28 09:42:20.000000000,101635,211,100090,211,101867,211,100089,311,101941,211,100031,211,102062,211,100006,211,102155,100,100003,100,102257,100,99998,200,102532,100,99982,100,,,99978,100,,,99968,100,,,99956,100
2019-06-28 09:42:30.000000000,101635,211,100090,211,101867,211,100089,311,101941,211,100031,211,102062,211,100006,211,102155,100,100003,100,102257,100,99998,200,102532,100,99982,100,,,99978,100,,,99968,100,,,99956,100
2019-06-28 09:42:40.000000000,101635,211,100090,211,101867,211,100089,311,101941,211,100031,211,102062,211,100006,211,102155,100,100003,100,102257,100,99998,200,102532,100,99982,100,,,99978,100,,,99968,100,,,99956,100
2019-06-28 09:42:50.000000000,101635,211,100090,211,101867,211,100089,311,101941,211,100031,211,102062,211,100006,211,102155,100,100003,100,102257,100,99998,200,102532,100,99982,100,,,99978,100,,,99968,100,,,99956,100
2019-06-28 09:42:59.315558619,101635,211,100090,211,101867,211,100089,311,101941,211,100031,211,102062,211,100006,211,102155,100,99998,200,102257,100,99982,100,102532,100,99978,100,102776,100,99968,100,,,99956,100,,,99919,100
2019-06-28 09:43:00.000000000,101635,322,100090,322,101867,322,100089,422,101941,100,100031,100,102062,100,100006,100,102155,100,99998,200,102257,100,99982,100,102532,100,99978,100,102776,100,99968,100,,,99956,100,,,99919,100
2019-06-28 09:43:02.737766202,101635,322,100090,322,101867,322,100089,422,101941,100,100031,100,102062,100,100006,100,102155,100,99998,200,102257,100,99982,100,102532,100,99978,100,102776,100,99968,100,102799,100,99956,100,,,99919,100
2019-06-28 09:43:03.201147255,101635,222,100090,322,101867,322,100089,422,101941,100,100031,100,102062,100,100006,100,102155,100,99998,200,102257,100,99982,100,102532,100,99978,100,102776,100,99968,100,102799,100,99956,100,,,99919,100
2019-06-28 09:43:06.396538761,101635,122,100090,322,101867,322,100089,422,101941,100,100031,100,102062,100,100006,100,102155,100,99998,200,102257,100,99982,100,102532,100,99978,100,102776,100,99968,100,102799,100,99956,100,,,99919,100
2019-06-28 09:43:10.000000000,101867,545,100090,545,101941,100,100089,200,102062,100,100031,100,102155,100,100006,100,102257,100,99998,200,102532,100,99982,100,102776,100,99978,100,102799,100,99968,100,,,99956,100,,,99919,100
2019-06-28 09:43:20.000000000,101867,545,100090,545,101941,100,100089,200,102062,100,100031,100,102155,100,100006,100,102257,100,99998,200,102532,100,99982,100,102776,100,99978,100,102799,100,99968,100,,,99956,100,,,99919,100
2019-06-28 09:43:30.000000000,101867,189,100090,189,101941,189,100089,289,102062,189,100031,189,102155,189,100006,189,102257,189,99998,289,102532,100,99982,100,102776,100,99978,100,102799,100,99968,100,,,99956,100,,,99919,100
2019-06-28 09:43:38.359757102,101867,89,100090,189,101941,189,100089,289,102062,189,100031,189,102155,189,100006,189,102257,189,99998,289,102532,100,99982,100,102776,100,99978,100,102799,100,99968,100,,,99956,100,,,99919,100
2019-06-28 09:43:39.393940028,101941,189,101867,11,102062,189,100090,189,102155,189,100089,289,102257,189,100031,189,102532,100,100006,189,102776,100,99998,289,102799,100,99982,100,,,99978,100,,,99968,100,,,99956,100
2019-06-28 09:43:40.000000000,101941,211,101867,122,102062,211,100090,211,102155,211,100089,311,102257,211,100031,211,102532,100,100006,100,102776,100,99998,200,102799,100,99982,100,,,99978,100,,,99968,100,,,99956,100
2019-06-28 09:43:50.000000000,101941,251,101867,162,102062,247,100090,247,102155,247,100089,347,102257,100,100031,100,102532,100,100006,100,102776,100,99998,200,102799,100,99982,100,,,99978,100,,,99968,100,,,99956,100
2019-06-28 09:44:00.000000000,101941,251,101867,162,102062,247,100090,247,102155,247,100089,347,102257,100,100031,100,102532,100,100006,100,102776,100,99998,200,102799,100,99982,100,,,99978,100,,,99968,100,,,99956,100
2019-06-28 09:44:06.873264110,101941,151,101867,162,102062,247,100090,247,102155,247,100089,347,102257,100,100031,100,102532,100,100006,100,102776,100,99998,200,102799,100,99982,100,,,99978,100,,,99968,100,,,99956,100
2019-06-28 09:44:10.000000000,102062,251,101867,162,102155,247,100090,247,102257,247,100089,347,102532,100,100031,100,102776,100,100006,100,102799,100,99998,200,,,99982,100,,,99978,100,,,99968,100,,,99956,100
2019-06-28 09:44:12.559010593,102062,251,101868,100,102155,247,101867,162,102257,247,100090,247,102532,100,100089,347,102776,100,100031,100,102799,100,100006,100,,,99998,200,,,99982,100,,,99978,100,,,99968,100
2019-06-28 09:44:20.000000000,102062,545,101868,545,102155,100,101867,11,102257,100,100090,100,102532,100,100089,200,102776,100,100031,100,102799,100,100006,100,,,99998,200,,,99982,100,,,99978,100,,,99968,100
2019-06-28 09:44:30.000000000,102062,545,101868,545,102155,100,101867,11,102257,100,100090,100,102532,100,100089,200,102776,100,100031,100,102799,100,100006,100,,,99998,200,,,99982,100,,,99978,100,,,99968,100
2019-06-28 09:44:40.000000000,102062,322,101868,322,102155,322,101867,233,102257,100,100090,100,102532,100,100089,200,102776,100,100031,100,102799,100,100006,100,,,99998,200,,,99982,100,,,99978,100,,,99968,100
2019-06-28 09:44:50.000000000,102062,545,101868,545,102155,100,101867,11,102257,100,100090,100,102532,100,100089,200,102776,100,100031,100,102799,100,100006,100,,,99998,200,,,99982,100,,,99978,100,,,99968,100
2019-06-28 09:45:00.000000000,102062,251,101868,251,102155,247,101867,158,102257,247,100090,247,102532,100,100089,200,102776,100,100031,100,102799,100,100006,100,,,99998,200,,,99982,100,,,99978,100,,,99968,100
2019-06-28 09:45:04.287887486,102062,151,101868,251,102155,247,101867,158,102257,247,100090,247,102532,100,100089,200,102799,100,100031,100,,,100006,100,,,99998,200,,,99982,100,,,99978,100,,,99968,100
2019-06-28 09:45:10.000000000,102155,251,101868,251,102257,247,101867,158,102532,247,100090,247,102799,100,100089,200,,,100031,100,,,100006,100,,,99998,200,,,99982,100,,,99978,100,,,99968,100
2019-06-28 09:45:20.000000000,102155,189,101868,189,102257,189,101867,100,102532,189,100090,189,102799,189,100089,289,102800,89,100031,189,,,100006,100,,,99998,200,,,99982,100,,,99978,100,,,99968,100
2019-06-28 09:45:30.000000000,102155,211,101868,211,102257,211,101867,122,102532,211,100090,211,102799,211,100089,311,,,100031,100,,,100006,100,,,99998,200,,,99982,100,,,99978,100,,,99968,100
2019-06-28 09:45:31.223908513,102155,111,101868,211,102257,211,101867,122,102532,211,100090,211,102799,211,100089,311,,,100031,100,,,100006,100,,,99998,200,,,99982,100,,,99978,100,,,99968,100
2019-06-28 09:45:40.000000000,102257,251,101868,251,102532,247,101867,158,102799,247,100090,247,,,100089,200,,,100031,100,,,100006,100,,,99998,200,,,99982,100,,,99978,100,,,99968,100
2019-06-28 09:45:43.891155974,102257,251,102062,100,102532,247,101868,251,102799,247,101867,158,,,100090,247,,,100089,200,,,100031,100,,,99998,200,,,99982,100,,,99978,100,,,99968,100
2019-06-28 09:45:50.000000000,102257,251,102062,251,102532,247,101868,247,102799,247,101867,158,,,100090,100,,,100089,200,,,100031,100,,,99998,200,,,99982,100,,,99978,100,,,99968,100
2019-06-28 09:46:00.000000000,102257,189,102062,189,102532,189,101868,189,102799,189,101867,100,102800,89,100090,189,,,100089,289,,,100031,100,,,99998,200,,,99982,100,,,99978,100,,,99968,100
2019-06-28 09:46:10.000000000,102257,545,102062,545,102532,100,101868,100,102799,100,101867,11,,,100090,100,,,100089,200,,,100031,100,,,99998,200,,,99982,100,,,99978,100,,,99968,100
2019-06-28 09:46:20.000000000,102257,211,102062,211,102532,211,101868,211,102799,211,101867,122,102800,111,100090,211,,,100089,200,,,100031,100,,,99998,200,,,99982,100,,,99978,100,,,99968,100
2019-06-28 09:46:30.000000000,102257,322,102062,322,102532,322,101868,322,102799,100,101867,11,,,100090,100,,,100089,200,,,100031,100,,,99998,200,,,99982,100,,,99978,100,,,99968,100
2019-06-28 09:46:40.000000000,102257,189,102062,189,102532,189,101868,189,102799,189,101867,100,102800,89,100090,189,,,100089,289,,,100031,100,,,99998,200,,,99982,100,,,99978,100,,,99968,100
2019-06-28 09:46:50.000000000,102257,545,102062,545,102532,100,101868,100,102799,100,101867,11,,,100090,100,,,100089,200,,,100031,100,,,99998,200,,,99982,100,,,99978,100,,,99968,100
2019-06-28 09:46:52.168527858,102257,445,102062,545,102532,100,101868,100,102799,100,101867,11,,,100090,100,,,100089,200,,,100031,100,,,99998,200,,,99982,100,,,99978,100,,,99968,100
2019-06-28 09:46:52.219946888,102257,445,102155,100,102532,100,102062,545,102799,100,101868,100,,,101867,11,,,100090,100,,,100089,200,,,100031,100,,,99998,200,,,99982,100,,,99978,100
2019-06-28 09:47:00.000000000,102532,189,102155,189,102799,189,102062,189,102800,89,101868,189,,,101867,100,,,100090,189,,,100089,200,,,100031,100,,,99998,200,,,99982,100,,,99978,100
2019-06-28 09:47:10.000000000,102532,189,102155,189,102799,189,102062,189,102800,89,101868,189,,,101867,100,,,100090,189,,,100089,200,,,100031,100,,,99998,200,,,99982,100,,,99978,100
2019-06-28 09:47:18.446508811,102532,189,102155,289,102799,189,102062,189,102800,89,101868,189,,,101867,100,,,100090,189,,,100089,200,,,99998,200,,,99982,100,,,99978,100,,,99968,100
2019-06-28 09:47:20.000000000,102532,211,102155,311,102799,211,102062,211,102800,111,101868,211,,,101867,122,,,100090,100,,,100089,200,,,99998,200,,,99982,100,,,99978,100,,,99968,100
2019-06-28 09:47:21.335042996,102532,211,102155,411,102799,211,102062,211,102800,111,101868,211,,,101867,122,,,100090,100,,,100089,200,,,99998,200,,,99982,100,,,99978,100,,,99968,100
2019-06-28 09:47:30.000000000,102532,211,102155,411,102799,211,102062,211,102800,111,101868,211,,,101867,122,,,100090,100,,,100089,200,,,99998,200,,,99982,100,,,99978,100,,,99968,100
2019-06-28 09:47:40.000000000,102532,322,102155,522,102799,322,102062,322,,,101868,100,,,101867,11,,,100090,100,,,100089,200,,,99998,200,,,99982,100,,,99978,100,,,99968,100
2019-06-28 09:47:41.869104801,102532,322,102155,522,102799,322,102062,322,103558,100,101868,100,,,101867,11,,,100090,100,,,100089,200,,,99998,200,,,99982,100,,,99978,100,,,99968,100
2019-06-28 09:47:42.288691366,102532,322,102155,522,102799,322,102062,322,103558,100,101868,100,,,101867,11,,,100090,100,,,100089,100,,,99998,200,,,99982,100,,,99978,100,,,99968,100
2019-06-28 09:47:50.000000000,102532,211,102155,411,102799,211,102062,211,103558,211,101868,211,103559,111,101867,122,,,100090,100,,,100089,100,,,99998,200,,,99982,100,,,99978,100,,,99968,100
2019-06-28 09:48:00.000000000,102532,322,102155,522,102799,322,102062,322,103558,100,101868,100,,,101867,11,,,100090,100,,,100089,100,,,99998,200,,,99982,100,,,99978,100,,,99968,100
2019-06-28 09:48:04.134485222,102532,222,102155,522,102799,322,102062,322,103558,100,101868,100,,,101867,11,,,100090,100,,,100089,100,,,99998,200,,,99982,100,,,99978,100,,,99968,100
2019-06-28 09:48:10.000000000,102799,189,102155,389,103558,189,102062,189,103559,89,101868,189,,,101867,100,,,100090,189,,,100089,100,,,99998,200,,,99982,100,,,99978,100,,,99968,100
2019-06-28 09:48:17.995735089,102799,89,102155,389,103558,189,102062,189,103559,89,101868,189,,,101867,100,,,100090,189,,,100089,100,,,99998,200,,,99982,100,,,99978,100,,,99968,100
2019-06-28 09:48:18.280233014,102799,89,102155,389,103558,189,102062,189,103559,89,101868,189,103592,100,101867,100,,,100090,189,,,100089,100,,,99998,200,,,99982,100,,,99978,100,,,99968,100
2019-06-28 09:48:20.000000000,103558,545,102155,745,103592,100,102062,100,,,101868,100,,,101867,11,,,100090,100,,,100089,100,,,99998,200,,,99982,100,,,99978,100,,,99968,100
2019-06-28 09:48:30.000000000,103558,251,102155,451,103592,247,102062,247,103593,147,101868,247,,,101867,11,,,100090,100,,,100089,100,,,99998,200,,,99982,100,,,99978,100,,,99968,100
2019-06-28 09:48:40.000000000,103558,545,102155,745,103592,100,102062,100,,,101868,100,,,101867,11,,,100090,100,,,100089,100,,,99998,200,,,99982,100,,,99978,100,,,99968,100
2019-06-28 09:48:45.104900079,103558,545,103245,100,103592,100,102155,745,,,102062,100,,,101868,100,,,101867,11,,,100090,100,,,100089,100,,,99998,200,,,99982,100,,,99978,100
2019-06-28 09:48:50.000000000,103558,322,103245,322,103592,322,102155,522,,,102062,100,,,101868,100,,,101867,11,,,100090,100,,,100089,100,,,99998,200,,,99982,100,,,99978,100
2019-06-28 09:48:58.470591608,103558,322,103245,322,103592,322,102532,100,,,102155,522,,,102062,100,,,101868,100,,,101867,11,,,100090,100,,,100089,100,,,99998,200,,,99982,100
2019-06-28 09:49:00.000000000,103558,545,103245,545,103592,100,102532,100,,,102155,300,,,102062,100,,,101868,100,,,101867,11,,,100090,100,,,100089,100,,,99998,200,,,99982,100
2019-06-28 09:49:05.150650535,103558,545,103245,445,103592,100,102532,100,,,102155,300,,,102062,100,,,101868,100,,,101867,11,,,100090,100,,,100089,100,,,99998,200,,,99982,100
2019-06-28 09:49:06.453867915,103558,545,103245,345,103592,100,102532,100,,,102155,300,,,102062,100,,,101868,100,,,101867,11,,,100089,100,,,99998,200,,,99982,100,,,99978,100
2019-06-28 09:49:10.000000000,103558,322,102532,322,103592,322,102155,522,,,102062,100,,,101868,100,,,101867,11,,,100089,100,,,99998,200,,,99982,100,,,99978,100,,,99968,100
2019-06-28 09:49:19.178251169,103245,100,102532,322,103558,322,102155,522,103592,322,102062,100,,,101868,100,,,101867,11,,,100089,100,,,99998,200,,,99982,100,,,99978,100,,,99968,100
2019-06-28 09:49:20.000000000,103245,189,102532,189,103558,189,102155,389,103592,189,102062,189,103593,89,101868,189,,,101867,100,,,100089,100,,,99998,200,,,99982,100,,,99978,100,,,99968,100
2019-06-28 09:49:30.000000000,103245,211,102532,211,103558,211,102155,411,103592,211,102062,211,103593,111,101868,211,,,101867,11,,,100089,100,,,99998,200,,,99982,100,,,99978,100,,,99968,100
2019-06-28 09:49:36.851118199,103245,211,102532,211,103558,211,102488,100,103592,211,102155,411,103593,111,102062,211,,,101868,211,,,101867,11,,,100089,100,,,99998,200,,,99982,100,,,99978,100
2019-06-28 09:49:40.000000000,103245,211,102532,211,103558,211,102488,211,103592,211,102155,411,103593,111,102062,211,,,101868,100,,,101867,11,,,100089,100,,,99998,200,,,99982,100,,,99978,100
2019-06-28 09:49:50.000000000,103245,322,102532,322,103558,322,102488,322,103592,100,102155,300,,,102062,100,,,101868,100,,,101867,11,,,100089,100,,,99998,200,,,99982,100,,,99978,100
2019-06-28 09:49:54.254553649,103245,322,102741,100,103558,322,102532,322,103592,100,102488,322,,,102155,300,,,102062,100,,,101868,100,,,101867,11,,,100089,100,,,99998,200,,,99982,100
2019-06-28 09:50:00.000000000,103245,211,102741,211,103558,211,102532,211,103592,211,102488,211,103593,111,102155,411,,,102062,100,,,101868,100,,,101867,11,,,100089,100,,,99998,200,,,99982,100
2019-06-28 09:50:10.000000000,103245,189,102741,189,103558,189,102532,189,103592,189,102488,189,103593,89,102155,389,,,102062,189,,,101868,100,,,101867,11,,,100089,100,,,99998,200,,,99982,100
2019-06-28 09:50:20.000000000,103245,322,102741,322,103558,322,102532,322,103592,100,102488,100,,,102155,300,,,102062,100,,,101868,100,,,101867,11,,,100089,100,,,99998,200,,,99982,100
2019-06-28 09:50:30.000000000,103245,545,102741,545,103558,100,102532,100,103592,100,102488,100,,,102155,300,,,102062,100,,,101868,100,,,101867,11,,,100089,100,,,99998,200,,,99982,100
2019-06-28 09:50:36.358232568,103245,545,102741,545,103558,100,102618,100,103592,100,102532,100,,,102488,100,,,102155,300,,,102062,100,,,101868,100,,,101867,11,,,100089,100,,,99998,200
2019-06-28 09:50:36.373767536,103245,545,102741,545,103558,100,102618,100,103592,100,102532,100,,,102488,100,,,102155,200,,,102062,100,,,101868,100,,,101867,11,,,100089,100,,,99998,200
2019-06-28 09:50:40.000000000,103245,322,102741,322,103558,322,102618,322,103592,100,102532,100,,,102488,100,,,102155,200,,,102062,100,,,101868,100,,,101867,11,,,100089,100,,,99998,200
2019-06-28 09:50:47.087056743,103245,322,102741,322,103558,322,102618,322,103592,100,102605,100,,,102532,100,,,102488,100,,,102155,200,,,102062,100,,,101868,100,,,101867,11,,,100089,100
2019-06-28 09:50:50.000000000,103245,189,102741,189,103558,189,102618,189,103592,189,102605,189,103593,89,102532,189,,,102488,189,,,102155,200,,,102062,100,,,101868,100,,,101867,11,,,100089,100
2019-06-28 09:50:53.934107468,103245,189,102741,89,103558,189,102618,189,103592,189,102605,189,103593,89,102532,189,,,102488,189,,,102155,200,,,102062,100,,,101868,100,,,101867,11,,,100089,100
2019-06-28 09:51:00.000000000,103245,211,102618,211,103558,211,102605,211,103592,211,102532,211,103593,111,102488,211,,,102155,200,,,102062,100,,,101868,100,,,101867,11,,,100089,100,,,99998,200
2019-06-28 09:51:03.114773852,103244,100,102618,211,103245,111,102605,211,103558,211,102532,211,103592,211,102488,211,103593,111,102155,200,,,102062,100,,,101868,100,,,101867,11,,,100089,100,,,99998,200
2019-06-28 09:51:10.000000000,103244,211,102618,211,103558,211,102605,211,103592,211,102532,211,103593,111,102488,211,,,102155,200,,,102062,100,,,101868,100,,,101867,11,,,100089,100,,,99998,200
2019-06-28 09:51:20.000000000,103244,189,102618,189,103558,189,102605,189,103592,189,102532,189,103593,89,102488,189,,,102155,289,,,102062,100,,,101868,100,,,101867,11,,,100089,100,,,99998,200
2019-06-28 09:51:27.966950746,103244,189,102618,89,103558,189,102605,189,103592,189,102532,189,103593,89,102488,189,,,102155,289,,,102062,100,,,101868,100,,,101867,11,,,100089,100,,,99998,200
2019-06-28 09:51:30.000000000,103244,189,102605,189,103558,189,102532,189,103592,189,102488,189,103593,89,102155,289,,,102062,189,,,101868,100,,,101867,11,,,100089,100,,,99998,200,,,99982,100
2019-06-28 09:51:33.272480364,103244,189,102605,189,103558,189,102532,189,103592,189,102488,189,103593,89,102155,289,,,102062,189,,,101868,100,,,101867,11,,,101540,100,,,100089,100,,,99998,200
2019-06-28 09:51:38.458530582,102605,11,102532,189,103244,189,102488,189,103558,189,102155,289,103592,189,102062,189,103593,89,101868,100,,,101867,11,,,101540,100,,,100089,100,,,99998,200,,,99982,100
2019-06-28 09:51:40.000000000,102605,100,102532,189,103244,189,102488,189,103558,189,102155,289,103592,189,102062,189,103593,89,101868,189,,,101867,11,,,101540,100,,,100089,100,,,99998,200,,,99982,100
2019-06-28 09:51:46.144773573,102605,100,102532,89,103244,189,102488,189,103558,189,102155,289,103592,189,102062,189,103593,89,101868,189,,,101867,11,,,101540,100,,,100089,100,,,99998,200,,,99982,100
2019-06-28 09:51:50.000000000,102605,100,102488,189,103244,189,102155,289,103558,189,102062,189,103592,189,101868,189,103593,89,101867,100,,,101540,100,,,100089,100,,,99998,200,,,99982,100,,,99978,100
2019-06-28 09:51:55.570625040,102605,100,102488,89,103244,189,102155,289,103558,189,102062,189,103592,189,101868,189,103593,89,101867,100,,,101540,100,,,100089,100,,,99998,200,,,99982,100,,,99978,100
2019-06-28 09:51:57.989800857,102605,100,102488,89,103244,189,102155,289,103558,189,102062,189,103592,189,102044,100,103593,89,101868,189,,,101867,100,,,101540,100,,,100089,100,,,99998,200,,,99982,100
2019-06-28 09:52:00.000000000,102605,122,102155,311,103244,211,102062,211,103558,211,102044,211,103592,211,101868,211,,,101867,11,,,101540,100,,,100089,100,,,99998,200,,,99982,100,,,99978,100
2019-06-28 09:52:07.277969387,102605,122,102155,311,103244,211,102062,211,103558,211,102044,211,103592,211,101926,100,,,101868,211,,,101867,11,,,101540,100,,,100089,100,,,99998,200,,,99982,100
2019-06-28 09:52:09.563462122,102605,122,102155,211,103244,211,102062,211,103558,211,102044,211,103592,211,101926,100,,,101868,211,,,101867,11,,,101540,100,,,100089,100,,,99998,200,,,99982,100
2019-06-28 09:52:10.000000000,102605,233,102155,322,103244,322,102062,322,103558,100,102044,100,103592,100,101926,100,,,101868,100,,,101867,11,,,101540,100,,,100089,100,,,99998,200,,,99982,100
2019-06-28 09:52:10.793096827,102605,233,102155,222,103244,322,102062,322,103558,100,102044,100,103592,100,101926,100,,,101868,100,,,101867,11,,,101540,100,,,100089,100,,,99998,200,,,99982,100
2019-06-28 09:52:17.484155487,102605,233,102155,122,103244,322,102062,322,103558,100,102044,100,103592,100,101926,100,,,101868,100,,,101867,11,,,101540,100,,,100089,100,,,99998,200,,,99982,100
2019-06-28 09:52:20.000000000,102605,456,102062,545,103244,100,102044,100,103558,100,101926,100,103592,100,101868,100,,,101867,11,,,101540,100,,,100089,100,,,99998,200,,,99982,100,,,99978,100
2019-06-28 09:52:30.000000000,102605,122,102062,211,103244,211,102044,211,103558,211,101926,211,103592,211,101868,211,,,101867,11,,,101540,100,,,100089,100,,,99998,200,,,99982,100,,,99978,100
2019-06-28 09:52:30.682545453,102605,122,102062,211,103244,211,102044,211,103558,211,101926,211,103592,211,101868,211,,,101867,11,,,101784,100,,,101540,100,,,100089,100,,,99998,200,,,99982,100
2019-06-28 09:52:33.320903862,102605,122,102062,111,103244,211,102044,211,103558,211,101926,111,103592,211,101868,211,,,101867,11,,,101784,100,,,101540,100,,,100089,100,,,99998,200,,,99982,100
2019-06-28 09:52:38.896769066,102605,122,102062,111,103244,211,102044,211,103558,211,101926,111,103592,111,101868,211,,,101867,11,,,101784,100,,,101751,100,,,101540,100,,,100089,100,,,99998,200
2019-06-28 09:52:40.000000000,102605,456,102044,545,103244,100,101868,100,103558,100,101867,11,,,101784,100,,,101751,100,,,101540,100,,,100089,100,,,99998,200,,,99982,100,,,99978,100
2019-06-28 09:52:40.890899823,102605,456,102044,545,103244,100,101868,100,103558,100,101867,11,,,101784,100,,,101751,100,,,101581,100,,,101540,100,,,100089,100,,,99998,200,,,99982,100
2019-06-28 09:52:46.363635142,102605,456,102044,545,103244,100,101868,100,103558,100,101867,11,,,101784,100,,,101751,100,,,101719,100,,,101581,100,,,101540,100,,,100089,100,,,99998,200
2019-06-28 09:52:49.893739695,102605,456,102044,545,103244,100,101868,100,103558,100,101867,11,,,101784,100,,,101751,100,,,101719,100,,,101674,100,,,101581,100,,,101540,100,,,100089,100
2019-06-28 09:52:50.000000000,102605,162,102044,251,103244,247,101868,247,103558,247,101867,158,,,101784,100,,,101751,100,,,101719,100,,,101674,100,,,101581,100,,,101540,100,,,100089,100
2019-06-28 09:53:00.000000000,102605,456,102044,545,103244,100,101868,100,103558,100,101867,11,,,101784,100,,,101751,100,,,101719,100,,,101674,100,,,101581,100,,,101540,100,,,100089,100
2019-06-28 09:53:06.074779978,102155,100,102044,545,102605,456,101868,100,103244,100,101867,11,103558,100,101784,100,,,101751,100,,,101719,100,,,101674,100,,,101581,100,,,101540,100,,,100089,100
2019-06-28 09:53:10.000000000,102155,322,102044,322,102605,233,101868,322,103244,100,101867,11,103558,100,101784,100,,,101751,100,,,101719,100,,,101674,100,,,101581,100,,,101540,100,,,100089,100
2019-06-28 09:53:20.000000000,102155,545,102044,545,102605,11,101868,100,103244,100,101867,11,103558,100,101784,100,,,101751,100,,,101719,100,,,101674,100,,,101581,100,,,101540,100,,,100089,100
2019-06-28 09:53:30.000000000,102155,189,102044,189,102605,100,101868,189,103244,189,101867,100,103558,189,101784,189,103559,89,101751,189,,,101719,100,,,101674,100,,,101581,100,,,101540,100,,,100089,100
2019-06-28 09:53:40.000000000,102155,545,102044,545,102605,11,101868,100,103244,100,101867,11,103558,100,101784,100,,,101751,100,,,101719,100,,,101674,100,,,101581,100,,,101540,100,,,100089,100
2019-06-28 09:53:50.000000000,102155,189,102044,189,102605,100,101868,189,103244,189,101867,100,103558,189,101784,189,103559,89,101751,189,,,101719,100,,,101674,100,,,101581,100,,,101540,100,,,100089,100
2019-06-28 09:53:58.027800814,102155,289,102044,189,102605,100,101868,189,103244,189,101867,100,103558,189,101784,189,103559,89,101751,189,,,101719,100,,,101674,100,,,101581,100,,,101540,100,,,100089,100
2019-06-28 09:54:00.000000000,102155,289,102044,189,102605,100,101868,189,103244,189,101867,100,103558,189,101784,189,103559,89,101751,189,,,101719,100,,,101674,100,,,101581,100,,,101540,100,,,100089,100
2019-06-28 09:54:05.615614243,102155,289,102044,89,102605,100,101868,189,103244,189,101867,100,103558,189,101784,189,103559,89,101751,189,,,101719,100,,,101674,100,,,101581,100,,,101540,100,,,100089,100
2019-06-28 09:54:07.724225253,102062,100,102044,89,102155,289,101868,189,102605,100,101867,100,103244,189,101784,189,103558,189,101751,189,103559,89,101719,100,,,101674,100,,,101581,100,,,101540,100,,,100089,100
2019-06-28 09:54:10.000000000,102062,189,101868,189,102155,289,101867,100,102605,100,101784,189,103244,189,101751,189,103558,189,101719,189,,,101674,100,,,101581,100,,,101540,100,,,100089,100,,,99998,200
2019-06-28 09:54:20.000000000,102062,322,101868,322,102155,422,101867,233,102605,11,101784,100,103244,100,101751,100,103558,100,101719,100,,,101674,100,,,101581,100,,,101540,100,,,100089,100,,,99998,200
2019-06-28 09:54:25.606492929,102062,322,101868,322,102155,422,101867,233,102605,11,101784,100,103244,100,101751,100,103558,100,101719,100,,,101674,100,,,101581,100,,,101540,100,,,100818,100,,,100089,100
2019-06-28 09:54:27.873005740,102062,322,101868,222,102155,422,101867,233,102605,11,101784,100,103244,100,101751,100,,,101719,100,,,101674,100,,,101581,100,,,101540,100,,,100818,100,,,100089,100
2019-06-28 09:54:30.000000000,102062,211,101867,122,102155,311,101784,211,102605,122,101751,211,103244,211,101719,211,,,101674,100,,,101581,100,,,101540,100,,,100818,100,,,100089,100,,,99998,200
2019-06-28 09:54:31.065681162,102062,211,101867,122,102155,311,101784,211,102605,122,101751,211,103244,211,101719,211,,,101674,100,,,101581,100,,,101540,100,,,101114,100,,,100818,100,,,100089,100
2019-06-28 09:54:40.000000000,102062,322,101867,233,102155,422,101784,322,102605,11,101751,100,103244,100,101719,100,,,101674,100,,,101581,100,,,101540,100,,,101114,100,,,100818,100,,,100089,100
2019-06-28 09:54:50.000000000,102062,322,101867,233,102155,422,101784,322,102605,11,101751,100,103244,100,101719,100,,,101674,100,,,101581,100,,,101540,100,,,101114,100,,,100818,100,,,100089,100
2019-06-28 09:55:00.000000000,102062,545,101867,456,102155,200,101784,100,102605,11,101751,100,103244,100,101719,100,,,101674,100,,,101581,100,,,101540,100,,,101114,100,,,100818,100,,,100089,100
2019-06-28 09:55:06.525758728,102062,545,101867,456,102155,200,101784,100,102605,11,101751,100,103244,100,101674,100,,,101581,100,,,101540,100,,,101114,100,,,100990,100,,,100818,100,,,100089,100
2019-06-28 09:55:10.000000000,102062,251,101867,162,102155,347,101784,247,102605,158,101751,247,103244,100,101674,100,,,101581,100,,,101540,100,,,101114,100,,,100990,100,,,100818,100,,,100089,100
2019-06-28 09:55:20.000000000,102062,189,101867,100,102155,289,101784,189,102605,100,101751,189,103244,189,101674,189,103245,89,101581,189,,,101540,100,,,101114,100,,,100990,100,,,100818,100,,,100089,100
2019-06-28 09:55:21.282730060,102062,189,101784,189,102155,289,101751,189,102605,100,101674,189,103244,189,101581,189,103245,89,101540,100,,,101114,100,,,100990,100,,,100818,100,,,100089,100,,,99998,200
2019-06-28 09:55:29.939951509,101868,100,101784,189,102062,189,101751,189,102155,289,101674,189,102605,100,101581,189,103244,189,101540,100,103245,89,101114,100,,,100990,100,,,100818,100,,,100089,100,,,99998,200
2019-06-28 09:55:30.000000000,101868,545,101784,545,102062,100,101751,100,102155,200,101674,100,102605,11,101581,100,103244,100,101540,100,,,101114,100,,,100990,100,,,100818,100,,,100089,100,,,99998,200
2019-06-28 09:55:40.000000000,101868,211,101784,211,102062,211,101751,211,102155,311,101674,211,102605,122,101581,211,103244,100,101540,100,,,101114,100,,,100990,100,,,100818,100,,,100089,100,,,99998,200
2019-06-28 09:55:50.000000000,101868,322,101784,322,102062,322,101751,322,102155,200,101674,100,102605,11,101581,100,103244,100,101540,100,,,101114,100,,,100990,100,,,100818,100,,,100089,100,,,99998,200
2019-06-28 09:55:59.016367507,101868,322,101784,222,102062,322,101751,322,102155,200,101674,100,102605,11,101581,100,103244,100,101540,100,,,101114,100,,,100990,100,,,100818,100,,,100089,100,,,99998,200
2019-06-28 09:56:00.000000000,101868,322,101751,322,102062,322,101674,322,102155,200,101581,100,102605,11,101540,100,103244,100,101114,100,,,100990,100,,,100818,100,,,100089,100,,,99998,200,,,99982,100
2019-06-28 09:56:10.000000000,101868,545,101751,545,102062,100,101674,100,102155,200,101581,100,102605,11,101540,100,103244,100,101114,100,,,100990,100,,,100818,100,,,100089,100,,,99998,200,,,99982,100
2019-06-28 09:56:13.871890147,101868,545,101751,545,102062,100,101674,100,102155,200,101581,100,103244,100,101540,100,,,101114,100,,,100990,100,,,100912,100,,,100818,100,,,100089,100,,,99998,200
2019-06-28 09:56:20.000000000,101868,545,101751,545,102062,100,101674,100,102155,200,101581,100,103244,100,101540,100,,,101114,100,,,100990,100,,,100912,100,,,100818,100,,,100089,100,,,99998,200
2019-06-28 09:56:29.873612475,101868,545,101751,545,102062,100,101674,100,102155,200,101581,100,103244,100,101540,100,,,101114,100,,,100990,100,,,100918,100,,,100912,100,,,100818,100,,,100089,100
2019-06-28 09:56:30.000000000,101868,251,101751,251,102062,247,101674,247,102155,347,101581,247,103244,100,101540,100,,,101114,100,,,100990,100,,,100918,100,,,100912,100,,,100818,100,,,100089,100
2019-06-28 09:56:37.708658057,101867,100,101751,251,101868,251,101674,247,102062,247,101581,247,102155,347,101540,100,103244,100,101114,100,,,100990,100,,,100918,100,,,100912,100,,,100818,100,,,100089,100
2019-06-28 09:56:40.000000000,101867,251,101751,251,101868,247,101674,247,102062,247,101581,247,102155,200,101540,100,103244,100,101114,100,,,100990,100,,,100918,100,,,100912,100,,,100818,100,,,100089,100
2019-06-28 09:56:50.000000000,101867,251,101751,251,101868,247,101674,247,102062,247,101581,247,102155,200,101540,100,103244,100,101114,100,,,100990,100,,,100918,100,,,100912,100,,,100818,100,,,100089,100
2019-06-28 09:57:00.000000000,101867,189,101751,189,101868,189,101674,189,102062,189,101581,189,102155,289,101540,189,103244,189,101114,189,,,100990,100,,,100918,100,,,100912,100,,,100818,100,,,100089,100
2019-06-28 09:57:10.000000000,101867,251,101751,251,101868,247,101674,247,102062,247,101581,247,102155,200,101540,100,103244,100,101114,100,,,100990,100,,,100918,100,,,100912,100,,,100818,100,,,100089,100
2019-06-28 09:57:20.000000000,101867,211,101751,211,101868,211,101674,211,102062,211,101581,211,102155,311,101540,211,103244,100,101114,100,,,100990,100,,,100918,100,,,100912,100,,,100818,100,,,100089,100
2019-06-28 09:57:25.265544087,101867,211,101751,211,101868,211,101674,211,102062,211,101581,211,102155,311,101540,211,103244,100,101114,100,,,100990,100,,,100918,100,,,100912,100,,,100818,100,,,100275,100
2019-06-28 09:57:30.000000000,101867,251,101751,251,101868,247,101674,247,102062,247,101581,247,102155,200,101540,100,103244,100,101114,100,,,100990,100,,,100918,100,,,100912,100,,,100818,100,,,100275,100
2019-06-28 09:57:37.400047312,101867,351,101751,251,101868,247,101674,247,102062,247,101581,247,102155,200,101540,100,,,101114,100,,,100990,100,,,100918,100,,,100912,100,,,100818,100,,,100275,100
2019-06-28 09:57:40.000000000,101867,311,101751,211,101868,211,101674,211,102062,211,101581,211,102155,311,101540,211,,,101114,100,,,100990,100,,,100918,100,,,100912,100,,,100818,100,,,100275,100
2019-06-28 09:57:48.994308624,101867,311,101751,211,101868,211,101674,211,102062,211,101581,211,102155,311,101540,211,,,101114,100,,,100990,100,,,100918,100,,,100912,100,,,100818,100,,,100393,100
2019-06-28 09:57:50.000000000,101867,289,101751,189,101868,189,101674,189,102062,189,101581,189,102155,289,101540,189,102156,89,101114,189,,,100990,100,,,100918,100,,,100912,100,,,100818,100,,,100393,100
2019-06-28 09:57:59.046898335,101867,289,101751,89,101868,189,101674,189,102062,189,101581,189,102155,289,101540,189,102156,89,101114,189,,,100990,100,,,100918,100,,,100912,100,,,100818,100,,,100393,100
2019-06-28 09:58:00.000000000,101867,422,101674,322,101868,322,101581,322,102062,100,101540,100,102155,200,101114,100,,,100990,100,,,100918,100,,,100912,100,,,100818,100,,,100393,100,,,100275,100
2019-06-28 09:58:00.473875648,101867,422,101674,222,101868,322,101581,322,102062,100,101540,100,102155,200,101114,100,,,100990,100,,,100918,100,,,100912,100,,,100818,100,,,100393,100,,,100275,100
2019-06-28 09:58:02.480567054,101751,100,101674,222,101867,422,101581,322,101868,322,101540,100,102062,100,101114,100,102155,200,100990,100,,,100918,100,,,100912,100,,,100818,100,,,100393,100,,,100275,100
2019-06-28 09:58:07.951525017,101751,100,101674,222,101867,422,101581,322,101868,322,101540,100,102062,100,101114,100,102155,200,100990,100,,,100918,100,,,100912,100,,,100818,100,,,100393,100,,,100275,100
2019-06-28 09:58:10.000000000,101751,211,101581,211,101867,311,101540,211,101868,211,101114,211,102062,211,100990,211,102155,200,100918,100,,,100912,100,,,100818,100,,,100393,100,,,100275,100,,,100142,100
2019-06-28 09:58:15.465223200,101751,311,101581,211,101867,311,101540,211,101868,211,101114,211,102062,211,100990,211,102155,200,100918,100,,,100912,100,,,100818,100,,,100393,100,,,100275,100,,,100142,100
2019-06-28 09:58:20.000000000,101751,289,101581,189,101867,289,101540,189,101868,189,101114,189,102062,189,100990,189,102155,289,100918,189,,,100912,100,,,100818,100,,,100393,100,,,100275,100,,,100142,100
2019-06-28 09:58:30.000000000,101751,422,101581,322,101867,422,101540,322,101868,100,101114,100,102062,100,100990,100,102155,200,100918,100,,,100912,100,,,100818,100,,,100393,100,,,100275,100,,,100142,100
2019-06-28 09:58:40.000000000,101751,311,101581,211,101867,311,101540,211,101868,211,101114,211,102062,211,100990,211,102155,200,100918,100,,,100912,100,,,100818,100,,,100393,100,,,100275,100,,,100142,100
2019-06-28 09:58:40.237006401,101751,311,101581,111,101867,311,101540,211,101868,211,101114,211,102062,211,100990,211,102155,200,100918,100,,,100912,100,,,100818,100,,,100393,100,,,100275,100,,,100142,100
2019-06-28 09:58:46.925915819,101751,311,101581,111,101867,311,101540,211,101868,211,101114,211,102062,211,100990,211,102155,200,100918,100,,,100912,100,,,100818,100,,,100393,100,,,100275,100,,,100142,100
2019-06-28 09:58:50.000000000,101751,422,101540,322,101867,422,101114,322,101868,100,100990,100,102062,100,100918,100,102155,200,100912,100,,,100818,100,,,100393,100,,,100275,100,,,100142,100,,,100089,100
2019-06-28 09:59:00.000000000,101751,351,101540,251,101867,347,101114,247,101868,247,100990,247,102062,100,100918,100,102155,200,100912,100,,,100818,100,,,100393,100,,,100275,100,,,100142,100,,,100089,100
2019-06-28 09:59:10.000000000,101751,351,101540,251,101867,347,101114,247,101868,247,100990,247,102062,100,100918,100,102155,200,100912,100,,,100818,100,,,100393,100,,,100275,100,,,100142,100,,,100089,100
2019-06-28 09:59:20.000000000,101751,351,101540,251,101867,347,101114,247,101868,247,100990,247,102062,100,100918,100,102155,200,100912,100,,,100818,100,,,100393,100,,,100275,100,,,100142,100,,,100089,100
2019-06-28 09:59:30.000000000,101751,351,101540,251,101867,347,101114,247,101868,247,100990,247,102062,100,100918,100,102155,200,100912,100,,,100818,100,,,100393,100,,,100275,100,,,100142,100,,,100089,100
2019-06-28 09:59:40.000000000,101751,289,101540,189,101867,289,101114,189,101868,189,100990,189,102062,189,100918,189,102155,289,100912,189,,,100818,100,,,100393,100,,,100275,100,,,100142,100,,,100089,100
2019-06-28 09:59:40.748245446,101751,189,101540,189,101867,289,101114,189,101868,189,100990,189,102062,189,100918,189,102155,289,100912,189,,,100818,100,,,100393,100,,,100275,100,,,100142,100,,,100089,100
2019-06-28 09:59:50.000000000,101751,322,101540,322,101867,422,101114,322,101868,100,100990,100,102062,100,100918,100,102155,200,100912,100,,,100818,100,,,100393,100,,,100275,100,,,100142,100,,,100089,100
2019-06-28 09:59:51.652416956,101751,322,101540,222,101867,422,101114,322,101868,100,100990,100,102062,100,100918,100,102155,200,100912,100,,,100818,100,,,100393,100,,,100275,100,,,100142,100,,,100089,100
2019-06-28 10:00:00.000000000,101751,189,101114,189,101867,289,100990,189,101868,189,100918,189,102062,189,100912,189,102155,289,100818,189,,,100393,100,,,100275,100,,,100142,100,,,100089,100,,,100023,100
2019-06-28 10:00:10.000000000,101751,545,101114,545,101867,200,100990,100,101868,100,100918,100,102062,100,100912,100,102155,200,100818,100,,,100393,100,,,100275,100,,,100142,100,,,100089,100,,,100023,100
2019-06-28 10:00:17.048224339,101751,545,101114,545,101867,200,100990,100,101868,100,100918,100,102062,100,100912,100,102155,200,100818,100,,,100393,100,,,100275,100,,,100142,100,,,100089,100,,,100023,100
2019-06-28 10:00:20.000000000,101751,545,101114,545,101867,200,100990,100,101868,100,100918,100,102062,100,100912,100,102155,200,100818,100,,,100393,100,,,100275,100,,,100142,100,,,100089,100,,,100023,100
2019-06-28 10:00:30.000000000,101751,189,101114,189,101867,289,100990,189,101868,189,100918,189,102062,189,100912,189,102155,289,100818,189,,,100393,100,,,100275,100,,,100142,100,,,100089,100,,,100023,100
2019-06-28 10:00:40.000000000,101751,189,101114,189,101867,289,100990,189,101868,189,100918,189,102062,189,100912,189,102155,289,100818,189,,,100393,100,,,100275,100,,,100142,100,,,100089,100,,,100023,100
2019-06-28 10:00:44.483530191,101751,189,101114,89,101867,289,100990,189,101868,189,100918,189,102062,189,100912,189,102155,289,100818,189,,,100393,100,,,100275,100,,,100142,100,,,100089,100,,,100023,100
2019-06-28 10:00:50.000000000,101751,251,100990,251,101867,347,100918,247,101868,247,100912,247,102062,100,100818,100,102155,200,100393,100,,,100275,100,,,100142,100,,,100089,100,,,100023,100,,,99998,200
2019-06-28 10:01:00.000000000,101751,189,100990,189,101867,289,100918,189,101868,189,100912,189,102062,189,100818,189,102155,289,100393,189,,,100275,100,,,100142,100,,,100089,100,,,100023,100,,,99998,200
2019-06-28 10:01:10.000000000,101751,545,100990,545,101867,200,100918,100,101868,100,100912,100,102062,100,100818,100,102155,200,100393,100,,,100275,100,,,100142,100,,,100089,100,,,100023,100,,,99998,200
2019-06-28 10:01:11.602300267,101751,545,100990,545,101867,200,100918,100,101868,100,100912,100,102062,100,100818,100,102155,200,100393,100,,,100275,100,,,100142,100,,,100089,100,,,100023,100,,,99998,200
2019-06-28 10:01:11.881733198,101751,545,100990,445,101867,200,100918,100,101868,100,100912,100,102062,100,100818,100,102155,200,100393,100,,,100275,100,,,100142,100,,,100089,100,,,100023,100,,,99998,200
2019-06-28 10:01:20.000000000,101751,211,100918,211,101867,311,100912,211,101868,211,100818,211,102062,211,100393,211,102155,200,100275,100,,,100142,100,,,100089,100,,,100023,100,,,99998,200,,,99982,100
2019-06-28 10:01:30.000000000,101751,211,100918,211,101867,311,100912,211,101868,211,100818,211,102062,211,100393,211,102155,200,100275,100,,,100142,100,,,100089,100,,,100023,100,,,99998,200,,,99982,100
2019-06-28 10:01:32.605781407,101751,211,100918,111,101867,311,100912,211,101868,211,100818,211,102062,211,100393,211,102155,200,100275,100,,,100142,100,,,100089,100,,,100023,100,,,99998,200,,,99982,100
2019-06-28 10:01:36.880856468,100990,100,100918,111,101751,211,100912,211,101867,311,100818,211,101868,211,100393,211,102062,211,100275,100,102155,200,100142,100,,,100089,100,,,100023,100,,,99998,200,,,99982,100
2019-06-28 10:01:40.000000000,100990,322,100912,322,101751,322,100818,322,101867,200,100393,100,101868,100,100275,100,102062,100,100142,100,102155,200,100089,100,,,100023,100,,,99998,200,,,99982,100,,,99978,100
2019-06-28 10:01:46.653075501,100990,422,100912,322,101751,322,100818,322,101867,200,100393,100,101868,100,100275,100,102062,100,100142,100,102155,200,100089,100,,,100023,100,,,99998,200,,,99982,100,,,99978,100
2019-06-28 10:01:50.000000000,100990,289,100912,189,101751,189,100818,189,101867,289,100393,189,101868,189,100275,189,102062,189,100142,189,102155,200,100089,100,,,100023,100,,,99998,200,,,99982,100,,,99978,100
2019-06-28 10:02:00.000000000,100990,311,100912,211,101751,211,100818,211,101867,311,100393,211,101868,211,100275,211,102062,100,100142,100,102155,200,100089,100,,,100023,100,,,99998,200,,,99982,100,,,99978,100
2019-06-28 10:02:10.000000000,100990,351,100912,251,101751,247,100818,247,101867,347,100393,247,101868,100,100275,100,102062,100,100142,100,102155,200,100089,100,,,100023,100,,,99998,200,,,99982,100,,,99978,100
2019-06-28 10:02:14.606725293,100990,351,100912,251,101751,247,100818,247,101867,347,100536,100,101868,100,100393,247,102062,100,100275,100,102155,200,100142,100,,,100089,100,,,100023,100,,,99998,200,,,99982,100
2019-06-28 10:02:20.000000000,100990,351,100912,251,101751,247,100818,247,101867,347,100536,247,101868,100,100393,100,102062,100,100275,100,102155,200,100142,100,,,100089,100,,,100023,100,,,99998,200,,,99982,100
2019-06-28 10:02:30.000000000,100990,645,100912,545,101751,100,100818,100,101867,200,100536,100,101868,100,100393,100,102062,100,100275,100,102155,200,100142,100,,,100089,100,,,100023,100,,,99998,200,,,99982,100
2019-06-28 10:02:33.172119062,100990,645,100912,345,101751,100,100818,100,101867,200,100536,100,101868,100,100393,100,102062,100,100275,100,102155,200,100142,100,,,100089,100,,,100023,100,,,99998,200,,,99982,100
2019-06-28 10:02:36.351834680,100990,645,100912,245,101751,100,100818,100,101867,200,100536,100,101868,100,100393,100,102062,100,100275,100,102155,200,100142,100,,,100089,100,,,100023,100,,,99998,200,,,99982,100
2019-06-28 10:02:40.000000000,100990,645,100818,545,101751,100,100536,100,101867,200,100393,100,101868,100,100275,100,102062,100,100142,100,102155,200,100089,100,,,100023,100,,,99998,200,,,99982,100,,,99978,100
2019-06-28 10:02:50.000000000,100990,645,100818,545,101751,100,100536,100,101867,200,100393,100,101868,100,100275,100,102062,100,100142,100,102155,200,100089,100,,,100023,100,,,99998,200,,,99982,100,,,99978,100
2019-06-28 10:02:55.978466454,100912,100,100818,545,100990,645,100536,100,101751,100,100393,100,101867,200,100275,100,101868,100,100142,100,102062,100,100089,100,102155,200,100023,100,,,99998,100,,,99982,100,,,99978,100
2019-06-28 10:03:00.000000000,100912,322,100818,322,100990,422,100536,322,101751,100,100393,100,101867,200,100275,100,101868,100,100142,100,102062,100,100089,100,102155,200,100023,100,,,99998,100,,,99982,100,,,99978,100
2019-06-28 10:03:10.000000000,100912,322,100818,322,100990,422,100536,322,101751,100,100393,100,101867,200,100275,100,101868,100,100142,100,102062,100,100089,100,102155,200,100023,100,,,99998,100,,,99982,100,,,99978,100
2019-06-28 10:03:12.932612221,100912,422,100818,322,100990,422,100536,322,101751,100,100393,100,101867,200,100275,100,101868,100,100142,100,102062,100,100089,100,102155,200,100023,100,,,99998,100,,,99982,100,,,99978,100
2019-06-28 10:03:20.000000000,100912,351,100818,251,100990,347,100536,247,101751,247,100393,247,101867,200,100275,100,101868,100,100142,100,102062,100,100089,100,102155,200,100023,100,,,99998,100,,,99982,100,,,99978,100
2019-06-28 10:03:30.000000000,100912,351,100818,251,100990,347,100536,247,101751,247,100393,247,101867,200,100275,100,101868,100,100142,100,102062,100,100089,100,102155,200,100023,100,,,99998,100,,,99982,100,,,99978,100
2019-06-28 10:03:40.000000000,100912,422,100818,322,100990,422,100536,322,101751,100,100393,100,101867,200,100275,100,101868,100,100142,100,102062,100,100089,100,102155,200,100023,100,,,99998,100,,,99982,100,,,99978,100
2019-06-28 10:03:41.800976366,100912,422,100818,322,100990,422,100536,322,101751,100,100393,100,101867,200,100275,100,101868,100,100142,100,102062,100,100089,100,102155,200,100023,100,,,99998,100,,,99982,100,,,99978,100
2019-06-28 10:03:49.838890900,100912,422,100818,322,100990,422,100536,322,101751,100,100393,100,101867,200,100275,100,101868,100,100158,100,102062,100,100142,100,102155,200,100089,100,,,100023,100,,,99998,100,,,99982,100
2019-06-28 10:03:50.000000000,100912,422,100818,322,100990,422,100536,322,101751,100,100393,100,101867,200,100275,100,101868,100,100158,100,102062,100,100142,100,102155,200,100089,100,,,100023,100,,,99998,100,,,99982,100
2019-06-28 10:04:00.000000000,100912,645,100818,545,100990,200,100536,100,101751,100,100393,100,101867,200,100275,100,101868,100,100158,100,102062,100,100142,100,102155,200,100089,100,,,100023,100,,,99998,100,,,99982,100
2019-06-28 10:04:10.000000000,100912,289,100818,189,100990,289,100536,189,101751,189,100393,189,101867,289,100275,189,101868,189,100158,189,102062,100,100142,100,102155,200,100089,100,,,100023,100,,,99998,100,,,99982,100
2019-06-28 10:04:16.012209888,100912,289,100818,189,100990,289,100536,189,101751,189,100393,189,101867,289,100275,189,101868,189,100158,89,102062,100,100142,100,102155,200,100089,100,,,100023,100,,,99998,100,,,99982,100
2019-06-28 10:04:20.000000000,100912,289,100818,189,100990,289,100536,189,101751,189,100393,189,101867,289,100275,189,101868,189,100142,189,102062,100,100089,100,102155,200,100023,100,,,99998,100,,,99982,100,,,99978,100
2019-06-28 10:04:30.000000000,100912,289,100818,189,100990,289,100536,189,101751,189,100393,189,101867,289,100275,189,101868,189,100142,189,102062,100,100089,100,102155,200,100023,100,,,99998,100,,,99982,100,,,99978,100
2019-06-28 10:04:40.000000000,100912,311,100818,211,100990,311,100536,211,101751,211,100393,211,101867,311,100275,211,101868,100,100142,100,102062,100,100089,100,102155,200,100023,100,,,99998,100,,,99982,100,,,99978,100
2019-06-28 10:04:42.675457768,100912,411,100818,211,100990,211,100536,211,101751,211,100393,211,101867,311,100275,211,101868,100,100142,100,102062,100,100089,100,102155,200,100023,100,,,99998,100,,,99982,100,,,99978,100
2019-06-28 10:04:49.698994946,100912,511,100818,211,100990,211,100536,211,101751,211,100393,211,101867,211,100275,211,101868,100,100142,100,102062,100,100089,100,102155,200,100023,100,,,99998,100,,,99982,100,,,99978,100
2019-06-28 10:04:50.000000000,100912,845,100818,545,100990,100,100536,100,101751,100,100393,100,101867,100,100275,100,101868,100,100142,100,102062,100,100089,100,102155,200,100023,100,,,99998,100,,,99982,100,,,99978,100
2019-06-28 10:05:00.000000000,100912,551,100818,251,100990,247,100536,247,101751,247,100393,247,101867,100,100275,100,101868,100,100142,100,102062,100,100089,100,102155,200,100023,100,,,99998,100,,,99982,100,,,99978,100
2019-06-28 10:05:10.000000000,100912,551,100818,251,100990,247,100536,247,101751,247,100393,247,101867,100,100275,100,101868,100,100142,100,102062,100,100089,100,102155,200,100023,100,,,99998,100,,,99982,100,,,99978,100
2019-06-28 10:05:10.535283811,100912,551,100818,151,100990,247,100536,247,101751,247,100393,247,101867,100,100275,100,101868,100,100142,100,102062,100,100089,100,102155,200,100023,100,,,99998,100,,,99982,100,,,99978,100
2019-06-28 10:05:20.000000000,100912,511,100536,211,100990,211,100393,211,101751,211,100275,211,101867,211,100142,211,101868,100,100089,100,102062,100,100023,100,102155,200,99998,100,,,99982,100,,,99978,100,,,99968,100
2019-06-28 10:05:23.391478571,100912,511,100536,211,100990,211,100393,211,101751,211,100275,211,101867,111,100142,211,101868,100,100089,100,102062,100,100023,100,102155,200,99998,100,,,99982,100,,,99978,100,,,99968,100
2019-06-28 10:05:30.000000000,100912,551,100536,251,100990,247,100393,247,101751,247,100275,247,101868,100,100142,100,102062,100,100089,100,102155,200,100023,100,,,99998,100,,,99982,100,,,99978,100,,,99968,100
2019-06-28 10:05:38.166698234,100912,551,100536,251,100990,247,100477,100,101751,247,100393,247,101868,100,100275,247,102062,100,100142,100,102155,200,100089,100,,,100023,100,,,99998,100,,,99982,100,,,99978,100
2019-06-28 10:05:40.000000000,100912,845,100536,545,100990,100,100477,100,101751,100,100393,100,101868,100,100275,100,102062,100,100142,100,102155,200,100089,100,,,100023,100,,,99998,100,,,99982,100,,,99978,100
2019-06-28 10:05:46.936761352,100912,845,100536,545,100990,100,100477,100,101751,100,100393,100,101868,100,100275,100,102062,100,100142,100,102155,100,100089,100,,,100023,100,,,99998,100,,,99982,100,,,99978,100
2019-06-28 10:05:47.618157918,100634,100,100536,545,100912,845,100477,100,100990,100,100393,100,101751,100,100275,100,101868,100,100142,100,102062,100,100089,100,102155,100,100023,100,,,99998,100,,,99982,100,,,99978,100
2019-06-28 10:05:47.937907197,100634,100,100536,545,100911,100,100477,100,100912,845,100393,100,100990,100,100275,100,101751,100,100142,100,101868,100,100089,100,102062,100,100023,100,102155,100,99998,100,,,99982,100,,,99978,100
2019-06-28 10:05:50.000000000,100634,211,100536,211,100911,211,100477,211,100912,511,100393,211,100990,211,100275,211,101751,100,100142,100,101868,100,100089,100,102062,100,100023,100,102155,100,99998,100,,,99982,100,,,99978,100
2019-06-28 10:06:00.000000000,100634,211,100536,211,100911,211,100477,211,100912,511,100393,211,100990,211,100275,211,101751,100,100142,100,101868,100,100089,100,102062,100,100023,100,102155,100,99998,100,,,99982,100,,,99978,100
2019-06-28 10:06:10.000000000,100634,322,100536,322,100911,322,100477,322,100912,400,100393,100,100990,100,100275,100,101751,100,100142,100,101868,100,100089,100,102062,100,100023,100,102155,100,99998,100,,,99982,100,,,99978,100
2019-06-28 10:06:20.000000000,100634,251,100536,251,100911,247,100477,247,100912,547,100393,247,100990,100,100275,100,101751,100,100142,100,101868,100,100089,100,102062,100,100023,100,102155,100,99998,100,,,99982,100,,,99978,100
2019-06-28 10:06:30.000000000,100634,545,100536,545,100911,100,100477,100,100912,400,100393,100,100990,100,100275,100,101751,100,100142,100,101868,100,100089,100,102062,100,100023,100,102155,100,99998,100,,,99982,100,,,99978,100
2019-06-28 10:06:40.000000000,100634,211,100536,211,100911,211,100477,211,100912,511,100393,211,100990,211,100275,211,101751,100,100142,100,101868,100,100089,100,102062,100,100023,100,102155,100,99998,100,,,99982,100,,,99978,100
2019-06-28 10:06:49.115474168,100634,111,100536,211,100911,211,100477,211,100912,511,100393,211,100990,211,100275,211,101751,100,100142,100,101868,100,100089,100,102062,100,100023,100,102155,100,99998,100,,,99982,100,,,99978,100
2019-06-28 10:06:49.749798021,100634,11,100536,211,100911,211,100477,211,100912,511,100393,211,100990,211,100275,211,101751,100,100142,100,101868,100,100089,100,102062,100,100023,100,102155,100,99998,100,,,99982,100,,,99978,100
2019-06-28 10:06:50.000000000,100911,545,100536,545,100912,400,100477,100,100990,100,100393,100,101751,100,100275,100,101868,100,100142,100,102062,100,100089,100,102155,100,100023,100,,,99998,100,,,99982,100,,,99978,100
2019-06-28 10:06:59.581074338,100911,545,100536,545,100912,400,100477,100,100990,100,100393,100,101535,100,100275,100,101751,100,100142,100,101868,100,100089,100,102062,100,100023,100,102155,100,99998,100,,,99982,100,,,99978,100
2019-06-28 10:07:00.000000000,100911,189,100536,189,100912,489,100477,189,100990,189,100393,189,101535,189,100275,189,101751,189,100142,189,101868,100,100089,100,102062,100,100023,100,102155,100,99998,100,,,99982,100,,,99978,100
2019-06-28 10:07:10.000000000,100911,211,100536,211,100912,511,100477,211,100990,211,100393,211,101535,211,100275,211,101751,100,100142,100,101868,100,100089,100,102062,100,100023,100,102155,100,99998,100,,,99982,100,,,99978,100
2019-06-28 10:07:11.587472568,100911,211,100536,211,100912,511,100477,211,100990,211,100393,211,101026,100,100275,211,101535,211,100142,100,101751,100,100089,100,101868,100,100023,100,102062,100,99998,100,102155,100,99982,100,,,99978,100
2019-06-28 10:07:13.485362060,100911,111,100536,111,100912,511,100477,211,100990,211,100393,211,101026,100,100275,211,101535,211,100142,100,101751,100,100089,100,101868,100,100023,100,102062,100,99998,100,102155,100,99982,100,,,99978,100
2019-06-28 10:07:20.000000000,100912,511,100477,211,100990,211,100393,211,101026,211,100275,211,101535,211,100142,211,101751,100,100089,100,101868,100,100023,100,102062,100,99998,100,102155,100,99982,100,,,99978,100,,,99968,100
2019-06-28 10:07:20.048925117,100912,411,100819,100,100990,211,100477,211,101026,211,100393,211,101535,211,100275,211,101751,100,100142,211,101868,100,100089,100,102062,100,100023,100,102155,100,99998,100,,,99982,100,,,99978,100
2019-06-28 10:07:30.000000000,100912,451,100819,251,100990,247,100477,247,101026,247,100393,247,101535,100,100275,100,101751,100,100142,100,101868,100,100089,100,102062,100,100023,100,102155,100,99998,100,,,99982,100,,,99978,100
2019-06-28 10:07:40.000000000,100912,522,100819,322,100990,322,100477,322,101026,100,100393,100,101535,100,100275,100,101751,100,100142,100,101868,100,100089,100,102062,100,100023,100,102155,100,99998,100,,,99982,100,,,99978,100
2019-06-28 10:07:50.000000000,100912,411,100819,211,100990,211,100477,211,101026,211,100393,211,101535,211,100275,211,101751,100,100142,100,101868,100,100089,100,102062,100,100023,100,102155,100,99998,100,,,99982,100,,,99978,100
2019-06-28 10:08:00.000000000,100912,745,100819,545,100990,100,100477,100,101026,100,100393,100,101535,100,100275,100,101751,100,100142,100,101868,100,100089,100,102062,100,100023,100,102155,100,99998,100,,,99982,100,,,99978,100
2019-06-28 10:08:10.000000000,100912,411,100819,211,100990,211,100477,211,101026,211,100393,211,101535,211,100275,211,101751,100,100142,100,101868,100,100089,100,102062,100,100023,100,102155,100,99998,100,,,99982,100,,,99978,100
2019-06-28 10:08:20.000000000,100912,389,100819,189,100990,189,100477,189,101026,189,100393,189,101535,189,100275,189,101751,189,100142,189,101868,100,100089,100,102062,100,100023,100,102155,100,99998,100,,,99982,100,,,99978,100
2019-06-28 10:08:21.773523828,100910,100,100819,189,100912,389,100477,189,100990,189,100393,189,101026,189,100275,189,101535,189,100142,189,101751,189,100089,100,101868,100,100023,100,102062,100,99998,100,102155,100,99982,100,,,99978,100
2019-06-28 10:08:30.000000000,100910,251,100819,251,100912,447,100477,247,100990,247,100393,247,101026,100,100275,100,101535,100,100142,100,101751,100,100089,100,101868,100,100023,100,102062,100,99998,100,102155,100,99982,100,,,99978,100
2019-06-28 10:08:40.000000000,100910,322,100819,322,100912,522,100477,322,100990,100,100393,100,101026,100,100275,100,101535,100,100142,100,101751,100,100089,100,101868,100,100023,100,102062,100,99998,100,102155,100,99982,100,,,99978,100
2019-06-28 10:08:40.584027257,100910,322,100819,322,100912,522,100477,322,100990,100,100450,100,101026,100,100393,100,101535,100,100275,100,101751,100,100142,100,101868,100,100089,100,102062,100,100023,100,102155,100,99998,100,,,99982,100
2019-06-28 10:08:44.505383083,100910,322,100819,222,100912,522,100477,322,100990,100,100450,100,101026,100,100393,100,101535,100,100275,100,101751,100,100142,100,101868,100,100089,100,102062,100,100023,100,102155,100,99998,100,,,99982,100
2019-06-28 10:08:50.000000000,100910,189,100477,189,100912,389,100450,189,100990,189,100393,189,101026,189,100275,189,101535,189,100142,189,101751,100,100089,100,101868,100,100023,100,102062,100,99998,100,102155,100,99982,100,,,99978,100
2019-06-28 10:09:00.000000000,100910,211,100477,211,100912,411,100450,211,100990,211,100393,211,101026,211,100275,211,101535,100,100142,100,101751,100,100089,100,101868,100,100023,100,102062,100,99998,100,102155,100,99982,100,,,99978,100
2019-06-28 10:09:08.268128247,100910,311,100477,211,100912,411,100450,211,100990,211,100393,211,101026,211,100275,211,101535,100,100142,100,101751,100,100089,100,101868,100,100023,100,102062,100,99998,100,102155,100,99982,100,,,99978,100
2019-06-28 10:09:10.000000000,100910,311,100477,211,100912,411,100450,211,100990,211,100393,211,101026,211,100275,211,101535,100,100142,100,101751,100,100089,100,101868,100,100023,100,102062,100,99998,100,102155,100,99982,100,,,99978,100
2019-06-28 10:09:13.755277500,100910,311,100477,211,100912,411,100450,211,100990,211,100393,211,101026,211,100275,211,101535,100,100271,100,101751,100,100142,100,101868,100,100089,100,102062,100,100023,100,102155,100,99998,100,,,99982,100
2019-06-28 10:09:17.658852544,100910,311,100477,111,100912,411,100450,211,100990,211,100393,211,101026,211,100275,211,101535,100,100271,100,101751,100,100142,100,101868,100,100089,100,102062,100,100023,100,102155,100,99998,100,,,99982,100
2019-06-28 10:09:20.000000000,100910,351,100450,251,100912,447,100393,247,100990,247,100275,247,101026,100,100271,100,101535,100,100142,100,101751,100,100089,100,101868,100,100023,100,102062,100,99998,100,102155,100,99982,100,,,99978,100
2019-06-28 10:09:30.000000000,100910,645,100450,545,100912,300,100393,100,100990,100,100275,100,101026,100,100271,100,101535,100,100142,100,101751,100,100089,100,101868,100,100023,100,102062,100,99998,100,102155,100,99982,100,,,99978,100
2019-06-28 10:09:40.000000000,100910,351,100450,251,100912,447,100393,247,100990,247,100275,247,101026,100,100271,100,101535,100,100142,100,101751,100,100089,100,101868,100,100023,100,102062,100,99998,100,102155,100,99982,100,,,99978,100
2019-06-28 10:09:47.015263931,100909,100,100450,251,100910,351,100393,247,100912,347,100275,247,100990,247,100271,100,101026,100,100142,100,101535,100,100089,100,101751,100,100023,100,101868,100,99998,100,102062,100,99982,100,102155,100,99978,100
2019-06-28 10:09:50.000000000,100909,322,100450,322,100910,422,100393,322,100912,200,100275,100,100990,100,100271,100,101026,100,100142,100,101535,100,100089,100,101751,100,100023,100,101868,100,99998,100,102062,100,99982,100,102155,100,99978,100
2019-06-28 10:09:54.533204930,100909,322,100450,222,100910,422,100393,322,100912,200,100275,100,100990,100,100271,100,101026,100,100142,100,101535,100,100089,100,101751,100,100023,100,101868,100,99998,100,102062,100,99982,100,102155,100,99978,100
2019-06-28 10:09:56.753246474,100909,322,100450,222,100910,422,100393,322,100912,200,100271,100,100990,100,100142,100,101026,100,100089,100,101535,100,100023,100,101751,100,99998,100,101868,100,99982,100,102062,100,99978,100,102155,100,99968,100
2019-06-28 10:10:00.000000000,100909,189,100393,189,100910,289,100271,189,100912,289,100142,189,100990,189,100089,189,101026,189,100023,189,101535,100,99998,100,101751,100,99982,100,101868,100,99978,100,102062,100,99968,100,102155,100,99956,100
2019-06-28 10:10:10.000000000,100909,189,100393,189,100910,289,100271,189,100912,289,100142,189,100990,189,100089,189,101026,189,100023,189,101535,100,99998,100,101751,100,99982,100,101868,100,99978,100,102062,100,99968,100,102155,100,99956,100
2019-06-28 10:10:20.000000000,100909,189,100393,189,100910,289,100271,189,100912,289,100142,189,100990,189,100089,189,101026,189,100023,189,101535,100,99998,100,101751,100,99982,100,101868,100,99978,100,102062,100,99968,100,102155,100,99956,100
2019-06-28 10:10:26.608911916,100819,100,100393,189,100909,189,100271,189,100910,289,100142,189,100912,289,100089,189,100990,189,100023,189,101026,189,99998,100,101535,100,99982,100,101751,100,99978,100,101868,100,99968,100,102062,100,99956,100
2019-06-28 10:10:30.000000000,100819,322,100393,322,100909,322,100271,322,100910,200,100142,100,100912,200,100089,100,100990,100,100023,100,101026,100,99998,100,101535,100,99982,100,101751,100,99978,100,101868,100,99968,100,102062,100,99956,100
2019-06-28 10:10:40.000000000,100819,322,100393,322,100909,322,100271,322,100910,200,100142,100,100912,200,100089,100,100990,100,100023,100,101026,100,99998,100,101535,100,99982,100,101751,100,99978,100,101868,100,99968,100,102062,100,99956,100
2019-06-28 10:10:42.803511090,100819,322,100393,322,100909,322,100271,322,100910,200,100142,100,100912,200,100089,100,100990,100,100023,100,101026,100,99998,100,101535,100,99982,100,101751,100,99978,100,101868,100,99977,100,102062,100,99968,100
2019-06-28 10:10:45.152843199,100819,322,100393,322,100909,322,100271,322,100910,200,100227,100,100912,200,100142,100,100990,100,100089,100,101026,100,100023,100,101535,100,99998,100,101751,100,99982,100,101868,100,99978,100,102062,100,99977,100
2019-06-28 10:10:50.000000000,100819,211,100393,211,100909,211,100271,211,100910,311,100227,211,100912,311,100142,211,100990,100,100089,100,101026,100,100023,100,101535,100,99998,100,101751,100,99982,100,101868,100,99978,100,102062,100,99977,100
2019-06-28 10:11:00.000000000,100819,189,100393,189,100909,189,100271,189,100910,289,100227,189,100912,289,100142,189,100990,189,100089,189,101026,100,100023,100,101535,100,99998,100,101751,100,99982,100,101868,100,99978,100,102062,100,99977,100
2019-06-28 10:11:08.687495246,100819,189,100393,89,100909,189,100271,189,100910,289,100227,189,100912,289,100142,189,100990,189,100089,189,101026,100,100023,100,101535,100,99998,100,101751,100,99982,100,101868,100,99978,100,102062,100,99977,100
2019-06-28 10:11:10.000000000,100819,322,100271,322,100909,322,100227,322,100910,200,100142,100,100912,200,100089,100,100990,100,100023,100,101026,100,99998,100,101535,100,99982,100,101751,100,99978,100,101868,100,99977,100,102062,100,99968,100
2019-06-28 10:11:20.000000000,100819,545,100271,545,100909,100,100227,100,100910,200,100142,100,100912,200,100089,100,100990,100,100023,100,101026,100,99998,100,101535,100,99982,100,101751,100,99978,100,101868,100,99977,100,102062,100,99968,100
2019-06-28 10:11:28.850688617,100819,545,100271,545,100909,100,100227,100,100910,200,100153,100,100912,200,100142,100,100990,100,100089,100,101026,100,100023,100,101535,100,99998,100,101751,100,99982,100,101868,100,99978,100,102062,100,99977,100
2019-06-28 10:11:29.166226351,100819,545,100271,545,100909,100,100227,100,100910,200,100153,100,100912,200,100142,100,100990,100,100089,100,101026,100,100023,100,101535,100,99998,100,101751,100,99982,100,101868,100,99978,100,102062,100,99977,100
2019-06-28 10:11:30.000000000,100819,251,100271,251,100909,247,100227,247,100910,347,100153,247,100912,200,100142,100,100990,100,100089,100,101026,100,100023,100,101535,100,99998,100,101751,100,99982,100,101868,100,99978,100,102062,100,99977,100
2019-06-28 10:11:40.000000000,100819,322,100271,322,100909,322,100227,322,100910,200,100153,100,100912,200,100142,100,100990,100,100089,100,101026,100,100023,100,101535,100,99998,100,101751,100,99982,100,101868,100,99978,100,102062,100,99977,100
2019-06-28 10:11:42.308236769,100819,322,100271,322,100909,322,100227,322,100910,200,100153,100,100912,200,100142,100,100990,100,100089,100,101026,100,100023,100,101535,100,99998,100,101751,100,99982,100,101868,100,99978,100,102062,100,99977,100
2019-06-28 10:11:47.135020281,100819,322,100271,322,100909,322,100227,322,100910,200,100192,100,100912,200,100153,100,100990,100,100142,100,101026,100,100089,100,101535,100,100023,100,101751,100,99998,100,101868,100,99982,100,102062,100,99978,100
2019-06-28 10:11:50.000000000,100819,211,100271,211,100909,211,100227,211,100910,311,100192,211,100912,311,100153,211,100990,100,100142,100,101026,100,100089,100,101535,100,100023,100,101751,100,99998,100,101868,100,99982,100,102062,100,99978,100
2019-06-28 10:11:51.356744559,100819,211,100271,211,100909,111,100227,211,100910,311,100192,211,100912,311,100153,211,100990,100,100142,100,101026,100,100089,100,101535,100,100023,100,101751,100,99998,100,101868,100,99982,100,102062,100,99978,100
2019-06-28 10:12:00.000000000,100819,251,100271,251,100910,347,100227,247,100912,347,100192,247,100990,100,100153,100,101026,100,100142,100,101535,100,100089,100,101751,100,100023,100,101868,100,99998,100,102062,100,99982,100,102155,100,99978,100
2019-06-28 10:12:10.000000000,100819,322,100271,322,100910,422,100227,322,100912,200,100192,100,100990,100,100153,100,101026,100,100142,100,101535,100,100089,100,101751,100,100023,100,101868,100,99998,100,102062,100,99982,100,102155,100,99978,100
