,ask_price_1,ask_size_1,bid_price_1,bid_size_1,ask_price_2,ask_size_2,bid_price_2,bid_size_2,ask_price_3,ask_size_3,bid_price_3,bid_size_3,ask_price_4,ask_size_4,bid_price_4,bid_size_4,ask_price_5,ask_size_5,bid_price_5,bid_size_5,ask_price_6,ask_size_6,bid_price_6,bid_size_6,ask_price_7,ask_size_7,bid_price_7,bid_size_7,ask_price_8,ask_size_8,bid_price_8,bid_size_8,ask_price_9,ask_size_9,bid_price_9,bid_size_9,ask_price_10,ask_size_10,bid_price_10,bid_size_10
2019-06-28 09:30:00.000000000,100113,100,99912,100,,,,,,,,,,,,,,,,,,,,,,,,,,,,,,,,,,,,
2019-06-28 09:30:00.000000001,100113,100,100005,100,,,99912,100,,,,,,,,,,,,,,,,,,,,,,,,,,,,,,,,
2019-06-28 09:30:00.000000002,100113,100,100005,100,100116,100,99912,100,,,,,,,,,,,,,,,,,,,,,,,,,,,,,,,,
2019-06-28 09:30:00.000000003,100113,100,100074,100,100116,100,100005,100,,,99912,100,,,,,,,,,,,,,,,,,,,,,,,,,,,,
2019-06-28 09:30:00.000000006,100113,100,100074,100,100116,100,100005,100,,,99946,100,,,99912,100,,,,,,,,,,,,,,,,,,,,,,,,
2019-06-28 09:30:00.000000009,100111,100,100074,100,100113,100,100005,100,100116,100,99946,100,,,99912,100,,,,,,,,,,,,,,,,,,,,,,,,
2019-06-28 09:30:00.000000011,100074,100,100005,100,100111,100,99946,100,100113,100,99912,100,100116,100,,,,,,,,,,,,,,,,,,,,,,,,,,
2019-06-28 09:30:00.000000017,100074,200,100005,100,100111,100,99946,100,100113,100,99945,100,100116,100,99912,100,,,,,,,,,,,,,,,,,,,,,,,,
2019-06-28 09:30:00.000000022,100074,200,99946,100,100111,100,99945,100,100113,100,99912,100,100116,100,,,,,,,,,,,,,,,,,,,,,,,,,,
2019-06-28 09:30:00.000000025,100005,100,99945,100,100025,100,99912,100,100074,200,,,100111,100,,,100113,100,,,100116,100,,,,,,,,,,,,,,,,,,
2019-06-28 09:30:00.000000030,100005,100,99945,100,100025,100,99944,100,100074,200,99912,100,100111,100,,,100113,100,,,100116,100,,,,,,,,,,,,,,,,,,
2019-06-28 09:30:00.000000032,100005,100,99993,100,100025,100,99945,100,100074,200,99944,100,100111,100,99912,100,100113,100,,,100116,100,,,,,,,,,,,,,,,,,,
2019-06-28 09:30:00.000000033,100025,100,99993,100,100074,200,99945,100,100080,100,99944,100,100111,100,99912,100,100113,100,,,100116,100,,,,,,,,,,,,,,,,,,
2019-06-28 09:30:00.000000037,100005,100,99993,100,100025,100,99945,100,100074,200,99944,100,100080,100,99912,100,100111,100,,,100113,100,,,100116,100,,,,,,,,,,,,,,
2019-06-28 09:30:00.000000038,100005,100,99993,100,100025,100,99946,100,100074,200,99945,100,100080,100,99944,100,100111,100,99912,100,100113,100,,,100116,100,,,,,,,,,,,,,,
2019-06-28 09:30:00.000000039,100005,100,99993,100,100025,100,99987,100,100074,200,99946,100,100080,100,99945,100,100111,100,99944,100,100113,100,99912,100,100116,100,,,100153,100,,,,,,,,,,
2019-06-28 09:30:00.000000044,100005,100,99993,100,100025,100,99987,100,100074,200,99970,100,100080,100,99946,100,100111,100,99945,100,100113,100,99944,100,100116,100,99912,100,100153,100,,,,,,,,,,
2019-06-28 09:30:00.000000048,100005,100,99993,100,100025,100,99987,100,100029,100,99972,100,100074,200,99970,100,100080,100,99946,100,100105,100,99945,100,100111,100,99944,100,100113,100,99912,100,100116,100,,,100153,100,,
2019-06-28 09:30:00.000000049,100005,100,99993,100,100025,100,99987,100,100029,100,99972,100,100074,200,99970,100,100080,100,99946,100,100105,100,99945,100,100111,100,99944,100,100113,100,99912,100,100116,100,99790,100,100153,100,,
2019-06-28 09:30:00.000000050,100005,100,99987,100,100025,100,99972,100,100029,100,99970,100,100074,200,99946,100,100080,100,99945,100,100105,100,99944,100,100111,100,99912,100,100113,100,99790,100,100116,100,,,100153,100,,
2019-06-28 09:30:00.000000052,99994,100,99987,100,100005,100,99972,100,100025,100,99970,100,100029,100,99946,100,100074,200,99945,100,100080,100,99944,100,100105,100,99912,100,100111,100,99790,100,100113,100,,,100116,100,,
2019-06-28 09:30:00.000000053,99994,100,99987,100,100004,100,99972,100,100005,100,99970,100,100025,100,99946,100,100029,100,99945,100,100074,200,99944,100,100080,100,99912,100,100105,100,99790,100,100111,100,,,100113,100,,
2019-06-28 09:30:00.000000055,100004,100,99987,100,100005,100,99972,100,100025,100,99970,100,100029,100,99946,100,100074,200,99945,100,100080,100,99944,100,100105,100,99912,100,100111,100,99790,100,100113,100,,,100116,100,,
2019-06-28 09:30:00.000000056,100004,100,99993,100,100005,100,99987,100,100025,100,99972,100,100029,100,99970,100,100074,200,99946,100,100080,100,99945,100,100105,100,99944,100,100111,100,99912,100,100113,100,99856,100,100116,100,99790,100
2019-06-28 09:30:00.000000057,100004,100,99987,100,100005,100,99972,100,100025,100,99970,100,100029,100,99946,100,100074,200,99945,100,100080,100,99944,100,100105,100,99912,100,100111,100,99856,100,100113,100,99790,100,100116,100,,
2019-06-28 09:30:00.000000062,100004,100,99987,100,100005,100,99972,100,100025,100,99970,100,100029,100,99946,100,100074,200,99945,100,100080,100,99944,100,100095,100,99912,100,100105,100,99856,100,100111,100,99790,100,100113,100,,
2019-06-28 09:30:00.000000064,100004,100,99987,100,100005,100,99972,100,100025,100,99970,100,100029,100,99960,100,100074,200,99946,100,100080,100,99945,100,100095,100,99944,100,100105,100,99912,100,100111,100,99856,100,100113,100,99790,100
2019-06-28 09:30:00.000000067,100004,100,99987,100,100005,100,99972,100,100025,100,99970,100,100029,100,99960,100,100074,200,99946,100,100080,100,99945,100,100095,100,99944,100,100105,100,99912,100,100111,100,99856,100,100113,100,99821,100
2019-06-28 09:30:00.000000068,100004,100,99987,100,100005,100,99972,100,100025,100,99970,100,100029,100,99961,100,100074,200,99960,100,100080,100,99946,100,100095,100,99945,100,100105,100,99944,100,100111,100,99912,100,100113,100,99856,100
2019-06-28 09:30:00.000000071,100004,100,99987,100,100005,100,99972,100,100025,100,99970,100,100029,100,99961,100,100074,200,99960,100,100080,100,99946,100,100095,100,99945,100,100105,100,99944,100,100107,100,99912,100,100111,100,99856,100
2019-06-28 09:30:00.000000072,100004,100,99987,100,100005,100,99972,100,100025,100,99970,100,100029,100,99961,100,100074,200,99960,100,100080,100,99946,100,100095,100,99945,100,100105,100,99944,100,100107,100,99912,100,100111,100,99856,100
2019-06-28 09:30:00.000000074,100004,100,99987,100,100005,100,99972,100,100025,100,99970,100,100028,100,99961,100,100029,100,99960,100,100074,200,99946,100,100080,100,99945,100,100095,100,99944,100,100105,100,99912,100,100107,100,99856,100
2019-06-28 09:30:00.000000076,100004,100,99987,100,100005,100,99978,100,100025,100,99972,100,100028,100,99970,100,100029,100,99961,100,100074,200,99960,100,100080,100,99946,100,100095,100,99945,100,100105,100,99944,100,100107,100,99912,100
2019-06-28 09:30:00.000000077,100004,100,99978,100,100005,100,99972,100,100025,100,99970,100,100028,100,99961,100,100029,100,99960,100,100074,200,99946,100,100080,100,99945,100,100095,100,99944,100,100105,100,99912,100,100107,100,99856,100
2019-06-28 09:30:00.000000078,100004,100,99978,100,100005,100,99972,100,100025,100,99970,100,100028,100,99961,100,100029,100,99960,100,100074,200,99953,100,100080,100,99946,100,100086,100,99945,100,100095,100,99944,100,100105,100,99912,100
2019-06-28 09:30:00.000000080,100004,100,99978,100,100005,100,99972,100,100025,100,99970,100,100028,100,99961,100,100029,100,99960,100,100074,200,99953,100,100080,100,99946,100,100086,100,99945,100,100095,100,99944,100,100105,100,99912,100
2019-06-28 09:30:00.000000083,100004,100,99978,100,100005,100,99972,100,100025,100,99970,100,100028,100,99961,100,100029,100,99960,100,100074,200,99953,100,100080,100,99946,100,100086,100,99945,100,100095,100,99944,100,100105,100,99912,100
2019-06-28 09:30:00.000000086,100004,100,99978,100,100005,100,99972,100,100025,100,99970,100,100028,100,99961,100,100029,100,99960,100,100074,200,99953,100,100079,100,99946,100,100080,100,99945,100,100086,100,99944,100,100095,100,99912,100
2019-06-28 09:30:00.000000088,100004,100,99978,100,100005,100,99972,100,100025,100,99970,100,100028,100,99961,100,100029,100,99960,100,100074,200,99953,100,100077,100,99946,100,100079,100,99945,100,100080,100,99944,100,100086,100,99912,100
2019-06-28 09:30:00.000000090,100004,100,99978,100,100005,100,99972,100,100025,100,99970,100,100028,100,99961,100,100029,100,99960,100,100074,200,99953,100,100077,100,99946,100,100079,100,99945,100,100080,100,99944,100,100086,100,99935,100
2019-06-28 09:30:00.000000093,100004,100,99987,100,100005,100,99978,100,100025,100,99972,100,100028,100,99970,100,100029,100,99961,100,100074,200,99960,100,100077,100,99953,100,100079,100,99946,100,100080,100,99945,100,100086,100,99944,100
2019-06-28 09:30:00.000000098,100004,100,99987,100,100005,100,99978,100,100025,100,99972,100,100028,100,99970,100,100029,100,99961,100,100074,200,99960,100,100077,100,99953,100,100079,100,99952,100,100080,100,99946,100,100086,100,99945,100
2019-06-28 09:30:00.000000099,100005,100,99987,100,100025,100,99978,100,100028,100,99972,100,100029,100,99970,100,100074,200,99961,100,100077,100,99960,100,100079,100,99953,100,100080,100,99952,100,100086,100,99946,100,100095,100,99945,100
2019-06-28 09:30:03.134838817,100005,100,99987,100,100025,100,99978,100,100028,100,99972,100,100029,100,99970,100,100071,100,99961,100,100074,200,99960,100,100077,100,99953,100,100079,100,99952,100,100080,100,99946,100,100095,100,99945,100
2019-06-28 09:30:06.404071088,100005,100,99987,100,100025,100,99978,100,100028,100,99972,100,100071,100,99970,100,100074,200,99961,100,100077,100,99960,100,100079,100,99953,100,100080,100,99952,100,100095,100,99946,100,100105,100,99945,100
2019-06-28 09:30:10.000000000,100005,235,99987,235,100025,235,99978,235,100028,100,99972,100,100071,100,99970,100,100074,200,99961,100,100077,100,99960,100,100079,100,99953,100,100080,100,99952,100,100095,100,99946,100,100105,100,99945,100
2019-06-28 09:30:20.000000000,100005,154,99987,154,100025,154,99978,154,100028,154,99972,154,100071,154,99970,154,100074,254,99961,154,100077,100,99960,100,100079,100,99953,100,100080,100,99952,100,100095,100,99946,100,100105,100,99945,100
2019-06-28 09:30:30.000000000,100005,235,99987,235,100025,235,99978,235,100028,100,99972,100,100071,100,99970,100,100074,200,99961,100,100077,100,99960,100,100079,100,99953,100,100080,100,99952,100,100095,100,99946,100,100105,100,99945,100
2019-06-28 09:30:40.000000000,100005,192,99987,192,100025,189,99978,189,100028,189,99972,189,100071,100,99970,100,100074,200,99961,100,100077,100,99960,100,100079,100,99953,100,100080,100,99952,100,100095,100,99946,100,100105,100,99945,100
2019-06-28 09:30:50.000000000,100005,192,99987,192,100025,189,99978,189,100028,189,99972,189,100071,100,99970,100,100074,200,99961,100,100077,100,99960,100,100079,100,99953,100,100080,100,99952,100,100095,100,99946,100,100105,100,99945,100
2019-06-28 09:31:00.000000000,100005,370,99987,370,100025,100,99978,100,100028,100,99972,100,100071,100,99970,100,100074,200,99961,100,100077,100,99960,100,100079,100,99953,100,100080,100,99952,100,100095,100,99946,100,100105,100,99945,100
2019-06-28 09:31:03.938298342,100005,370,99987,370,100025,100,99978,100,100028,100,99972,100,100071,100,99970,100,100074,200,99961,100,100077,100,99960,100,100079,100,99953,100,100080,100,99952,100,100095,100,99946,100,100105,100,99945,100
2019-06-28 09:31:10.000000000,100005,168,99987,168,100025,168,99978,168,100028,168,99972,168,100071,168,99970,168,100074,200,99961,100,100077,100,99960,100,100079,100,99953,100,100080,100,99952,100,100095,100,99946,100,100105,100,99945,100
2019-06-28 09:31:13.071841240,100005,168,99987,168,100025,68,99978,168,100028,168,99972,168,100071,168,99970,168,100074,200,99961,100,100077,100,99960,100,100079,100,99953,100,100080,100,99952,100,100095,100,99946,100,100105,100,99945,100
2019-06-28 09:31:14.097444796,100005,168,99988,100,100025,68,99987,168,100028,168,99978,168,100071,168,99972,168,100074,200,99970,168,100077,100,99961,100,100079,100,99960,100,100080,100,99953,100,100095,100,99952,100,100105,100,99946,100
2019-06-28 09:31:19.008968379,100005,168,99988,100,100025,68,99987,168,100028,168,99978,168,100071,168,99972,168,100074,200,99970,168,100077,200,99961,100,100079,100,99960,100,100080,100,99953,100,100095,100,99952,100,100105,100,99946,100
2019-06-28 09:31:20.000000000,100005,235,99988,235,100028,235,99987,235,100071,100,99978,100,100074,200,99972,100,100077,200,99970,100,100079,100,99961,100,100080,100,99960,100,100095,100,99953,100,100105,100,99952,100,100107,100,99946,100
2019-06-28 09:31:25.328700709,100005,235,99988,235,100028,235,99987,235,100071,100,99978,100,100074,200,99972,100,100077,200,99970,100,100079,100,99961,200,100095,100,99960,100,100105,100,99953,100,100107,100,99952,100,100109,100,99946,100
2019-06-28 09:31:30.000000000,100005,235,99988,235,100028,235,99987,235,100071,100,99978,100,100074,200,99972,100,100077,200,99970,100,100079,100,99961,200,100095,100,99960,100,100105,100,99953,100,100107,100,99952,100,100109,100,99946,100
2019-06-28 09:31:40.000000000,100005,370,99988,370,100028,100,99987,100,100071,100,99978,100,100074,200,99972,100,100077,200,99970,100,100079,100,99961,200,100095,100,99960,100,100105,100,99953,100,100107,100,99952,100,100109,100,99946,100
2019-06-28 09:31:50.000000000,100005,168,99988,168,100028,168,99987,168,100071,168,99978,168,100074,268,99972,168,100077,200,99970,100,100079,100,99961,200,100095,100,99960,100,100105,100,99953,100,100107,100,99952,100,100109,100,99946,100
2019-06-28 09:31:55.076802688,100005,168,99988,168,100028,168,99987,168,100071,168,99978,168,100074,268,99972,168,100077,200,99970,100,100079,100,99961,200,100095,100,99960,100,100105,100,99953,100,100107,100,99952,100,100109,100,99946,100
2019-06-28 09:32:00.000000000,100005,235,99988,235,100028,235,99987,235,100071,100,99978,100,100074,200,99972,100,100077,200,99970,100,100079,100,99961,200,100095,100,99960,100,100105,100,99953,100,100107,100,99952,100,100109,100,99946,100
2019-06-28 09:32:10.000000000,100005,192,99988,192,100028,189,99987,189,100071,189,99978,189,100074,200,99972,100,100077,200,99970,100,100079,100,99961,200,100095,100,99960,100,100105,100,99953,100,100107,100,99952,100,100109,100,99946,100
2019-06-28 09:32:20.000000000,100005,154,99988,154,100028,154,99987,154,100071,154,99978,154,100074,254,99972,154,100077,254,99970,154,100079,100,99961,200,100095,100,99960,100,100105,100,99953,100,100107,100,99952,100,100109,100,99946,100
2019-06-28 09:32:30.000000000,100005,235,99988,235,100028,235,99987,235,100071,100,99978,100,100074,200,99972,100,100077,200,99970,100,100079,100,99961,200,100095,100,99960,100,100105,100,99953,100,100107,100,99952,100,100109,100,99946,100
2019-06-28 09:32:37.179050669,100004,100,99988,235,100005,235,99987,235,100028,235,99978,100,100071,100,99972,100,100074,200,99970,100,100077,200,99961,200,100079,100,99960,100,100095,100,99953,100,100105,100,99952,100,100107,100,99946,100
2019-06-28 09:32:40.000000000,100004,192,99988,192,100005,189,99987,189,100028,189,99978,189,100071,100,99972,100,100074,200,99970,100,100077,200,99961,200,100079,100,99960,100,100095,100,99953,100,100105,100,99952,100,100107,100,99946,100
2019-06-28 09:32:45.812783595,100004,192,99988,92,100005,189,99987,189,100028,189,99978,189,100071,100,99972,100,100074,200,99970,100,100077,200,99961,200,100079,100,99960,100,100095,100,99953,100,100105,100,99952,100,100107,100,99946,100
2019-06-28 09:32:50.000000000,100004,168,99987,168,100005,168,99978,168,100028,168,99972,168,100071,168,99970,168,100074,200,99961,200,100077,200,99960,100,100079,100,99953,100,100095,100,99952,100,100105,100,99946,100,100107,100,99944,100
2019-06-28 09:32:55.957813335,100003,100,99987,168,100004,168,99978,168,100005,168,99972,168,100028,168,99970,168,100071,168,99961,200,100074,200,99960,100,100077,200,99953,100,100079,100,99952,100,100095,100,99946,100,100105,100,99944,100
2019-06-28 09:33:00.000000000,100003,154,99987,154,100004,154,99978,154,100005,154,99972,154,100028,154,99970,154,100071,154,99961,254,100074,200,99960,100,100077,200,99953,100,100079,100,99952,100,100095,100,99946,100,100105,100,99944,100
2019-06-28 09:33:04.443923660,100003,254,99987,154,100004,154,99978,154,100005,154,99972,154,100028,154,99970,154,100071,154,99961,254,100074,200,99960,100,100077,200,99953,100,100079,100,99952,100,100095,100,99946,100,100105,100,99944,100
2019-06-28 09:33:10.000000000,100003,268,99987,168,100004,168,99978,168,100005,168,99972,168,100028,168,99970,168,100071,100,99961,200,100074,200,99960,100,100077,200,99953,100,100079,100,99952,100,100095,100,99946,100,100105,100,99944,100
2019-06-28 09:33:20.000000000,100003,335,99987,235,100004,235,99978,235,100005,100,99972,100,100028,100,99970,100,100071,100,99961,200,100074,200,99960,100,100077,200,99953,100,100079,100,99952,100,100095,100,99946,100,100105,100,99944,100
2019-06-28 09:33:24.062667461,100003,435,99987,235,100004,235,99978,235,100005,100,99972,100,100028,100,99970,100,100071,100,99961,200,100074,200,99960,100,100077,200,99953,100,100079,100,99952,100,100095,100,99946,100,100105,100,99944,100
2019-06-28 09:33:27.418373952,100003,435,99987,235,100004,235,99978,235,100005,100,99972,100,100028,100,99970,100,100071,100,99961,200,100074,200,99960,100,100077,200,99953,100,100079,100,99952,100,100095,100,99946,100,100105,100,99944,100
2019-06-28 09:33:30.000000000,100003,392,99987,192,100004,189,99978,189,100005,189,99972,189,100028,100,99970,100,100071,100,99961,200,100074,200,99960,100,100077,200,99953,100,100079,100,99952,100,100095,100,99946,100,100105,100,99944,100
2019-06-28 09:33:32.101011009,100003,392,99987,192,100004,189,99978,189,100005,189,99972,189,100028,100,99970,100,100071,100,99961,200,100074,200,99960,100,100077,200,99953,100,100079,100,99952,100,100095,100,99946,100,100105,100,99944,100
2019-06-28 09:33:40.000000000,100003,354,99987,154,100004,154,99978,154,100005,154,99972,154,100028,154,99970,154,100071,154,99961,254,100074,200,99960,100,100077,200,99953,100,100079,100,99952,100,100095,100,99946,100,100105,100,99944,100
2019-06-28 09:33:41.510516279,100003,354,99987,54,100004,154,99978,154,100005,154,99972,154,100028,154,99970,154,100071,154,99961,254,100074,200,99960,100,100077,200,99953,100,100079,100,99952,100,100095,100,99946,100,100105,100,99944,100
2019-06-28 09:33:50.000000000,100003,435,99978,235,100004,235,99972,235,100005,100,99970,100,100028,100,99961,200,100071,100,99960,100,100074,200,99953,100,100077,200,99952,100,100079,100,99946,100,100095,100,99944,100,100105,100,99935,100
2019-06-28 09:33:53.630224409,100003,435,99978,235,100004,235,99972,235,100005,100,99970,100,100028,100,99961,200,100071,100,99960,100,100074,200,99953,100,100077,200,99952,100,100079,100,99946,100,100095,100,99944,100,100105,100,99935,100
2019-06-28 09:34:00.000000000,100003,392,99978,192,100004,189,99972,189,100005,189,99970,189,100028,100,99961,200,100071,100,99960,100,100074,200,99953,100,100077,200,99952,100,100079,100,99946,100,100095,100,99944,100,100105,100,99935,100
2019-06-28 09:34:06.315841078,100003,392,99978,92,100004,189,99972,189,100005,189,99970,189,100028,100,99961,200,100071,100,99960,100,100074,200,99953,100,100077,200,99952,100,100079,100,99946,100,100095,100,99944,100,100105,100,99935,100
2019-06-28 09:34:10.000000000,100003,368,99972,168,100004,168,99970,168,100005,168,99961,268,100028,168,99960,168,100071,100,99953,100,100074,200,99952,100,100077,200,99946,100,100079,100,99944,100,100095,100,99935,100,100105,100,99905,100
2019-06-28 09:34:17.223794574,100003,368,99972,68,100004,168,99970,168,100005,168,99961,268,100028,168,99960,168,100071,100,99953,100,100074,200,99952,100,100077,200,99946,100,100079,100,99944,100,100095,100,99935,100,100105,100,99874,100
2019-06-28 09:34:20.000000000,100003,368,99970,168,100004,168,99961,268,100005,168,99960,168,100028,168,99953,168,100071,100,99952,100,100074,200,99946,100,100077,200,99944,100,100079,100,99935,100,100095,100,99874,100,100105,100,99858,100
2019-06-28 09:34:27.537477798,100003,368,99970,168,100004,168,99961,268,100005,168,99960,168,100028,168,99953,168,100071,100,99952,100,100074,200,99946,100,100077,200,99944,100,100079,100,99935,100,100095,100,99891,100,100105,100,99874,100
2019-06-28 09:34:30.000000000,100003,435,99970,235,100004,235,99961,335,100005,100,99960,100,100028,100,99953,100,100071,100,99952,100,100074,200,99946,100,100077,200,99944,100,100079,100,99935,100,100095,100,99891,100,100105,100,99874,100
2019-06-28 09:34:40.000000000,100003,435,99970,235,100004,235,99961,335,100005,100,99960,100,100028,100,99953,100,100071,100,99952,100,100074,200,99946,100,100077,200,99944,100,100079,100,99935,100,100095,100,99891,100,100105,100,99874,100
2019-06-28 09:34:50.000000000,100003,354,99970,154,100004,154,99961,254,100005,154,99960,154,100028,154,99953,154,100071,154,99952,154,100074,200,99946,100,100077,200,99944,100,100079,100,99935,100,100095,100,99891,100,100105,100,99874,100
2019-06-28 09:34:50.309384399,99978,100,99970,154,100003,354,99961,254,100004,154,99960,154,100005,154,99953,154,100028,154,99952,154,100071,154,99946,100,100074,200,99944,100,100077,200,99935,100,100079,100,99891,100,100095,100,99874,100
2019-06-28 09:35:00.000000000,99978,154,99970,154,100003,354,99961,254,100004,154,99960,154,100005,154,99953,154,100028,154,99952,154,100071,100,99946,100,100074,200,99944,100,100077,200,99935,100,100079,100,99891,100,100095,100,99874,100
2019-06-28 09:35:10.000000000,99978,370,99970,370,100003,300,99961,200,100004,100,99960,100,100005,100,99953,100,100028,100,99952,100,100071,100,99946,100,100074,200,99944,100,100077,200,99935,100,100079,100,99891,100,100095,100,99874,100
2019-06-28 09:35:17.214237200,99978,370,99970,270,100003,300,99961,200,100004,100,99960,100,100005,100,99953,100,100028,100,99952,100,100071,100,99946,100,100074,200,99944,100,100077,100,99935,100,100079,100,99891,100,100095,100,99874,100
2019-06-28 09:35:20.000000000,99978,154,99961,254,100003,354,99960,154,100004,154,99953,154,100005,154,99952,154,100028,154,99946,154,100071,100,99944,100,100074,200,99935,100,100077,100,99891,100,100079,100,99874,100,100095,100,99858,100
2019-06-28 09:35:30.000000000,99978,192,99961,292,100003,389,99960,189,100004,189,99953,189,100005,100,99952,100,100028,100,99946,100,100071,100,99944,100,100074,200,99935,100,100077,100,99891,100,100079,100,99874,100,100095,100,99858,100
2019-06-28 09:35:38.719466290,99978,192,99961,292,100003,389,99960,189,100004,189,99953,189,100005,100,99952,100,100028,100,99946,100,100071,100,99944,100,100074,200,99935,100,100077,100,99891,100,100079,100,99874,100,100095,100,99858,100
2019-06-28 09:35:40.000000000,99978,370,99961,470,100003,300,99960,100,100004,100,99953,100,100005,100,99952,100,100028,100,99946,100,100071,100,99944,100,100074,200,99935,100,100077,100,99891,100,100079,100,99874,100,100095,100,99858,100
2019-06-28 09:35:40.659451099,99978,370,99961,370,100003,300,99960,100,100004,100,99953,100,100005,100,99952,100,100028,100,99946,100,100071,100,99944,100,100074,200,99935,100,100077,100,99891,100,100079,100,99874,100,100095,100,99858,100
2019-06-28 09:35:50.000000000,99978,192,99961,192,100003,389,99960,189,100004,189,99953,189,100005,100,99952,100,100028,100,99946,100,100071,100,99944,100,100074,200,99935,100,100077,100,99891,100,100079,100,99874,100,100095,100,99858,100
2019-06-28 09:36:00.000000000,99978,168,99961,168,100003,368,99960,168,100004,168,99953,168,100005,168,99952,168,100028,100,99946,100,100071,100,99944,100,100074,200,99935,100,100077,100,99891,100,100079,100,99874,100,100095,100,99858,100
2019-06-28 09:36:03.383202703,99978,168,99961,68,100003,368,99960,168,100004,168,99953,168,100005,168,99952,168,100028,100,99946,100,100071,100,99944,100,100074,200,99935,100,100077,100,99891,100,100079,100,99874,100,100095,100,99858,100
2019-06-28 09:36:10.000000000,99978,370,99960,370,100003,300,99953,100,100004,100,99952,100,100005,100,99946,100,100028,100,99944,100,100071,100,99935,100,100074,200,99891,100,100077,100,99874,100,100079,100,99858,100,100095,100,99843,100
2019-06-28 09:36:20.000000000,99978,370,99960,370,100003,300,99953,100,100004,100,99952,100,100005,100,99946,100,100028,100,99944,100,100071,100,99935,100,100074,200,99891,100,100077,100,99874,100,100079,100,99858,100,100095,100,99843,100
2019-06-28 09:36:20.670868941,99978,370,99960,370,100003,300,99953,100,100004,100,99952,100,100005,100,99946,100,100028,100,99944,100,100071,100,99935,100,100074,200,99891,100,100077,100,99874,100,100079,100,99858,100,100095,100,99843,100
2019-06-28 09:36:30.000000000,99978,154,99960,154,100003,354,99953,154,100004,154,99952,154,100005,154,99946,154,100028,154,99944,154,100071,100,99935,100,100074,200,99891,100,100077,100,99874,100,100079,100,99858,100,100095,100,99843,100
2019-06-28 09:36:40.000000000,99978,192,99960,192,100003,389,99953,189,100004,189,99952,189,100005,100,99946,100,100028,100,99944,100,100071,100,99935,100,100074,200,99891,100,100077,100,99874,100,100079,100,99858,100,100095,100,99843,100
2019-06-28 09:36:42.779341463,99978,192,99960,192,100003,389,99953,189,100004,189,99952,189,100005,100,99946,100,100028,100,99944,100,100071,100,99935,100,100073,100,99891,100,100074,200,99874,100,100077,100,99858,100,100079,100,99843,100
2019-06-28 09:36:50.000000000,99978,192,99960,192,100003,389,99953,189,100004,189,99952,189,100005,100,99946,100,100028,100,99944,100,100071,100,99935,100,100073,100,99891,100,100074,200,99874,100,100077,100,99858,100,100079,100,99843,100
2019-06-28 09:37:00.000000000,99978,192,99960,192,100003,389,99953,189,100004,189,99952,189,100005,100,99946,100,100028,100,99944,100,100071,100,99935,100,100073,100,99891,100,100074,200,99874,100,100077,100,99858,100,100079,100,99843,100
2019-06-28 09:37:09.222896248,99978,192,99960,192,100003,289,99953,189,100004,189,99952,189,100005,100,99946,100,100028,100,99944,100,100071,100,99935,100,100073,100,99891,100,100074,200,99874,100,100077,100,99858,100,100079,100,99843,100
2019-06-28 09:37:09.810049929,99978,192,99960,192,100003,289,99953,189,100004,189,99952,189,100005,100,99946,100,100028,100,99944,100,100071,100,99935,100,100073,100,99891,100,100074,200,99874,100,100077,100,99858,100,100079,100,99843,100
2019-06-28 09:37:10.000000000,99978,154,99960,154,100003,254,99953,154,100004,154,99952,154,100005,154,99946,154,100028,154,99944,154,100071,100,99935,100,100073,100,99891,100,100074,200,99874,100,100077,100,99858,100,100079,100,99843,100
2019-06-28 09:37:10.606107700,99978,154,99960,154,100003,254,99953,154,100004,154,99952,154,100005,154,99946,154,100028,154,99944,154,100071,100,99935,100,100073,100,99891,100,100074,200,99874,100,100077,100,99858,100,100079,100,99843,100
2019-06-28 09:37:20.000000000,99978,154,99960,154,100003,254,99953,154,100004,154,99952,154,100005,154,99946,154,100028,154,99944,154,100071,100,99935,100,100073,100,99891,100,100074,200,99874,100,100077,100,99858,100,100079,100,99843,100
2019-06-28 09:37:30.000000000,99978,154,99960,154,100003,254,99953,154,100004,154,99952,154,100005,154,99946,154,100028,154,99944,154,100071,100,99935,100,100073,100,99891,100,100074,200,99874,100,100077,100,99858,100,100079,100,99843,100
2019-06-28 09:37:40.000000000,99978,370,99960,370,100003,200,99953,100,100004,100,99952,100,100005,100,99946,100,100028,100,99944,100,100071,100,99935,100,100073,100,99891,100,100074,200,99874,100,100077,100,99858,100,100079,100,99843,100
2019-06-28 09:37:50.000000000,99978,370,99960,370,100003,200,99953,100,100004,100,99952,100,100005,100,99946,100,100028,100,99944,100,100071,100,99935,100,100073,100,99891,100,100074,200,99874,100,100077,100,99858,100,100079,100,99843,100
2019-06-28 09:37:54.429624164,99978,270,99960,370,100003,200,99953,100,100004,100,99952,100,100005,100,99946,100,100028,100,99935,100,100071,100,99891,100,100073,100,99874,100,100074,200,99858,100,100077,100,99843,100,100079,100,99838,100
2019-06-28 09:38:00.000000000,100003,292,99960,192,100004,189,99953,189,100005,189,99952,189,100028,100,99946,100,100071,100,99935,100,100073,100,99891,100,100074,200,99874,100,100077,100,99858,100,100079,100,99843,100,100095,100,99838,100
2019-06-28 09:38:10.000000000,100003,470,99960,370,100004,100,99953,100,100005,100,99952,100,100028,100,99946,100,100071,100,99935,100,100073,100,99891,100,100074,200,99874,100,100077,100,99858,100,100079,100,99843,100,100095,100,99838,100
2019-06-28 09:38:20.000000000,100003,292,99960,192,100004,189,99953,189,100005,189,99952,189,100028,100,99946,100,100071,100,99935,100,100073,100,99891,100,100074,200,99874,100,100077,100,99858,100,100079,100,99843,100,100095,100,99838,100
2019-06-28 09:38:23.861296103,100003,292,99960,192,100004,189,99953,189,100005,189,99952,189,100028,100,99946,100,100071,100,99935,100,100073,100,99891,100,100074,100,99874,100,100077,100,99858,100,100079,100,99843,100,100095,100,99838,100
2019-06-28 09:38:30.000000000,100003,292,99960,192,100004,189,99953,189,100005,189,99952,189,100028,100,99946,100,100071,100,99935,100,100073,100,99891,100,100074,100,99874,100,100077,100,99858,100,100079,100,99843,100,100095,100,99838,100
2019-06-28 09:38:30.746842231,100003,292,99960,192,100004,189,99953,189,100005,189,99952,189,100028,100,99946,100,100071,100,99935,100,100073,100,99891,100,100074,100,99874,100,100077,100,99858,100,100079,100,99843,100,100095,100,99838,100
2019-06-28 09:38:40.000000000,100003,254,99960,154,100004,154,99953,154,100005,154,99952,154,100028,154,99946,154,100071,154,99935,154,100073,100,99891,100,100074,100,99874,100,100077,100,99858,100,100079,100,99843,100,100095,100,99838,100
2019-06-28 09:38:50.000000000,100003,292,99960,192,100004,189,99953,189,100005,189,99952,189,100028,100,99946,100,100071,100,99935,100,100073,100,99891,100,100074,100,99874,100,100077,100,99858,100,100079,100,99843,100,100095,100,99838,100
2019-06-28 09:38:51.470963594,100003,292,99960,192,100004,189,99953,189,100005,189,99952,189,100028,100,99946,100,100071,100,99891,100,100073,100,99874,100,100074,100,99858,100,100077,100,99843,100,100079,100,99838,100,100095,100,99825,100
2019-06-28 09:38:57.343345859,100003,292,99960,192,100004,189,99953,89,100005,189,99952,189,100028,100,99946,100,100071,100,99891,100,100073,100,99874,100,100074,100,99858,100,100077,100,99843,100,100079,100,99838,100,100095,100,99825,100
2019-06-28 09:39:00.000000000,100003,254,99960,154,100004,154,99952,154,100005,154,99946,154,100028,154,99891,154,100071,154,99874,154,100073,100,99858,100,100074,100,99843,100,100077,100,99838,100,100079,100,99825,100,100095,100,99821,100
2019-06-28 09:39:00.717420629,99989,100,99960,154,100003,254,99952,154,100004,154,99946,154,100005,154,99891,154,100028,154,99874,154,100071,154,99858,100,100073,100,99843,100,100074,100,99838,100,100077,100,99825,100,100079,100,99821,100
2019-06-28 09:39:09.320213823,99989,100,99960,154,100003,254,99952,154,100004,154,99946,154,100005,154,99891,154,100028,154,99874,154,100071,154,99858,100,100073,100,99843,100,100074,100,99838,100,100077,100,99825,100,100079,100,99821,100
2019-06-28 09:39:10.000000000,99989,370,99960,370,100003,200,99952,100,100004,100,99946,100,100005,100,99891,100,100028,100,99874,100,100071,100,99858,100,100073,100,99843,100,100074,100,99838,100,100077,100,99825,100,100079,100,99821,100
2019-06-28 09:39:20.000000000,99989,168,99960,168,100003,268,99952,168,100004,168,99946,168,100005,168,99891,168,100028,100,99874,100,100071,100,99858,100,100073,100,99843,100,100074,100,99838,100,100077,100,99825,100,100079,100,99821,100
2019-06-28 09:39:20.782569663,99989,168,99960,168,100003,268,99952,168,100004,168,99946,168,100005,168,99891,168,100028,100,99874,100,100071,100,99858,100,100074,100,99843,100,100077,100,99838,100,100079,100,99825,100,100105,100,99821,100
2019-06-28 09:39:30.000000000,99989,154,99960,154,100003,254,99952,154,100004,154,99946,154,100005,154,99891,154,100028,154,99874,154,100071,100,99858,100,100074,100,99843,100,100077,100,99838,100,100079,100,99825,100,100105,100,99821,100
2019-06-28 09:39:40.000000000,99989,192,99960,192,100003,289,99952,189,100004,189,99946,189,100005,100,99891,100,100028,100,99874,100,100071,100,99858,100,100074,100,99843,100,100077,100,99838,100,100079,100,99825,100,100105,100,99821,100
2019-06-28 09:39:47.892247704,99989,192,99960,192,100003,289,99952,189,100004,189,99946,189,100005,100,99891,100,100028,100,99874,100,100071,100,99858,100,100074,100,99843,100,100079,100,99838,100,100105,100,99825,100,100107,100,99821,100
2019-06-28 09:39:50.000000000,99989,154,99960,154,100003,254,99952,154,100004,154,99946,154,100005,154,99891,154,100028,154,99874,154,100071,100,99858,100,100074,100,99843,100,100079,100,99838,100,100105,100,99825,100,100107,100,99821,100
2019-06-28 09:39:50.744583735,99989,154,99962,100,100003,254,99960,154,100004,154,99952,154,100005,154,99946,154,100028,154,99891,154,100071,100,99874,154,100074,100,99858,100,100079,100,99843,100,100105,100,99838,100,100107,100,99825,100
2019-06-28 09:39:59.151544357,99989,154,99975,100,100003,254,99962,100,100004,154,99960,154,100005,154,99952,154,100028,154,99946,154,100071,100,99891,154,100074,100,99874,154,100079,100,99858,100,100105,100,99843,100,100107,100,99838,100
2019-06-28 09:40:00.000000000,99989,192,99975,192,100003,289,99962,189,100004,189,99960,189,100005,100,99952,100,100028,100,99946,100,100071,100,99891,100,100074,100,99874,100,100079,100,99858,100,100105,100,99843,100,100107,100,99838,100
2019-06-28 09:40:02.370459567,99989,192,99975,192,100003,189,99962,189,100004,189,99960,189,100005,100,99952,100,100028,100,99946,100,100071,100,99891,100,100074,100,99874,100,100079,100,99858,100,100105,100,99843,100,100107,100,99838,100
2019-06-28 09:40:10.000000000,99989,192,99975,192,100003,189,99962,189,100004,189,99960,189,100005,100,99952,100,100028,100,99946,100,100071,100,99891,100,100074,100,99874,100,100079,100,99858,100,100105,100,99843,100,100107,100,99838,100
2019-06-28 09:40:10.265916884,99989,192,99975,192,100003,189,99962,189,100004,189,99960,189,100005,100,99952,100,100031,100,99946,100,100071,100,99891,100,100074,100,99874,100,100079,100,99858,100,100105,100,99843,100,100107,100,99838,100
2019-06-28 09:40:20.000000000,99989,154,99975,154,100003,154,99962,154,100004,154,99960,154,100005,154,99952,154,100031,154,99946,154,100071,100,99891,100,100074,100,99874,100,100079,100,99858,100,100105,100,99843,100,100107,100,99838,100
2019-06-28 09:40:25.319188981,99989,154,99975,54,100003,154,99962,154,100004,154,99960,154,100005,154,99952,54,100031,154,99946,154,100071,100,99891,100,100074,100,99874,100,100079,100,99858,100,100105,100,99843,100,100107,100,99838,100
2019-06-28 09:40:30.000000000,99989,370,99962,370,100003,100,99960,100,100004,100,99946,100,100005,100,99891,100,100031,100,99874,100,100071,100,99858,100,100074,100,99843,100,100079,100,99838,100,100105,100,99825,100,100107,100,99821,100
2019-06-28 09:40:33.890530757,99989,370,99962,370,100003,100,99960,100,100004,100,99946,100,100005,100,99891,100,100031,100,99874,100,100071,100,99858,100,100074,100,99843,100,100079,100,99838,100,100105,100,99825,100,100107,100,99821,100
2019-06-28 09:40:36.376808547,99989,370,99962,270,100003,100,99960,100,100004,100,99946,100,100005,100,99891,100,100031,100,99874,100,100071,100,99858,100,100074,100,99843,100,100079,100,99838,100,100105,100,99825,100,100113,100,99821,100
2019-06-28 09:40:40.000000000,99989,370,99960,370,100003,100,99946,100,100004,100,99891,100,100005,100,99874,100,100031,100,99858,100,100071,100,99843,100,100074,100,99838,100,100079,100,99825,100,100105,100,99821,100,100113,100,99790,100
2019-06-28 09:40:50.000000000,99989,154,99960,154,100003,154,99946,154,100004,154,99891,154,100005,154,99874,154,100031,154,99858,154,100071,100,99843,100,100074,100,99838,100,100079,100,99825,100,100105,100,99821,100,100113,100,99790,100
2019-06-28 09:40:52.460494993,99989,154,99960,54,100003,154,99946,154,100004,154,99891,154,100005,154,99874,154,100031,154,99858,154,100071,100,99843,100,100074,100,99838,100,100079,100,99825,100,100105,100,99790,100,100113,100,99787,100
2019-06-28 09:41:00.000000000,99989,168,99946,168,100003,168,99891,168,100004,168,99874,168,100005,168,99858,168,100031,100,99843,100,100071,100,99838,100,100074,100,99825,100,100079,100,99790,100,100105,100,99787,100,100113,100,99767,100
2019-06-28 09:41:03.478849168,99962,100,99946,168,99989,168,99891,168,100003,168,99874,168,100004,168,99858,168,100005,168,99843,100,100031,100,99838,100,100071,100,99825,100,100074,100,99790,100,100079,100,99787,100,100105,100,99767,100
2019-06-28 09:41:10.000000000,99962,235,99946,235,99989,235,99891,235,100003,100,99874,100,100004,100,99858,100,100005,100,99843,100,100031,100,99838,100,100071,100,99825,100,100074,100,99790,100,100079,100,99787,100,100105,100,99767,100
2019-06-28 09:41:20.000000000,99962,168,99946,168,99989,168,99891,168,100003,168,99874,168,100004,168,99858,168,100005,100,99843,100,100031,100,99838,100,100071,100,99825,100,100074,100,99790,100,100079,100,99787,100,100105,100,99767,100
2019-06-28 09:41:25.318241979,99962,268,99946,168,99989,168,99891,168,100003,168,99874,168,100004,168,99858,168,100005,100,99843,100,100031,100,99838,100,100071,100,99825,100,100074,100,99790,100,100079,100,99787,100,100105,100,99767,100
2019-06-28 09:41:30.000000000,99962,335,99946,235,99989,235,99891,235,100003,100,99874,100,100004,100,99858,100,100005,100,99843,100,100031,100,99838,100,100071,100,99825,100,100074,100,99790,100,100079,100,99787,100,100105,100,99767,100
2019-06-28 09:41:40.000000000,99962,254,99946,154,99989,154,99891,154,100003,154,99874,154,100004,154,99858,154,100005,154,99843,154,100031,100,99838,100,100071,100,99825,100,100074,100,99790,100,100079,100,99787,100,100105,100,99767,100
2019-06-28 09:41:40.540121805,99962,254,99946,54,99989,154,99891,154,100003,154,99874,154,100004,154,99858,154,100005,154,99843,154,100031,100,99838,100,100071,100,99825,100,100074,100,99790,100,100079,100,99787,100,100105,100,99767,100
2019-06-28 09:41:50.000000000,99962,268,99891,168,99989,168,99874,168,100003,168,99858,168,100004,168,99843,168,100005,100,99838,100,100031,100,99825,100,100071,100,99790,100,100074,100,99787,100,100079,100,99767,100,100105,100,99669,100
2019-06-28 09:42:00.000000000,99962,268,99891,168,99989,168,99874,168,100003,168,99858,168,100004,168,99843,168,100005,100,99838,100,100031,100,99825,100,100071,100,99790,100,100074,100,99787,100,100079,100,99767,100,100105,100,99669,100
2019-06-28 09:42:01.609071981,99962,268,99891,68,99989,68,99874,168,100003,168,99858,168,100004,168,99843,168,100005,100,99838,100,100031,100,99825,100,100071,100,99790,100,100074,100,99787,100,100079,100,99767,100,100105,100,99669,100
2019-06-28 09:42:10.000000000,99962,470,99874,370,100003,100,99858,100,100004,100,99843,100,100005,100,99838,100,100031,100,99825,100,100071,100,99790,100,100074,100,99787,100,100079,100,99767,100,100105,100,99669,100,100113,100,99634,100
2019-06-28 09:42:15.579134534,99962,470,99874,370,100003,100,99858,100,100004,100,99843,100,100005,100,99838,100,100031,100,99825,100,100071,100,99787,100,100074,100,99767,100,100079,100,99669,100,100105,100,99634,100,100113,100,99571,100
2019-06-28 09:42:20.000000000,99962,254,99874,154,100003,154,99858,154,100004,154,99843,154,100005,154,99838,154,100031,154,99825,154,100071,100,99787,100,100074,100,99767,100,100079,100,99669,100,100105,100,99634,100,100113,100,99571,100
2019-06-28 09:42:30.000000000,99962,292,99874,192,100003,189,99858,189,100004,189,99843,189,100005,100,99838,100,100031,100,99825,100,100071,100,99787,100,100074,100,99767,100,100079,100,99669,100,100105,100,99634,100,100113,100,99571,100
2019-06-28 09:42:40.000000000,99962,254,99874,154,100003,154,99858,154,100004,154,99843,154,100005,154,99838,154,100031,154,99825,154,100071,100,99787,100,100074,100,99767,100,100079,100,99669,100,100105,100,99634,100,100113,100,99571,100
2019-06-28 09:42:50.000000000,99962,268,99874,168,100003,168,99858,168,100004,168,99843,168,100005,168,99838,168,100031,100,99825,100,100071,100,99787,100,100074,100,99767,100,100079,100,99669,100,100105,100,99634,100,100113,100,99571,100
2019-06-28 09:43:00.000000000,99962,268,99874,168,100003,168,99858,168,100004,168,99843,168,100005,168,99838,168,100031,100,99825,100,100071,100,99787,100,100074,100,99767,100,100079,100,99669,100,100105,100,99634,100,100113,100,99571,100
2019-06-28 09:43:00.730723298,99962,168,99874,168,100003,168,99858,168,100004,168,99843,168,100005,168,99838,168,100031,100,99825,100,100071,100,99787,100,100074,100,99767,100,100079,100,99669,100,100105,100,99634,100,100113,100,99571,100
2019-06-28 09:43:05.179031108,99962,168,99874,168,100003,168,99858,168,100004,168,99843,168,100005,168,99838,168,100031,100,99825,100,100071,100,99787,100,100074,100,99767,100,100079,100,99669,100,100105,100,99634,100,100113,100,99571,100
2019-06-28 09:43:07.816459772,99962,168,99874,168,100003,168,99858,168,100004,168,99843,168,100005,168,99838,168,100031,100,99825,100,100071,100,99787,100,100074,100,99767,100,100079,100,99669,100,100105,100,99634,100,100113,100,99571,100
2019-06-28 09:43:10.000000000,99962,235,99874,235,100003,235,99858,235,100004,100,99843,100,100005,100,99838,100,100031,100,99825,100,100071,100,99787,100,100074,100,99767,100,100079,100,99669,100,100105,100,99634,100,100113,100,99571,100
2019-06-28 09:43:20.000000000,99962,235,99874,235,100003,235,99858,235,100004,100,99843,100,100005,100,99838,100,100031,100,99825,100,100071,100,99787,100,100074,100,99767,100,100079,100,99669,100,100105,100,99634,100,100113,100,99571,100
2019-06-28 09:43:30.000000000,99962,235,99874,235,100003,235,99858,235,100004,100,99843,100,100005,100,99838,100,100031,100,99825,100,100071,100,99787,100,100074,100,99767,100,100079,100,99669,100,100105,100,99634,100,100113,100,99571,100
2019-06-28 09:43:40.000000000,99962,168,99874,168,100003,168,99858,168,100004,168,99843,168,100005,168,99838,168,100031,100,99825,100,100071,100,99787,100,100074,100,99767,100,100079,100,99669,100,100105,100,99634,100,100113,100,99571,100
2019-06-28 09:43:45.248831437,99962,168,99874,168,100003,168,99858,168,100004,168,99843,168,100005,168,99838,168,100031,100,99825,100,100071,100,99787,100,100074,100,99767,100,100079,100,99669,100,100105,100,99634,100,100113,100,99571,100
2019-06-28 09:43:46.841972106,99962,168,99874,168,100003,168,99858,168,100004,168,99843,168,100005,168,99838,168,100031,100,99825,100,100071,100,99787,100,100074,100,99767,100,100079,100,99669,100,100105,100,99634,100,100113,100,99571,100
2019-06-28 09:43:50.000000000,99962,154,99874,154,100003,154,99858,154,100004,154,99843,154,100005,154,99838,154,100031,154,99825,154,100071,100,99787,100,100074,100,99767,100,100079,100,99669,100,100105,100,99634,100,100113,100,99571,100
2019-06-28 09:44:00.000000000,99962,168,99874,168,100003,168,99858,168,100004,168,99843,168,100005,168,99838,168,100031,100,99825,100,100071,100,99787,100,100074,100,99767,100,100079,100,99669,100,100105,100,99634,100,100113,100,99571,100
2019-06-28 09:44:08.683074658,99962,168,99874,168,100003,168,99858,168,100004,168,99843,168,100005,168,99838,168,100031,100,99825,100,100071,100,99787,100,100074,100,99767,100,100079,100,99669,100,100105,100,99634,100,100113,100,99571,100
2019-06-28 09:44:10.000000000,99962,168,99874,168,100003,168,99858,168,100004,168,99843,168,100005,168,99838,168,100031,100,99825,100,100071,100,99787,100,100074,100,99767,100,100079,100,99669,100,100105,100,99634,100,100113,100,99571,100
2019-06-28 09:44:12.360742496,99962,168,99874,68,100003,168,99858,168,100004,168,99843,168,100005,168,99838,168,100031,100,99825,100,100071,100,99787,100,100074,100,99767,100,100079,100,99669,100,100105,100,99634,100,100113,100,99571,100
2019-06-28 09:44:20.000000000,99962,235,99858,235,100003,235,99843,235,100004,100,99838,100,100005,100,99825,100,100031,100,99787,100,100071,100,99767,100,100074,100,99669,100,100079,100,99634,100,100105,100,99571,100,100113,100,99202,100
2019-06-28 09:44:26.917979809,99962,235,99858,235,100003,235,99843,235,100004,100,99838,100,100005,100,99825,100,100031,100,99787,100,100071,100,99767,100,100074,100,99669,100,100079,100,99634,100,100105,100,99571,100,100113,100,99202,100
2019-06-28 09:44:30.000000000,99962,235,99858,235,100003,235,99843,235,100004,100,99838,100,100005,100,99825,100,100031,100,99787,100,100071,100,99767,100,100074,100,99669,100,100079,100,99634,100,100105,100,99571,100,100113,100,99202,100
2019-06-28 09:44:40.000000000,99962,168,99858,168,100003,168,99843,168,100004,168,99838,168,100005,168,99825,168,100031,100,99787,100,100071,100,99767,100,100074,100,99669,100,100079,100,99634,100,100105,100,99571,100,100113,100,99202,100
2019-06-28 09:44:41.795059042,99962,168,99858,68,100003,168,99843,168,100004,168,99838,168,100005,168,99825,168,100031,100,99787,100,100071,100,99767,100,100074,100,99669,100,100079,100,99634,100,100105,100,99571,100,100113,100,99202,100
2019-06-28 09:44:50.000000000,99962,370,99843,370,100003,100,99838,100,100004,100,99825,100,100005,100,99787,100,100031,100,99767,100,100071,100,99669,100,100074,100,99634,100,100079,100,99571,100,100105,100,99202,100,100113,100,98945,100
2019-06-28 09:45:00.000000000,99962,192,99843,192,100003,189,99838,189,100004,189,99825,189,100005,100,99787,100,100031,100,99767,100,100071,100,99669,100,100074,100,99634,100,100079,100,99571,100,100105,100,99202,100,100113,100,98945,100
2019-06-28 09:45:10.000000000,99962,154,99843,154,100003,154,99838,154,100004,154,99825,154,100005,154,99787,154,100031,154,99767,154,100071,100,99669,100,100074,100,99634,100,100079,100,99571,100,100105,100,99202,100,100113,100,98945,100
2019-06-28 09:45:20.000000000,99962,370,99843,370,100003,100,99838,100,100004,100,99825,100,100005,100,99787,100,100031,100,99767,100,100071,100,99669,100,100074,100,99634,100,100079,100,99571,100,100105,100,99202,100,100113,100,98945,100
2019-06-28 09:45:21.041228099,99962,370,99843,270,100003,100,99838,100,100004,100,99825,100,100005,100,99787,100,100031,100,99767,100,100071,100,99669,100,100074,100,99634,100,100079,100,99571,100,100105,100,99202,100,100113,100,98945,100
2019-06-28 09:45:27.435247903,99962,370,99843,270,100003,100,99825,100,100004,100,99787,100,100005,100,99767,100,100031,100,99669,100,100071,100,99634,100,100074,100,99571,100,100079,100,99202,100,100105,100,99083,100,100113,100,98945,100
2019-06-28 09:45:29.482221628,99962,270,99843,270,100003,100,99825,100,100004,100,99787,100,100005,100,99767,100,100031,100,99669,100,100071,100,99634,100,100074,100,99571,100,100079,100,99202,100,100105,100,99083,100,100113,100,98945,100
2019-06-28 09:45:30.000000000,100003,154,99825,154,100004,154,99787,154,100005,154,99767,154,100031,154,99669,154,100071,154,99634,154,100074,100,99571,100,100079,100,99202,100,100105,100,99083,100,100113,100,98945,100,100150,100,98864,100
2019-06-28 09:45:32.571077218,100003,154,99825,154,100004,154,99787,154,100005,154,99767,154,100031,154,99669,154,100071,154,99634,154,100074,100,99571,100,100079,100,99202,100,100105,100,99163,100,100113,100,99083,100,100150,100,98945,100
2019-06-28 09:45:40.000000000,100003,168,99825,168,100004,168,99787,168,100005,168,99767,168,100031,168,99669,168,100071,100,99634,100,100074,100,99571,100,100079,100,99202,100,100105,100,99163,100,100113,100,99083,100,100150,100,98945,100
2019-06-28 09:45:50.000000000,100003,370,99825,370,100004,100,99787,100,100005,100,99767,100,100031,100,99669,100,100071,100,99634,100,100074,100,99571,100,100079,100,99202,100,100105,100,99163,100,100113,100,99083,100,100150,100,98945,100
2019-06-28 09:45:50.754031930,100003,370,99825,370,100004,100,99787,100,100005,100,99767,100,100031,100,99724,100,100071,100,99669,100,100074,100,99634,100,100079,100,99571,100,100105,100,99202,100,100113,100,99163,100,100150,100,99083,100
2019-06-28 09:46:00.000000000,100003,168,99825,168,100004,168,99787,168,100005,168,99767,168,100031,168,99724,168,100071,100,99669,100,100074,100,99634,100,100079,100,99571,100,100105,100,99202,100,100113,100,99163,100,100150,100,99083,100
2019-06-28 09:46:10.000000000,100003,192,99825,192,100004,189,99787,189,100005,189,99767,189,100031,100,99724,100,100071,100,99669,100,100074,100,99634,100,100079,100,99571,100,100105,100,99202,100,100113,100,99163,100,100150,100,99083,100
2019-06-28 09:46:20.000000000,100003,154,99825,154,100004,154,99787,154,100005,154,99767,154,100031,154,99724,154,100071,154,99669,154,100074,100,99634,100,100079,100,99571,100,100105,100,99202,100,100113,100,99163,100,100150,100,99083,100
2019-06-28 09:46:27.455769513,99858,100,99825,154,100003,154,99787,154,100004,154,99767,154,100005,154,99724,154,100031,154,99669,154,100071,154,99634,100,100074,100,99571,100,100079,100,99202,100,100105,100,99163,100,100113,100,99083,100
2019-06-28 09:46:30.000000000,99858,235,99825,235,100003,235,99787,235,100004,100,99767,100,100005,100,99724,100,100031,100,99669,100,100071,100,99634,100,100074,100,99571,100,100079,100,99202,100,100105,100,99163,100,100113,100,99083,100
2019-06-28 09:46:35.038756829,99858,235,99825,135,100003,235,99787,235,100004,100,99767,100,100005,100,99724,100,100031,100,99669,100,100071,100,99634,100,100074,100,99571,100,100079,100,99202,100,100105,100,99163,100,100113,100,99083,100
2019-06-28 09:46:40.000000000,99858,370,99787,370,100003,100,99767,100,100004,100,99724,100,100005,100,99669,100,100031,100,99634,100,100071,100,99571,100,100074,100,99202,100,100079,100,99163,100,100105,100,99083,100,100113,100,98945,100
2019-06-28 09:46:50.000000000,99858,370,99787,370,100003,100,99767,100,100004,100,99724,100,100005,100,99669,100,100031,100,99634,100,100071,100,99571,100,100074,100,99202,100,100079,100,99163,100,100105,100,99083,100,100113,100,98945,100
2019-06-28 09:46:58.686197857,99858,370,99814,100,100003,100,99787,370,100004,100,99767,100,100005,100,99724,100,100031,100,99669,100,100071,100,99634,100,100074,100,99571,100,100079,100,99202,100,100105,100,99163,100,100113,100,99083,100
2019-06-28 09:47:00.000000000,99858,192,99814,192,100003,189,99787,189,100004,189,99767,189,100005,100,99724,100,100031,100,99669,100,100071,100,99634,100,100074,100,99571,100,100079,100,99202,100,100105,100,99163,100,100113,100,99083,100
2019-06-28 09:47:01.013127555,99858,192,99814,92,100003,189,99787,189,100004,189,99767,189,100005,100,99724,100,100031,100,99669,100,100071,100,99634,100,100074,100,99571,100,100079,100,99202,100,100105,100,99163,100,100113,100,99083,100
2019-06-28 09:47:10.000000000,99858,192,99787,192,100003,189,99767,189,100004,189,99724,189,100005,100,99669,100,100031,100,99634,100,100071,100,99571,100,100074,100,99202,100,100079,100,99163,100,100105,100,99083,100,100113,100,98945,100
2019-06-28 09:47:13.940115229,99858,92,99787,192,100003,189,99767,189,100004,189,99724,189,100005,100,99669,100,100031,100,99634,100,100071,100,99571,100,100074,100,99202,100,100079,100,99163,100,100105,100,99083,100,100113,100,98945,100
2019-06-28 09:47:20.000000000,100003,168,99787,168,100004,168,99767,168,100005,168,99724,168,100031,168,99669,168,100071,100,99634,100,100074,100,99571,100,100079,100,99202,100,100105,100,99163,100,100113,100,99083,100,100150,100,98945,100
2019-06-28 09:47:30.000000000,100003,168,99787,168,100004,168,99767,168,100005,168,99724,168,100031,168,99669,168,100071,100,99634,100,100074,100,99571,100,100079,100,99202,100,100105,100,99163,100,100113,100,99083,100,100150,100,98945,100
2019-06-28 09:47:40.000000000,100003,192,99787,192,100004,189,99767,189,100005,189,99724,189,100031,100,99669,100,100071,100,99634,100,100074,100,99571,100,100079,100,99202,100,100105,100,99163,100,100113,100,99083,100,100150,100,98945,100
2019-06-28 09:47:45.170253376,100003,192,99787,192,100004,189,99767,189,100005,189,99724,189,100031,100,99669,100,100071,100,99634,100,100074,100,99571,100,100079,100,99199,100,100105,100,99163,100,100113,100,99083,100,100150,100,98945,100
2019-06-28 09:47:50.000000000,100003,154,99787,154,100004,154,99767,154,100005,154,99724,154,100031,154,99669,154,100071,154,99634,154,100074,100,99571,100,100079,100,99199,100,100105,100,99163,100,100113,100,99083,100,100150,100,98945,100
2019-06-28 09:48:00.000000000,100003,235,99787,235,100004,235,99767,235,100005,100,99724,100,100031,100,99669,100,100071,100,99634,100,100074,100,99571,100,100079,100,99199,100,100105,100,99163,100,100113,100,99083,100,100150,100,98945,100
2019-06-28 09:48:10.000000000,100003,154,99787,154,100004,154,99767,154,100005,154,99724,154,100031,154,99669,154,100071,154,99634,154,100074,100,99571,100,100079,100,99199,100,100105,100,99163,100,100113,100,99083,100,100150,100,98945,100
2019-06-28 09:48:20.000000000,100003,192,99787,192,100004,189,99767,189,100005,189,99724,189,100031,100,99669,100,100071,100,99634,100,100074,100,99571,100,100079,100,99199,100,100105,100,99163,100,100113,100,99083,100,100150,100,98945,100
2019-06-28 09:48:30.000000000,100003,192,99787,192,100004,189,99767,189,100005,189,99724,189,100031,100,99669,100,100071,100,99634,100,100074,100,99571,100,100079,100,99199,100,100105,100,99163,100,100113,100,99083,100,100150,100,98945,100
2019-06-28 09:48:40.000000000,100003,192,99787,192,100004,189,99767,189,100005,189,99724,189,100031,100,99669,100,100071,100,99634,100,100074,100,99571,100,100079,100,99199,100,100105,100,99163,100,100113,100,99083,100,100150,100,98945,100
2019-06-28 09:48:50.000000000,100003,192,99787,192,100004,189,99767,189,100005,189,99724,189,100031,100,99669,100,100071,100,99634,100,100074,100,99571,100,100079,100,99199,100,100105,100,99163,100,100113,100,99083,100,100150,100,98945,100
2019-06-28 09:49:00.000000000,100003,168,99787,168,100004,168,99767,168,100005,168,99724,168,100031,168,99669,168,100071,100,99634,100,100074,100,99571,100,100079,100,99199,100,100105,100,99163,100,100113,100,99083,100,100150,100,98945,100
2019-06-28 09:49:10.000000000,100003,168,99787,168,100004,168,99767,168,100005,168,99724,168,100031,168,99669,168,100071,100,99634,100,100074,100,99571,100,100079,100,99199,100,100105,100,99163,100,100113,100,99083,100,100150,100,98945,100
2019-06-28 09:49:15.023659174,100003,168,99787,168,100004,168,99767,168,100005,168,99724,168,100031,168,99669,168,100071,100,99634,100,100074,100,99571,100,100079,100,99199,100,100105,100,99163,100,100113,100,99083,100,100150,100,98945,100
2019-06-28 09:49:20.000000000,100003,235,99787,235,100004,235,99767,235,100005,100,99724,100,100031,100,99669,100,100071,100,99634,100,100074,100,99571,100,100079,100,99199,100,100105,100,99163,100,100113,100,99083,100,100150,100,98945,100
2019-06-28 09:49:30.000000000,100003,192,99787,192,100004,189,99767,189,100005,189,99724,189,100031,100,99669,100,100071,100,99634,100,100074,100,99571,100,100079,100,99199,100,100105,100,99163,100,100113,100,99083,100,100150,100,98945,100
2019-06-28 09:49:40.000000000,100003,192,99787,192,100004,189,99767,189,100005,189,99724,189,100031,100,99669,100,100071,100,99634,100,100074,100,99571,100,100079,100,99199,100,100105,100,99163,100,100113,100,99083,100,100150,100,98945,100
2019-06-28 09:49:50.000000000,100003,370,99787,370,100004,100,99767,100,100005,100,99724,100,100031,100,99669,100,100071,100,99634,100,100074,100,99571,100,100079,100,99199,100,100105,100,99163,100,100113,100,99083,100,100150,100,98945,100
2019-06-28 09:50:00.000000000,100003,235,99787,235,100004,235,99767,235,100005,100,99724,100,100031,100,99669,100,100071,100,99634,100,100074,100,99571,100,100079,100,99199,100,100105,100,99163,100,100113,100,99083,100,100150,100,98945,100
2019-06-28 09:50:08.252834887,100003,135,99787,235,100004,235,99767,235,100005,100,99724,100,100031,100,99669,100,100071,100,99634,100,100074,100,99571,100,100079,100,99199,100,100105,100,99163,100,100113,100,99083,100,100150,100,98945,100
2019-06-28 09:50:10.000000000,100004,192,99787,192,100005,189,99767,189,100031,189,99724,189,100071,100,99669,100,100074,100,99634,100,100079,100,99571,100,100105,100,99199,100,100113,100,99163,100,100150,100,99083,100,100213,100,98945,100
2019-06-28 09:50:19.616286502,100004,192,99858,100,100005,89,99787,192,100031,189,99767,189,100071,100,99724,189,100074,100,99669,100,100079,100,99634,100,100105,100,99571,100,100113,100,99199,100,100150,100,99163,100,100213,100,99083,100
2019-06-28 09:50:20.000000000,100004,154,99858,154,100031,154,99787,154,100071,154,99767,154,100074,154,99724,154,100079,154,99669,154,100105,100,99634,100,100113,100,99571,100,100150,100,99199,100,100213,100,99163,100,100256,100,99083,100
2019-06-28 09:50:30.000000000,100004,192,99858,192,100031,189,99787,189,100071,189,99767,189,100074,100,99724,100,100079,100,99669,100,100105,100,99634,100,100113,100,99571,100,100150,100,99199,100,100213,100,99163,100,100256,100,99083,100
2019-06-28 09:50:34.456244165,100004,192,99858,292,100031,189,99787,189,100071,189,99767,189,100074,100,99724,100,100079,100,99669,100,100105,100,99634,100,100113,100,99571,100,100150,100,99199,100,100213,100,99163,100,100256,100,99083,100
2019-06-28 09:50:40.000000000,100004,235,99858,335,100031,235,99787,235,100071,100,99767,100,100074,100,99724,100,100079,100,99669,100,100105,100,99634,100,100113,100,99571,100,100150,100,99199,100,100213,100,99163,100,100256,100,99083,100
2019-06-28 09:50:50.000000000,100004,154,99858,254,100031,154,99787,154,100071,154,99767,154,100074,154,99724,154,100079,154,99669,154,100105,100,99634,100,100113,100,99571,100,100150,100,99199,100,100213,100,99163,100,100256,100,99083,100
2019-06-28 09:51:00.000000000,100004,235,99858,335,100031,235,99787,235,100071,100,99767,100,100074,100,99724,100,100079,100,99669,100,100105,100,99634,100,100113,100,99571,100,100150,100,99199,100,100213,100,99163,100,100256,100,99083,100
2019-06-28 09:51:10.000000000,100004,235,99858,335,100031,235,99787,235,100071,100,99767,100,100074,100,99724,100,100079,100,99669,100,100105,100,99634,100,100113,100,99571,100,100150,100,99199,100,100213,100,99163,100,100256,100,99083,100
2019-06-28 09:51:14.591775952,100004,235,99858,335,100031,235,99787,235,100071,100,99767,100,100074,100,99724,100,100079,100,99669,100,100105,100,99634,100,100113,100,99571,100,100150,100,99199,100,100213,100,99163,100,100256,100,99083,100
2019-06-28 09:51:17.153974075,100004,235,99858,335,100031,235,99787,235,100071,100,99767,100,100074,100,99724,100,100079,100,99669,100,100105,100,99634,100,100113,100,99571,100,100150,100,99199,100,100213,100,99163,100,100256,100,99083,100
2019-06-28 09:51:17.968958822,100004,135,99858,335,100031,235,99787,235,100071,100,99767,100,100074,100,99724,100,100079,100,99669,100,100105,100,99634,100,100113,100,99571,100,100150,100,99199,100,100213,100,99163,100,100256,100,99083,100
2019-06-28 09:51:20.000000000,100031,370,99858,470,100071,100,99787,100,100074,100,99767,100,100079,100,99724,100,100105,100,99669,100,100113,100,99634,100,100150,100,99571,100,100213,100,99199,100,100256,100,99163,100,100365,100,99083,100
2019-06-28 09:51:23.988102166,100031,370,100003,100,100071,100,99858,470,100074,100,99787,100,100079,100,99767,100,100105,100,99724,100,100113,100,99669,100,100150,100,99634,100,100213,100,99571,100,100256,100,99199,100,100365,100,99163,100
2019-06-28 09:51:30.000000000,100031,235,100003,235,100071,235,99858,335,100074,100,99787,100,100079,100,99767,100,100105,100,99724,100,100113,100,99669,100,100150,100,99634,100,100213,100,99571,100,100256,100,99199,100,100365,100,99163,100
2019-06-28 09:51:32.012044455,100031,235,100003,335,100071,235,99858,335,100074,100,99787,100,100079,100,99767,100,100105,100,99724,100,100113,100,99669,100,100150,100,99634,100,100213,100,99571,100,100256,100,99199,100,100365,100,99163,100
2019-06-28 09:51:33.087002021,100031,135,100003,335,100071,235,99858,335,100074,100,99787,100,100079,100,99767,100,100105,100,99724,100,100113,100,99669,100,100150,100,99634,100,100213,100,99571,100,100256,100,99199,100,100365,100,99163,100
2019-06-28 09:51:40.000000000,100071,154,100003,254,100074,154,99858,254,100079,154,99787,154,100105,154,99767,154,100113,154,99724,154,100150,100,99669,100,100213,100,99634,100,100256,100,99571,100,100365,100,99199,100,100694,100,99163,100
2019-06-28 09:51:50.000000000,100071,235,100003,335,100074,235,99858,335,100079,100,99787,100,100105,100,99767,100,100113,100,99724,100,100150,100,99669,100,100213,100,99634,100,100256,100,99571,100,100365,100,99199,100,100694,100,99163,100
2019-06-28 09:51:59.275129318,100071,235,100003,335,100074,235,99858,335,100105,100,99787,100,100113,100,99767,100,100150,100,99724,100,100213,100,99669,100,100256,100,99634,100,100365,100,99571,100,100467,100,99199,100,100694,100,99163,100
2019-06-28 09:52:00.000000000,100071,370,100003,470,100074,100,99858,200,100105,100,99787,100,100113,100,99767,100,100150,100,99724,100,100213,100,99669,100,100256,100,99634,100,100365,100,99571,100,100467,100,99199,100,100694,100,99163,100
2019-06-28 09:52:10.000000000,100071,235,100003,335,100074,235,99858,335,100105,100,99787,100,100113,100,99767,100,100150,100,99724,100,100213,100,99669,100,100256,100,99634,100,100365,100,99571,100,100467,100,99199,100,100694,100,99163,100
2019-06-28 09:52:17.308915832,100071,135,100003,335,100074,235,99858,335,100105,100,99787,100,100113,100,99767,100,100150,100,99724,100,100213,100,99669,100,100256,100,99634,100,100365,100,99571,100,100467,100,99199,100,100694,100,99163,100
2019-06-28 09:52:20.000000000,100074,154,100003,254,100105,154,99858,254,100113,154,99787,154,100150,154,99767,154,100213,154,99724,154,100256,100,99669,100,100365,100,99634,100,100467,100,99571,100,100694,100,99199,100,100806,100,99163,100
2019-06-28 09:52:30.000000000,100074,235,100003,335,100105,235,99858,335,100113,100,99787,100,100150,100,99767,100,100213,100,99724,100,100256,100,99669,100,100365,100,99634,100,100467,100,99571,100,100694,100,99199,100,100806,100,99163,100
2019-06-28 09:52:40.000000000,100074,370,100003,470,100105,100,99858,200,100113,100,99787,100,100150,100,99767,100,100213,100,99724,100,100256,100,99669,100,100365,100,99634,100,100467,100,99571,100,100694,100,99199,100,100806,100,99163,100
2019-06-28 09:52:47.618915334,100074,270,100003,470,100105,100,99858,200,100113,100,99787,100,100150,100,99724,100,100213,100,99669,100,100256,100,99634,100,100365,100,99571,100,100467,100,99199,100,100694,100,99163,100,100806,100,99083,100
2019-06-28 09:52:50.000000000,100105,370,100003,470,100113,100,99858,200,100150,100,99787,100,100213,100,99724,100,100256,100,99669,100,100365,100,99634,100,100467,100,99571,100,100694,100,99199,100,100806,100,99163,100,,,99083,100
2019-06-28 09:53:00.000000000,100105,370,100003,470,100113,100,99858,200,100150,100,99787,100,100213,100,99724,100,100256,100,99669,100,100365,100,99634,100,100467,100,99571,100,100694,100,99199,100,100806,100,99163,100,,,99083,100
2019-06-28 09:53:06.413771701,100105,270,100003,470,100113,100,99858,200,100150,100,99787,100,100213,100,99724,100,100256,100,99669,100,100365,100,99634,100,100467,100,99571,100,100694,100,99199,100,100806,100,99163,100,,,99083,100
2019-06-28 09:53:10.000000000,100113,192,100003,292,100150,189,99858,289,100213,189,99787,189,100256,100,99724,100,100365,100,99669,100,100467,100,99634,100,100694,100,99571,100,100806,100,99199,100,,,99163,100,,,99083,100
2019-06-28 09:53:13.073402402,100113,92,100003,292,100150,189,99858,289,100213,189,99787,189,100256,100,99724,100,100365,100,99669,100,100467,100,99634,100,100694,100,99571,100,100806,100,99199,100,,,99163,100,,,99083,100
2019-06-28 09:53:20.000000000,100150,235,100003,335,100213,235,99858,335,100256,100,99787,100,100365,100,99724,100,100467,100,99669,100,100694,100,99634,100,100806,100,99571,100,,,99199,100,,,99163,100,,,99083,100
2019-06-28 09:53:30.000000000,100150,154,100003,254,100213,154,99858,254,100256,154,99787,154,100365,154,99724,154,100467,154,99669,154,100694,100,99634,100,100806,100,99571,100,,,99199,100,,,99163,100,,,99083,100
2019-06-28 09:53:40.000000000,100150,154,100003,254,100213,154,99858,254,100256,154,99787,154,100365,154,99724,154,100467,154,99669,154,100694,100,99634,100,100806,100,99571,100,,,99199,100,,,99163,100,,,99083,100
2019-06-28 09:53:50.000000000,100150,370,100003,470,100213,100,99858,200,100256,100,99787,100,100365,100,99724,100,100467,100,99669,100,100694,100,99634,100,100806,100,99571,100,,,99199,100,,,99163,100,,,99083,100
2019-06-28 09:53:58.638756980,100150,270,100003,470,100213,100,99858,200,100256,100,99787,100,100365,100,99724,100,100467,100,99669,100,100694,100,99634,100,100806,100,99571,100,,,99199,100,,,99163,100,,,99083,100
2019-06-28 09:54:00.000000000,100213,168,100003,268,100256,168,99858,268,100365,168,99787,168,100467,168,99724,168,100694,100,99669,100,100806,100,99634,100,,,99571,100,,,99199,100,,,99163,100,,,99083,100
2019-06-28 09:54:10.000000000,100213,168,100003,268,100256,168,99858,268,100365,168,99787,168,100467,168,99724,168,100694,100,99669,100,100806,100,99634,100,,,99571,100,,,99199,100,,,99163,100,,,99083,100
2019-06-28 09:54:16.232425385,100213,168,100003,268,100256,168,99858,268,100365,168,99787,168,100467,168,99724,168,100694,100,99669,100,100806,100,99634,100,101227,100,99571,100,,,99199,100,,,99163,100,,,99083,100
2019-06-28 09:54:20.000000000,100213,235,100003,335,100256,235,99858,335,100365,100,99787,100,100467,100,99724,100,100694,100,99669,100,100806,100,99634,100,101227,100,99571,100,,,99199,100,,,99163,100,,,99083,100
2019-06-28 09:54:30.000000000,100213,154,100003,254,100256,154,99858,254,100365,154,99787,154,100467,154,99724,154,100694,154,99669,154,100806,100,99634,100,101227,100,99571,100,,,99199,100,,,99163,100,,,99083,100
2019-06-28 09:54:40.000000000,100213,235,100003,335,100256,235,99858,335,100365,100,99787,100,100467,100,99724,100,100694,100,99669,100,100806,100,99634,100,101227,100,99571,100,,,99199,100,,,99163,100,,,99083,100
2019-06-28 09:54:45.380108808,100213,135,100003,335,100256,235,99858,335,100365,100,99787,100,100467,100,99724,100,100694,100,99669,100,100806,100,99634,100,101227,100,99571,100,,,99199,100,,,99163,100,,,99083,100
2019-06-28 09:54:50.000000000,100256,192,100003,292,100365,189,99858,289,100467,189,99787,189,100694,100,99724,100,100806,100,99669,100,101227,100,99634,100,,,99571,100,,,99199,100,,,99163,100,,,99083,100
2019-06-28 09:54:55.497637164,100256,192,100003,292,100365,189,99858,289,100467,189,99787,189,100694,100,99724,100,100806,100,99669,100,101035,100,99634,100,101227,100,99571,100,,,99163,100,,,99083,100,,,98864,100
2019-06-28 09:55:00.000000000,100256,168,100003,268,100365,168,99858,268,100467,168,99787,168,100694,168,99724,168,100806,100,99669,100,101035,100,99634,100,101227,100,99571,100,,,99163,100,,,99083,100,,,98864,100
2019-06-28 09:55:06.537022249,100256,68,100003,268,100365,168,99858,268,100467,168,99787,168,100694,168,99724,168,100806,100,99669,100,101035,100,99634,100,101227,100,99571,100,,,99163,100,,,99083,100,,,98864,100
2019-06-28 09:55:10.000000000,100365,154,100003,254,100467,154,99858,254,100694,154,99787,154,100806,154,99724,154,101035,154,99669,154,101227,100,99634,100,,,99571,100,,,99163,100,,,99083,100,,,98864,100
2019-06-28 09:55:20.000000000,100365,192,100003,292,100467,189,99858,289,100694,189,99787,189,100806,100,99724,100,101035,100,99669,100,101227,100,99634,100,,,99571,100,,,99163,100,,,99083,100,,,98864,100
2019-06-28 09:55:27.264815426,100365,92,100003,292,100467,189,99858,289,100526,100,99787,189,100694,189,99724,100,100806,100,99669,100,101035,100,99634,100,101227,100,99571,100,,,99163,100,,,99083,100,,,98864,100
2019-06-28 09:55:30.000000000,100467,370,100003,470,100526,100,99858,200,100694,100,99787,100,100806,100,99724,100,101035,100,99669,100,101227,100,99634,100,,,99571,100,,,99163,100,,,99083,100,,,98864,100
2019-06-28 09:55:40.000000000,100467,235,100003,335,100526,235,99858,335,100694,100,99787,100,100806,100,99724,100,101035,100,99669,100,101227,100,99634,100,,,99571,100,,,99163,100,,,99083,100,,,98864,100
2019-06-28 09:55:50.000000000,100467,370,100003,470,100526,100,99858,200,100694,100,99787,100,100806,100,99724,100,101035,100,99669,100,101227,100,99634,100,,,99571,100,,,99163,100,,,99083,100,,,98864,100
2019-06-28 09:55:55.323649283,100467,370,100332,100,100526,100,100003,470,100694,100,99858,200,100806,100,99787,100,101035,100,99724,100,101227,100,99669,100,,,99634,100,,,99571,100,,,99163,100,,,99083,100
2019-06-28 09:56:00.000000000,100467,154,100332,154,100526,154,100003,254,100694,154,99858,254,100806,154,99787,154,101035,154,99724,154,101227,100,99669,100,,,99634,100,,,99571,100,,,99163,100,,,99083,100
2019-06-28 09:56:10.000000000,100467,192,100332,192,100526,189,100003,289,100694,189,99858,289,100806,100,99787,100,101035,100,99724,100,101227,100,99669,100,,,99634,100,,,99571,100,,,99163,100,,,99083,100
2019-06-28 09:56:11.169716836,100467,92,100332,192,100526,189,100003,289,100694,189,99858,289,100806,100,99787,100,101035,100,99724,100,101227,100,99669,100,,,99634,100,,,99571,100,,,99163,100,,,99083,100
2019-06-28 09:56:11.943499752,100467,92,100387,100,100526,189,100332,192,100694,189,100003,289,100806,100,99858,289,101035,100,99787,100,101227,100,99724,100,,,99669,100,,,99634,100,,,99571,100,,,99163,100
2019-06-28 09:56:20.000000000,100526,192,100387,192,100694,189,100332,189,100806,189,100003,289,101035,100,99858,200,101227,100,99787,100,,,99724,100,,,99669,100,,,99634,100,,,99571,100,,,99163,100
2019-06-28 09:56:26.794305772,100526,192,100387,192,100694,189,100333,100,100806,189,100332,189,101035,100,100003,189,101227,100,99858,200,,,99787,100,,,99724,100,,,99669,100,,,99634,100,,,99571,100
2019-06-28 09:56:30.000000000,100526,154,100387,154,100694,154,100333,154,100806,154,100332,154,101035,154,100003,154,101227,154,99858,254,,,99787,100,,,99724,100,,,99669,100,,,99634,100,,,99571,100
2019-06-28 09:56:31.956604427,100526,154,100387,154,100694,154,100333,154,100806,154,100332,154,101035,154,100180,100,101227,154,100003,154,,,99858,254,,,99787,100,,,99724,100,,,99669,100,,,99634,100
2019-06-28 09:56:40.000000000,100526,192,100387,192,100694,189,100333,189,100806,189,100332,189,101035,100,100180,100,101227,100,100003,100,,,99858,200,,,99787,100,,,99724,100,,,99669,100,,,99634,100
2019-06-28 09:56:46.118071226,100466,100,100387,192,100526,192,100333,189,100694,189,100332,189,100806,189,100180,100,101035,100,100003,100,101227,100,99858,200,,,99787,100,,,99724,100,,,99669,100,,,99634,100
2019-06-28 09:56:48.775349352,100526,192,100387,192,100694,189,100333,189,100806,189,100332,189,101035,100,100180,100,101227,100,100003,100,,,99858,200,,,99787,100,,,99724,100,,,99669,100,,,99634,100
2019-06-28 09:56:50.000000000,100526,370,100387,370,100694,100,100333,100,100806,100,100332,100,101035,100,100180,100,101227,100,100003,100,,,99858,200,,,99787,100,,,99724,100,,,99669,100,,,99634,100
2019-06-28 09:56:51.398765845,100526,370,100483,100,100694,100,100387,370,100806,100,100333,100,101035,100,100332,100,101227,100,100180,100,,,100003,100,,,99858,200,,,99787,100,,,99724,100,,,99669,100
2019-06-28 09:57:00.000000000,100526,192,100483,192,100694,189,100387,189,100806,189,100333,189,101035,100,100332,100,101227,100,100180,100,,,100003,100,,,99858,200,,,99787,100,,,99724,100,,,99669,100
2019-06-28 09:57:07.469314471,100526,192,100483,192,100694,189,100387,189,100806,189,100362,100,101035,100,100333,189,101227,100,100332,100,,,100180,100,,,100003,100,,,99858,200,,,99787,100,,,99724,100
2019-06-28 09:57:10.000000000,100526,192,100483,192,100694,189,100387,189,100806,189,100362,189,101035,100,100333,100,101227,100,100332,100,,,100180,100,,,100003,100,,,99858,200,,,99787,100,,,99724,100
2019-06-28 09:57:20.000000000,100526,370,100483,370,100694,100,100387,100,100806,100,100362,100,101035,100,100333,100,101227,100,100332,100,,,100180,100,,,100003,100,,,99858,200,,,99787,100,,,99724,100
2019-06-28 09:57:27.049944979,100526,370,100483,270,100694,100,100387,100,100806,100,100362,100,101035,100,100333,100,101227,100,100332,100,,,100180,100,,,100003,100,,,99858,200,,,99787,100,,,99724,100
2019-06-28 09:57:30.000000000,100526,168,100387,168,100694,168,100362,168,100806,168,100333,168,101035,168,100332,168,101227,100,100180,100,,,100003,100,,,99858,200,,,99787,100,,,99724,100,,,99669,100
2019-06-28 09:57:40.000000000,100526,168,100387,168,100694,168,100362,168,100806,168,100333,168,101035,168,100332,168,101227,100,100180,100,,,100003,100,,,99858,200,,,99787,100,,,99724,100,,,99669,100
2019-06-28 09:57:50.000000000,100526,192,100387,192,100694,189,100362,189,100806,189,100333,189,101035,100,100332,100,101227,100,100180,100,,,100003,100,,,99858,200,,,99787,100,,,99724,100,,,99669,100
2019-06-28 09:58:00.000000000,100526,235,100387,235,100694,235,100362,235,100806,100,100333,100,101035,100,100332,100,101227,100,100180,100,,,100003,100,,,99858,200,,,99787,100,,,99724,100,,,99669,100
2019-06-28 09:58:08.368371390,100526,235,100387,235,100694,235,100362,235,100806,100,100333,100,101035,100,100332,100,101227,100,100180,100,,,100113,100,,,100003,100,,,99858,200,,,99787,100,,,99724,100
2019-06-28 09:58:10.000000000,100526,370,100387,370,100694,100,100362,100,100806,100,100333,100,101035,100,100332,100,101227,100,100180,100,,,100113,100,,,100003,100,,,99858,200,,,99787,100,,,99724,100
2019-06-28 09:58:17.977658964,100526,370,100387,370,100694,100,100362,100,100806,100,100333,100,101035,100,100332,100,101227,100,100180,100,,,100113,100,,,100003,100,,,99858,200,,,99787,100,,,99749,100
2019-06-28 09:58:20.000000000,100526,168,100387,168,100694,168,100362,168,100806,168,100333,168,101035,168,100332,168,101227,100,100180,100,,,100113,100,,,100003,100,,,99858,200,,,99787,100,,,99749,100
2019-06-28 09:58:30.000000000,100526,168,100387,168,100694,168,100362,168,100806,168,100333,168,101035,168,100332,168,101227,100,100180,100,,,100113,100,,,100003,100,,,99858,200,,,99787,100,,,99749,100
2019-06-28 09:58:40.000000000,100526,235,100387,235,100694,235,100362,235,100806,100,100333,100,101035,100,100332,100,101227,100,100180,100,,,100113,100,,,100003,100,,,99858,200,,,99787,100,,,99749,100
2019-06-28 09:58:50.000000000,100526,168,100387,168,100694,168,100362,168,100806,168,100333,168,101035,168,100332,168,101227,100,100180,100,,,100113,100,,,100003,100,,,99858,200,,,99787,100,,,99749,100
2019-06-28 09:59:00.000000000,100526,168,100387,168,100694,168,100362,168,100806,168,100333,168,101035,168,100332,168,101227,100,100180,100,,,100113,100,,,100003,100,,,99858,200,,,99787,100,,,99749,100
2019-06-28 09:59:08.145866028,100526,168,100387,168,100694,168,100362,168,100806,168,100333,168,101035,168,100332,168,101227,100,100180,100,,,100113,100,,,100003,100,,,99858,200,,,99787,100,,,99749,100
2019-06-28 09:59:09.952852576,100526,168,100387,68,100694,168,100362,168,100806,168,100333,168,101035,168,100332,168,101227,100,100180,100,,,100113,100,,,100003,100,,,99858,200,,,99787,100,,,99749,100
2019-06-28 09:59:10.000000000,100526,168,100362,168,100694,168,100333,168,100806,168,100332,168,101035,168,100180,168,101227,100,100113,100,,,100003,100,,,99858,200,,,99787,100,,,99749,100,,,99724,100
2019-06-28 09:59:20.000000000,100526,370,100362,370,100694,100,100333,100,100806,100,100332,100,101035,100,100180,100,101227,100,100113,100,,,100003,100,,,99858,200,,,99787,100,,,99749,100,,,99724,100
2019-06-28 09:59:30.000000000,100526,370,100362,370,100694,100,100333,100,100806,100,100332,100,101035,100,100180,100,101227,100,100113,100,,,100003,100,,,99858,200,,,99787,100,,,99749,100,,,99724,100
2019-06-28 09:59:40.000000000,100526,235,100362,235,100694,235,100333,235,100806,100,100332,100,101035,100,100180,100,101227,100,100113,100,,,100003,100,,,99858,200,,,99787,100,,,99749,100,,,99724,100
2019-06-28 09:59:43.663888178,100526,235,100362,235,100694,235,100333,235,100806,100,100332,100,101035,100,100180,100,101227,100,100113,100,,,100003,100,,,99900,100,,,99858,200,,,99787,100,,,99749,100
2019-06-28 09:59:49.373464282,100526,235,100362,135,100694,235,100333,235,101035,100,100332,100,101227,100,100180,100,,,100113,100,,,100003,100,,,99900,100,,,99858,200,,,99787,100,,,99749,100
2019-06-28 09:59:50.000000000,100526,154,100333,154,100694,154,100332,154,101035,154,100180,154,101227,154,100113,154,101228,54,100003,154,,,99900,100,,,99858,200,,,99787,100,,,99749,100,,,99724,100
2019-06-28 09:59:57.984971122,100387,100,100333,154,100526,154,100332,154,100694,154,100180,154,101035,154,100113,154,101227,154,100003,154,101228,54,99900,100,,,99858,200,,,99787,100,,,99749,100,,,99724,100
2019-06-28 10:00:00.000000000,100387,154,100333,154,100526,154,100332,154,100694,154,100180,154,101035,154,100113,154,101227,154,100003,154,,,99900,100,,,99858,200,,,99787,100,,,99749,100,,,99724,100
2019-06-28 10:00:10.000000000,100387,235,100333,235,100526,235,100332,235,100694,100,100180,100,101035,100,100113,100,101227,100,100003,100,,,99900,100,,,99858,200,,,99787,100,,,99749,100,,,99724,100
2019-06-28 10:00:20.000000000,100387,192,100333,192,100526,189,100332,189,100694,189,100180,189,101035,100,100113,100,101227,100,100003,100,,,99900,100,,,99858,200,,,99787,100,,,99749,100,,,99724,100
2019-06-28 10:00:30.000000000,100387,168,100333,168,100526,168,100332,168,100694,168,100180,168,101035,168,100113,168,101227,100,100003,100,,,99900,100,,,99858,200,,,99787,100,,,99749,100,,,99724,100
2019-06-28 10:00:40.000000000,100387,168,100333,168,100526,168,100332,168,100694,168,100180,168,101035,168,100113,168,101227,100,100003,100,,,99900,100,,,99858,200,,,99787,100,,,99749,100,,,99724,100
2019-06-28 10:00:41.672451236,100387,168,100333,168,100472,100,100332,168,100526,168,100180,168,100694,168,100113,168,101035,168,100003,100,101227,100,99900,100,,,99858,200,,,99787,100,,,99749,100,,,99724,100
2019-06-28 10:00:42.361492930,100387,168,100333,168,100472,100,100332,168,100526,168,100227,100,100694,168,100180,168,101035,168,100113,168,101227,100,100003,100,,,99900,100,,,99858,200,,,99787,100,,,99749,100
2019-06-28 10:00:42.547117989,100387,168,100333,168,100472,100,100332,168,100526,168,100269,100,100694,168,100227,100,101035,168,100180,168,101227,100,100113,168,,,100003,100,,,99900,100,,,99858,200,,,99787,100
2019-06-28 10:00:50.000000000,100387,192,100333,192,100472,189,100332,189,100526,189,100269,189,100694,100,100227,100,101035,100,100180,100,101227,100,100113,100,,,100003,100,,,99900,100,,,99858,200,,,99787,100
2019-06-28 10:01:00.000000000,100387,192,100333,192,100472,189,100332,189,100526,189,100269,189,100694,100,100227,100,101035,100,100180,100,101227,100,100113,100,,,100003,100,,,99900,100,,,99858,200,,,99787,100
2019-06-28 10:01:01.117348603,100387,192,100333,92,100472,189,100332,189,100526,189,100269,189,100694,100,100227,100,101035,100,100180,100,101227,100,100113,100,,,100003,100,,,99900,100,,,99858,200,,,99787,100
2019-06-28 10:01:02.721935999,100333,8,100332,189,100387,192,100269,189,100472,189,100227,100,100526,189,100180,100,100694,100,100113,100,101227,100,100003,100,,,99900,100,,,99858,200,,,99787,100,,,99749,100
2019-06-28 10:01:10.000000000,100333,76,100332,168,100387,168,100269,168,100472,168,100227,168,100526,168,100180,168,100694,100,100113,100,101227,100,100003,100,,,99900,100,,,99858,200,,,99787,100,,,99749,100
2019-06-28 10:01:13.222073250,100333,76,100332,68,100387,168,100269,168,100472,168,100227,168,100526,168,100180,168,100694,100,100113,100,101227,100,100003,100,,,99900,100,,,99858,200,,,99787,100,,,99749,100
2019-06-28 10:01:20.000000000,100333,62,100269,154,100387,154,100227,154,100472,154,100180,154,100526,154,100113,154,100694,154,100003,154,101227,100,99900,100,,,99858,200,,,99787,100,,,99749,100,,,99724,100
2019-06-28 10:01:30.000000000,100333,62,100269,154,100387,154,100227,154,100472,154,100180,154,100526,154,100113,154,100694,154,100003,154,101227,100,99900,100,,,99858,200,,,99787,100,,,99749,100,,,99724,100
2019-06-28 10:01:40.000000000,100333,76,100269,168,100387,168,100227,168,100472,168,100180,168,100526,168,100113,168,100694,100,100003,100,101227,100,99900,100,,,99858,200,,,99787,100,,,99749,100,,,99724,100
2019-06-28 10:01:50.000000000,100333,143,100269,235,100387,235,100227,235,100472,100,100180,100,100526,100,100113,100,100694,100,100003,100,101227,100,99900,100,,,99858,200,,,99787,100,,,99749,100,,,99724,100
2019-06-28 10:02:00.000000000,100333,62,100269,154,100387,154,100227,154,100472,154,100180,154,100526,154,100113,154,100694,154,100003,154,101227,100,99900,100,,,99858,200,,,99787,100,,,99749,100,,,99724,100
2019-06-28 10:02:10.000000000,100333,143,100269,235,100387,235,100227,235,100472,100,100180,100,100526,100,100113,100,100694,100,100003,100,101227,100,99900,100,,,99858,200,,,99787,100,,,99749,100,,,99724,100
2019-06-28 10:02:20.000000000,100333,143,100269,235,100387,235,100227,235,100472,100,100180,100,100526,100,100113,100,100694,100,100003,100,101227,100,99900,100,,,99858,200,,,99787,100,,,99749,100,,,99724,100
2019-06-28 10:02:25.344482195,100333,143,100269,235,100387,235,100227,235,100472,100,100180,100,100526,100,100113,100,100694,100,100003,100,100764,100,99900,100,101227,100,99858,200,,,99787,100,,,99749,100,,,99724,100
2019-06-28 10:02:29.953134079,100333,43,100269,235,100387,235,100227,235,100472,100,100180,100,100526,100,100113,100,100694,100,100003,100,100764,100,99900,100,101227,100,99858,200,,,99787,100,,,99749,100,,,99724,100
2019-06-28 10:02:30.000000000,100387,192,100269,192,100472,189,100227,189,100526,189,100180,189,100694,100,100113,100,100764,100,100003,100,101227,100,99900,100,,,99858,200,,,99787,100,,,99749,100,,,99724,100
2019-06-28 10:02:40.000000000,100387,192,100269,192,100472,189,100227,189,100526,189,100180,189,100694,100,100113,100,100764,100,100003,100,101227,100,99900,100,,,99858,200,,,99787,100,,,99749,100,,,99724,100
2019-06-28 10:02:42.303270193,100387,192,100333,100,100472,189,100269,192,100526,189,100227,189,100694,100,100180,189,100764,100,100113,100,101227,100,100003,100,,,99900,100,,,99858,200,,,99787,100,,,99749,100
2019-06-28 10:02:45.505622433,100387,192,100333,100,100472,189,100269,192,100526,189,100227,189,100694,100,100180,189,100764,100,100113,100,100927,100,100003,100,101227,100,99900,100,,,99858,200,,,99787,100,,,99749,100
2019-06-28 10:02:50.000000000,100387,370,100333,370,100472,100,100269,100,100526,100,100227,100,100694,100,100180,100,100764,100,100113,100,100927,100,100003,100,101227,100,99900,100,,,99858,200,,,99787,100,,,99749,100
2019-06-28 10:03:00.000000000,100387,154,100333,154,100472,154,100269,154,100526,154,100227,154,100694,154,100180,154,100764,154,100113,154,100927,100,100003,100,101227,100,99900,100,,,99858,200,,,99787,100,,,99749,100
2019-06-28 10:03:03.407991488,100387,54,100333,154,100472,154,100269,154,100526,154,100227,154,100694,154,100180,154,100764,154,100113,154,100927,100,100003,100,101227,100,99900,100,,,99858,200,,,99787,100,,,99749,100
2019-06-28 10:03:04.867066684,100472,154,100387,46,100526,154,100333,154,100694,154,100269,154,100764,154,100227,154,100927,100,100180,154,101227,100,100113,154,,,100003,100,,,99900,100,,,99858,200,,,99787,100
2019-06-28 10:03:06.371436364,100472,154,100387,146,100526,154,100333,154,100694,154,100269,154,100764,154,100227,154,100927,100,100180,154,101227,100,100113,154,,,100003,100,,,99900,100,,,99858,200,,,99787,100
2019-06-28 10:03:10.000000000,100472,154,100387,200,100526,154,100333,154,100694,154,100269,154,100764,154,100227,154,100927,154,100180,154,101227,100,100113,100,,,100003,100,,,99900,100,,,99858,200,,,99787,100
2019-06-28 10:03:15.829337489,100472,54,100387,200,100526,154,100333,154,100694,154,100269,154,100764,154,100227,154,100927,154,100180,154,101227,100,100113,100,,,100003,100,,,99900,100,,,99858,200,,,99787,100
2019-06-28 10:03:16.063995678,100472,54,100387,200,100526,154,100333,154,100694,154,100269,154,100764,154,100227,154,100872,100,100180,154,100927,154,100113,100,101227,100,100003,100,,,99900,100,,,99858,200,,,99787,100
2019-06-28 10:03:20.000000000,100526,370,100387,416,100694,100,100333,100,100764,100,100269,100,100872,100,100227,100,100927,100,100180,100,101227,100,100113,100,,,100003,100,,,99900,100,,,99858,200,,,99787,100
2019-06-28 10:03:29.774688387,100526,370,100388,100,100694,100,100387,416,100764,100,100333,100,100872,100,100269,100,100927,100,100227,100,101227,100,100180,100,,,100113,100,,,100003,100,,,99900,100,,,99858,200
2019-06-28 10:03:30.000000000,100526,370,100388,370,100694,100,100387,146,100764,100,100333,100,100872,100,100269,100,100927,100,100227,100,101227,100,100180,100,,,100113,100,,,100003,100,,,99900,100,,,99858,200
2019-06-28 10:03:40.000000000,100526,192,100388,192,100694,189,100387,235,100764,189,100333,189,100872,100,100269,100,100927,100,100227,100,101227,100,100180,100,,,100113,100,,,100003,100,,,99900,100,,,99858,200
2019-06-28 10:03:50.000000000,100526,168,100388,168,100694,168,100387,214,100764,168,100333,168,100872,168,100269,168,100927,100,100227,100,101227,100,100180,100,,,100113,100,,,100003,100,,,99900,100,,,99858,200
2019-06-28 10:03:59.911788722,100526,68,100388,168,100694,168,100387,214,100764,168,100333,168,100872,168,100269,168,100927,100,100227,100,101227,100,100180,100,,,100113,100,,,100003,100,,,99900,100,,,99858,200
2019-06-28 10:04:00.000000000,100694,192,100388,192,100764,189,100387,235,100872,189,100333,189,100927,100,100269,100,101227,100,100227,100,,,100180,100,,,100113,100,,,100003,100,,,99900,100,,,99858,200
2019-06-28 10:04:09.714967622,100694,192,100388,192,100764,189,100387,235,100872,189,100333,189,100927,100,100269,100,101037,100,100227,100,101227,100,100180,100,,,100113,100,,,100003,100,,,99900,100,,,99858,200
2019-06-28 10:04:10.000000000,100694,154,100388,154,100764,154,100387,200,100872,154,100333,154,100927,154,100269,154,101037,154,100227,154,101227,100,100180,100,,,100113,100,,,100003,100,,,99900,100,,,99858,200
2019-06-28 10:04:18.953710437,100694,154,100388,154,100735,100,100387,200,100764,154,100333,154,100872,154,100269,154,100927,154,100227,154,101037,154,100180,100,101227,100,100113,100,,,100003,100,,,99900,100,,,99858,200
2019-06-28 10:04:20.000000000,100694,192,100388,192,100735,189,100387,235,100764,189,100333,189,100872,100,100269,100,100927,100,100227,100,101037,100,100180,100,101227,100,100113,100,,,100003,100,,,99900,100,,,99858,200
2019-06-28 10:04:23.780497838,100694,192,100472,100,100735,189,100388,192,100764,189,100387,235,100872,100,100333,189,100927,100,100269,100,101037,100,100227,100,101227,100,100180,100,,,100113,100,,,100003,100,,,99900,100
2019-06-28 10:04:30.000000000,100694,192,100472,192,100735,189,100388,189,100764,189,100387,235,100872,100,100333,100,100927,100,100269,100,101037,100,100227,100,101227,100,100180,100,,,100113,100,,,100003,100,,,99900,100
2019-06-28 10:04:40.000000000,100694,235,100472,235,100735,235,100388,235,100764,100,100387,146,100872,100,100333,100,100927,100,100269,100,101037,100,100227,100,101227,100,100180,100,,,100113,100,,,100003,100,,,99900,100
2019-06-28 10:04:50.000000000,100694,370,100472,370,100735,100,100388,100,100764,100,100387,146,100872,100,100333,100,100927,100,100269,100,101037,100,100227,100,101227,100,100180,100,,,100113,100,,,100003,100,,,99900,100
2019-06-28 10:04:56.491406431,100694,370,100535,100,100735,100,100472,370,100764,100,100388,100,100872,100,100387,146,100927,100,100333,100,101037,100,100269,100,101227,100,100227,100,,,100180,100,,,100113,100,,,100003,100
2019-06-28 10:04:57.840389913,100694,370,100693,100,100735,100,100535,100,100764,100,100472,370,100872,100,100388,100,100927,100,100387,100,101037,100,100333,100,101227,100,100269,100,,,100227,100,,,100180,100,,,100113,100
2019-06-28 10:04:59.972886796,100694,370,100693,100,100735,100,100535,100,100764,100,100472,470,100872,100,100388,100,100927,100,100387,100,101037,100,100333,100,101227,100,100269,100,,,100227,100,,,100180,100,,,100113,100
2019-06-28 10:05:00.000000000,100694,235,100693,235,100735,235,100535,235,100764,100,100472,200,100872,100,100388,100,100927,100,100387,100,101037,100,100333,100,101227,100,100269,100,,,100227,100,,,100180,100,,,100113,100
2019-06-28 10:05:10.000000000,100694,154,100693,154,100735,154,100535,154,100764,154,100472,254,100872,154,100388,154,100927,154,100387,154,101037,100,100333,100,101227,100,100269,100,,,100227,100,,,100180,100,,,100113,100
2019-06-28 10:05:20.000000000,100694,154,100693,154,100735,154,100535,154,100764,154,100472,254,100872,154,100388,154,100927,154,100387,154,101037,100,100333,100,101227,100,100269,100,,,100227,100,,,100180,100,,,100113,100
2019-06-28 10:05:30.000000000,100694,192,100693,192,100735,189,100535,189,100764,189,100472,289,100872,100,100388,100,100927,100,100387,100,101037,100,100333,100,101227,100,100269,100,,,100227,100,,,100180,100,,,100113,100
2019-06-28 10:05:40.000000000,100694,168,100693,168,100735,168,100535,168,100764,168,100472,268,100872,168,100388,168,100927,100,100387,100,101037,100,100333,100,101227,100,100269,100,,,100227,100,,,100180,100,,,100113,100
2019-06-28 10:05:40.373284281,100694,168,100693,168,100735,168,100535,168,100764,168,100472,368,100872,168,100388,68,100927,100,100387,100,101037,100,100333,100,101227,100,100269,100,,,100227,100,,,100180,100,,,100113,100
2019-06-28 10:05:47.931173225,100694,168,100693,168,100735,168,100535,168,100764,168,100472,368,100872,168,100388,68,100927,100,100387,100,101037,100,100333,100,101129,100,100269,100,101227,100,100227,100,,,100180,100,,,100113,100
2019-06-28 10:05:50.000000000,100694,370,100693,370,100735,100,100535,100,100764,100,100472,300,100872,100,100387,100,100927,100,100333,100,101037,100,100269,100,101129,100,100227,100,101227,100,100180,100,,,100113,100,,,100003,100
2019-06-28 10:06:00.000000000,100694,192,100693,192,100735,189,100535,189,100764,189,100472,389,100872,100,100387,100,100927,100,100333,100,101037,100,100269,100,101129,100,100227,100,101227,100,100180,100,,,100113,100,,,100003,100
2019-06-28 10:06:00.935207385,100694,192,100693,192,100735,189,100535,189,100764,189,100472,489,100872,100,100387,100,100927,100,100333,100,101037,100,100269,100,101129,100,100227,100,101227,100,100180,100,,,100113,100,,,100003,100
2019-06-28 10:06:01.196315479,100694,192,100693,192,100735,189,100535,189,100764,189,100472,489,100872,100,100387,100,100911,100,100333,100,100927,100,100269,100,101037,100,100227,100,101129,100,100180,100,101227,100,100113,100,,,100003,100
2019-06-28 10:06:09.125140305,100694,92,100693,192,100735,189,100535,189,100764,189,100472,489,100872,100,100387,100,100911,100,100333,100,100927,100,100269,100,101037,100,100227,100,101129,100,100180,100,101227,100,100113,100,,,100003,100
2019-06-28 10:06:10.000000000,100735,168,100693,168,100764,168,100535,168,100872,168,100472,468,100911,168,100387,168,100927,100,100333,100,101037,100,100269,100,101129,100,100227,100,101227,100,100180,100,,,100113,100,,,100003,100
2019-06-28 10:06:14.932473457,100735,68,100693,168,100764,168,100535,168,100872,168,100472,468,100911,168,100387,168,100927,100,100333,100,101037,100,100269,100,101129,100,100227,100,101227,100,100180,100,,,100113,100,,,100003,100
2019-06-28 10:06:20.000000000,100764,168,100693,168,100872,168,100535,168,100911,168,100472,468,100927,168,100387,168,101037,100,100333,100,101129,100,100269,100,101227,100,100227,100,,,100180,100,,,100113,100,,,100003,100
2019-06-28 10:06:30.000000000,100764,370,100693,370,100872,100,100535,100,100911,100,100472,400,100927,100,100387,100,101037,100,100333,100,101129,100,100269,100,101227,100,100227,100,,,100180,100,,,100113,100,,,100003,100
2019-06-28 10:06:36.159051422,100764,270,100693,370,100872,100,100535,100,100911,100,100472,400,100927,100,100387,100,101037,100,100333,100,101129,100,100269,100,101227,100,100227,100,,,100180,100,,,100113,100,,,100003,100
2019-06-28 10:06:40.000000000,100872,154,100693,154,100911,154,100535,154,100927,154,100472,454,101037,154,100387,154,101129,154,100333,154,101227,100,100269,100,,,100227,100,,,100180,100,,,100113,100,,,100003,100
2019-06-28 10:06:47.909475845,100872,154,100693,154,100911,154,100535,154,100927,154,100472,454,101037,154,100387,154,101124,100,100333,154,101129,154,100269,100,,,100227,100,,,100180,100,,,100113,100,,,100003,100
2019-06-28 10:06:48.691127377,100872,154,100735,100,100911,154,100693,154,100927,154,100535,154,101037,154,100472,454,101124,100,100387,154,101129,154,100333,154,,,100269,100,,,100227,100,,,100180,100,,,100113,100
2019-06-28 10:06:50.000000000,100872,235,100735,235,100911,235,100693,235,100927,100,100535,100,101037,100,100472,400,101124,100,100387,100,101129,100,100333,100,,,100269,100,,,100227,100,,,100180,100,,,100113,100
2019-06-28 10:06:57.379860390,100872,235,100735,235,100911,235,100693,235,100927,100,100535,100,101037,100,100472,400,101124,100,100387,100,101129,100,100333,100,101299,100,100269,100,,,100180,100,,,100113,100,,,100003,100
2019-06-28 10:07:00.000000000,100872,235,100735,235,100911,235,100693,235,100927,100,100535,100,101037,100,100472,400,101124,100,100387,100,101129,100,100333,100,101299,100,100269,100,,,100180,100,,,100113,100,,,100003,100
2019-06-28 10:07:07.347865120,100872,235,100735,235,100911,235,100693,235,100927,100,100535,100,101037,100,100472,400,101124,100,100387,100,101129,100,100333,100,101299,100,100269,100,,,100180,100,,,100113,100,,,100003,100
2019-06-28 10:07:10.000000000,100872,192,100735,192,100911,189,100693,189,100927,189,100535,189,101037,100,100472,400,101124,100,100387,100,101129,100,100333,100,101299,100,100269,100,,,100180,100,,,100113,100,,,100003,100
2019-06-28 10:07:20.000000000,100872,192,100735,192,100911,189,100693,189,100927,189,100535,189,101037,100,100472,400,101124,100,100387,100,101129,100,100333,100,101299,100,100269,100,,,100180,100,,,100113,100,,,100003,100
2019-06-28 10:07:30.000000000,100872,192,100735,192,100911,189,100693,189,100927,189,100535,189,101037,100,100472,400,101124,100,100387,100,101129,100,100333,100,101299,100,100269,100,,,100180,100,,,100113,100,,,100003,100
2019-06-28 10:07:32.669942207,100736,100,100735,192,100872,192,100693,89,100911,189,100535,189,100927,189,100472,400,101037,100,100387,100,101124,100,100333,100,101129,100,100269,100,101299,100,100180,100,,,100113,100,,,100003,100
2019-06-28 10:07:40.000000000,100736,235,100735,235,100872,235,100535,235,100911,100,100472,400,100927,100,100387,100,101037,100,100333,100,101124,100,100269,100,101129,100,100180,100,101299,100,100113,100,,,100003,100,,,99858,100
2019-06-28 10:07:50.000000000,100736,235,100735,235,100872,235,100535,235,100911,100,100472,400,100927,100,100387,100,101037,100,100333,100,101124,100,100269,100,101129,100,100180,100,101299,100,100113,100,,,100003,100,,,99858,100
2019-06-28 10:07:52.257554729,100736,235,100735,135,100872,235,100535,235,100911,100,100472,400,100927,100,100387,100,101037,100,100333,100,101124,100,100269,100,101129,100,100180,100,101299,100,100113,100,,,100003,100,,,99858,100
2019-06-28 10:07:55.156870890,100736,235,100735,135,100872,235,100535,235,100911,100,100472,400,100927,100,100387,100,100931,100,100333,100,101037,100,100269,100,101124,100,100180,100,101129,100,100113,100,101299,100,100003,100,,,99858,100
2019-06-28 10:08:00.000000000,100736,168,100535,168,100872,168,100472,468,100911,168,100387,168,100927,168,100333,168,100931,100,100269,100,101037,100,100180,100,101124,100,100113,100,101129,100,100003,100,101299,100,99858,100,,,99787,100
2019-06-28 10:08:10.000000000,100736,192,100535,192,100872,189,100472,489,100911,189,100387,189,100927,100,100333,100,100931,100,100269,100,101037,100,100180,100,101124,100,100113,100,101129,100,100003,100,101299,100,99858,100,,,99787,100
2019-06-28 10:08:17.083850146,100736,92,100535,192,100872,189,100472,489,100911,189,100387,189,100927,100,100333,100,100931,100,100269,100,101037,100,100180,100,101124,100,100113,100,101129,100,99858,100,101299,100,99787,100,,,99724,100
2019-06-28 10:08:20.000000000,100872,154,100535,154,100911,154,100472,454,100927,154,100387,154,100931,154,100333,154,101037,154,100269,154,101124,100,100180,100,101129,100,100113,100,101299,100,99858,100,,,99787,100,,,99724,100
2019-06-28 10:08:30.000000000,100872,235,100535,235,100911,235,100472,535,100927,100,100387,100,100931,100,100333,100,101037,100,100269,100,101124,100,100180,100,101129,100,100113,100,101299,100,99858,100,,,99787,100,,,99724,100
2019-06-28 10:08:40.000000000,100872,370,100535,370,100911,100,100472,400,100927,100,100387,100,100931,100,100333,100,101037,100,100269,100,101124,100,100180,100,101129,100,100113,100,101299,100,99858,100,,,99787,100,,,99724,100
2019-06-28 10:08:43.343340488,100872,370,100674,100,100911,100,100535,370,100927,100,100472,400,100931,100,100387,100,101037,100,100333,100,101129,100,100269,100,101299,100,100180,100,,,100113,100,,,99858,100,,,99787,100
2019-06-28 10:08:50.000000000,100872,235,100674,235,100911,235,100535,235,100927,100,100472,400,100931,100,100387,100,101037,100,100333,100,101129,100,100269,100,101299,100,100180,100,,,100113,100,,,99858,100,,,99787,100
2019-06-28 10:09:00.000000000,100872,370,100674,370,100911,100,100535,100,100927,100,100472,400,100931,100,100387,100,101037,100,100333,100,101129,100,100269,100,101299,100,100180,100,,,100113,100,,,99858,100,,,99787,100
2019-06-28 10:09:06.109339404,100841,100,100674,370,100872,370,100535,100,100911,100,100472,400,100927,100,100387,100,100931,100,100333,100,101037,100,100269,100,101129,100,100180,100,101299,100,100113,100,,,99858,100,,,99787,100
2019-06-28 10:09:09.075013895,100825,100,100674,370,100841,100,100535,100,100872,270,100472,400,100911,100,100387,100,100927,100,100333,100,100931,100,100269,100,101037,100,100180,100,101129,100,100113,100,101299,100,99858,100,,,99787,100
2019-06-28 10:09:10.000000000,100825,168,100674,168,100841,168,100535,168,100911,168,100472,468,100927,168,100387,168,100931,100,100333,100,101037,100,100269,100,101129,100,100180,100,101299,100,100113,100,,,99858,100,,,99787,100
2019-06-28 10:09:17.258147148,100825,168,100674,168,100841,168,100535,168,100858,100,100472,468,100911,168,100387,168,100927,168,100333,100,100931,100,100269,100,101037,100,100180,100,101129,100,100113,100,101299,100,99858,100,,,99787,100
2019-06-28 10:09:20.000000000,100825,370,100674,370,100841,100,100535,100,100858,100,100472,400,100911,100,100387,100,100927,100,100333,100,100931,100,100269,100,101037,100,100180,100,101129,100,100113,100,101299,100,99858,100,,,99787,100
2019-06-28 10:09:30.000000000,100825,370,100674,370,100841,100,100535,100,100858,100,100472,400,100911,100,100387,100,100927,100,100333,100,100931,100,100269,100,101037,100,100180,100,101129,100,100113,100,101299,100,99858,100,,,99787,100
2019-06-28 10:09:40.000000000,100825,192,100674,192,100841,189,100535,189,100858,189,100472,489,100911,100,100387,100,100927,100,100333,100,100931,100,100269,100,101037,100,100180,100,101129,100,100113,100,101299,100,99858,100,,,99787,100
2019-06-28 10:09:40.380429499,100825,192,100781,100,100841,189,100674,192,100858,189,100535,189,100911,100,100472,489,100927,100,100387,100,100931,100,100333,100,101037,100,100269,100,101129,100,100180,100,101299,100,100113,100,,,99858,100
2019-06-28 10:09:44.224951921,100825,192,100781,100,100841,189,100674,192,100858,189,100535,189,100911,100,100472,489,100927,100,100387,100,100931,100,100333,100,100949,100,100269,100,101037,100,100180,100,101129,100,100113,100,101299,100,99858,100
2019-06-28 10:09:50.000000000,100825,370,100781,370,100841,100,100674,100,100858,100,100535,100,100911,100,100472,400,100927,100,100387,100,100931,100,100333,100,100949,100,100269,100,101037,100,100180,100,101129,100,100113,100,101299,100,99858,100
2019-06-28 10:10:00.000000000,100825,235,100781,235,100841,235,100674,235,100858,100,100535,100,100911,100,100472,400,100927,100,100387,100,100931,100,100333,100,100949,100,100269,100,101037,100,100180,100,101129,100,100113,100,101299,100,99858,100
2019-06-28 10:10:10.000000000,100825,370,100781,370,100841,100,100674,100,100858,100,100535,100,100911,100,100472,400,100927,100,100387,100,100931,100,100333,100,100949,100,100269,100,101037,100,100180,100,101129,100,100113,100,101299,100,99858,100
2019-06-28 10:10:20.000000000,100825,168,100781,168,100841,168,100674,168,100858,168,100535,168,100911,168,100472,468,100927,100,100387,100,100931,100,100333,100,100949,100,100269,100,101037,100,100180,100,101129,100,100113,100,101299,100,99858,100
2019-06-28 10:10:28.092243083,100825,168,100781,168,100841,168,100736,100,100858,168,100674,168,100911,168,100535,168,100927,100,100472,468,100931,100,100387,100,100949,100,100333,100,101037,100,100269,100,101129,100,100180,100,101299,100,100113,100
