,ask_price_1,ask_size_1,bid_price_1,bid_size_1,ask_price_2,ask_size_2,bid_price_2,bid_size_2,ask_price_3,ask_size_3,bid_price_3,bid_size_3,ask_price_4,ask_size_4,bid_price_4,bid_size_4,ask_price_5,ask_size_5,bid_price_5,bid_size_5,ask_price_6,ask_size_6,bid_price_6,bid_size_6,ask_price_7,ask_size_7,bid_price_7,bid_size_7,ask_price_8,ask_size_8,bid_price_8,bid_size_8,ask_price_9,ask_size_9,bid_price_9,bid_size_9,ask_price_10,ask_size_10,bid_price_10,bid_size_10
2019-06-28 09:30:00.000000000,,,99925,100,,,,,,,,,,,,,,,,,,,,,,,,,,,,,,,,,,,,
2019-06-28 09:30:00.000000001,,,99925,100,,,99886,100,,,,,,,,,,,,,,,,,,,,,,,,,,,,,,,,
2019-06-28 09:30:00.000000002,100018,100,99886,100,,,,,,,,,,,,,,,,,,,,,,,,,,,,,,,,,,,,
2019-06-28 09:30:00.000000005,100018,100,99959,100,,,99886,100,,,,,,,,,,,,,,,,,,,,,,,,,,,,,,,,
2019-06-28 09:30:00.000000006,100018,100,99959,100,100022,100,99886,100,,,,,,,,,,,,,,,,,,,,,,,,,,,,,,,,
2019-06-28 09:30:00.000000008,100018,100,99959,100,100022,100,99886,100,100106,100,99704,100,100121,100,,,,,,,,,,,,,,,,,,,,,,,,,,
2019-06-28 09:30:00.000000009,99994,100,99959,100,100018,100,99886,100,100022,100,99704,100,100106,100,,,100121,100,,,,,,,,,,,,,,,,,,,,,,
2019-06-28 09:30:00.000000010,99994,100,99959,100,100018,100,99905,100,100022,100,99886,100,100106,100,99704,100,100121,100,,,,,,,,,,,,,,,,,,,,,,
2019-06-28 09:30:00.000000011,99994,100,99959,100,100018,100,99907,100,100022,100,99905,100,100106,100,99886,100,100121,100,99704,100,,,,,,,,,,,,,,,,,,,,
2019-06-28 09:30:00.000000013,99994,100,99959,100,100018,100,99911,100,100022,100,99907,100,100106,100,99905,100,100121,100,99886,100,,,99704,100,,,,,,,,,,,,,,,,
2019-06-28 09:30:00.000000015,99994,100,99959,100,100018,100,99911,100,100022,100,99907,100,100043,100,99905,100,100106,100,99886,100,100121,100,99704,100,,,,,,,,,,,,,,,,
2019-06-28 09:30:00.000000016,99994,100,99959,100,100018,100,99911,100,100022,100,99907,100,100043,100,99905,100,100095,100,99886,100,100106,100,99704,100,100121,100,,,,,,,,,,,,,,
2019-06-28 09:30:00.000000018,99994,100,99959,100,100018,100,99952,100,100022,100,99923,100,100043,100,99911,100,100095,100,99907,100,100106,100,99905,100,100121,100,99886,100,,,99704,100,,,,,,,,
2019-06-28 09:30:00.000000019,100018,100,99959,100,100022,100,99952,100,100043,100,99923,100,100095,100,99911,100,100106,100,99907,100,100109,100,99905,100,100121,100,99886,100,,,99704,100,,,,,,,,
2019-06-28 09:30:00.000000021,100018,100,99959,100,100022,100,99952,100,100043,100,99923,100,100095,100,99911,100,100106,100,99907,100,100109,100,99905,100,100121,100,99886,100,,,99704,100,,,,,,,,
2019-06-28 09:30:00.000000023,100018,100,99959,100,100022,100,99952,100,100043,100,99923,100,100071,100,99911,100,100095,100,99907,100,100106,100,99905,100,100109,100,99893,100,100121,100,99886,100,100194,100,99704,100,,,,
2019-06-28 09:30:00.000000024,100018,100,99959,100,100022,100,99952,100,100043,100,99923,100,100071,100,99911,100,100095,100,99907,100,100106,100,99905,100,100109,100,99899,100,100121,100,99893,100,100194,100,99886,100,,,99704,100
2019-06-28 09:30:00.000000025,100018,100,99959,100,100022,100,99952,100,100043,100,99923,100,100071,100,99911,100,100095,100,99910,100,100106,100,99907,100,100109,100,99905,100,100121,100,99899,100,100194,100,99893,100,,,99886,100
2019-06-28 09:30:00.000000027,100018,100,99959,100,100022,100,99952,100,100043,100,99923,100,100060,100,99911,100,100071,100,99910,100,100095,100,99907,100,100106,100,99905,100,100109,100,99899,100,100121,100,99893,100,100194,100,99886,100
2019-06-28 09:30:00.000000031,100018,100,99959,200,100022,100,99952,100,100043,100,99923,100,100060,100,99911,100,100071,100,99910,100,100095,100,99907,100,100106,100,99905,100,100109,100,99899,100,100121,100,99893,100,100194,100,99886,100
2019-06-28 09:30:00.000000033,99994,100,99959,200,100018,100,99952,100,100022,100,99923,100,100043,100,99911,100,100060,100,99910,100,100071,100,99907,100,100095,100,99905,100,100106,100,99899,100,100109,100,99893,100,100121,100,99886,100
2019-06-28 09:30:00.000000037,99994,100,99959,200,100018,100,99952,100,100022,100,99923,100,100043,100,99911,100,100060,100,99910,100,100071,100,99907,100,100095,100,99905,100,100106,100,99899,100,100109,100,99893,100,100121,100,99886,100
2019-06-28 09:30:00.000000038,99994,200,99959,200,100018,100,99952,100,100022,100,99923,100,100043,100,99911,100,100060,100,99910,100,100071,100,99907,100,100095,100,99905,100,100106,100,99899,100,100109,100,99893,100,100121,100,99886,100
2019-06-28 09:30:00.000000039,99994,200,99959,200,100012,100,99952,100,100018,100,99923,100,100022,100,99911,100,100043,100,99910,100,100060,100,99907,100,100071,100,99905,100,100095,100,99899,100,100106,100,99893,100,100109,100,99886,100
2019-06-28 09:30:00.000000040,99987,100,99959,200,99994,200,99952,100,100012,100,99923,100,100018,100,99911,100,100022,100,99910,200,100043,100,99907,100,100060,100,99905,100,100071,100,99899,100,100095,100,99893,100,100106,100,99886,100
2019-06-28 09:30:00.000000041,99987,100,99959,200,99994,200,99952,100,100012,100,99923,100,100018,100,99911,100,100022,100,99910,200,100043,100,99907,100,100060,100,99905,100,100071,100,99899,100,100095,100,99893,100,100098,100,99886,100
2019-06-28 09:30:00.000000042,99987,100,99959,200,99994,200,99952,100,100012,100,99923,100,100018,100,99911,100,100022,100,99910,200,100043,100,99907,100,100048,100,99905,100,100060,100,99899,100,100071,100,99893,100,100095,100,99886,100
2019-06-28 09:30:00.000000044,99987,100,99959,200,99994,200,99952,100,100012,100,99923,100,100018,100,99911,100,100022,100,99910,200,100043,100,99907,100,100048,100,99905,100,100060,100,99899,100,100071,100,99893,100,100080,100,99886,100
2019-06-28 09:30:00.000000048,99987,100,99966,100,99994,200,99959,200,100012,100,99952,100,100018,100,99923,100,100022,100,99911,100,100043,100,99910,200,100048,100,99907,100,100060,100,99905,100,100071,100,99899,100,100080,100,99893,100
2019-06-28 09:30:00.000000049,99994,200,99966,100,100012,100,99959,200,100018,100,99952,100,100022,100,99942,100,100043,100,99923,100,100048,100,99911,100,100060,100,99910,200,100071,100,99907,100,100080,100,99905,100,100095,100,99899,100
2019-06-28 09:30:00.000000051,99987,100,99966,100,99994,200,99959,200,100012,100,99952,100,100018,100,99942,100,100022,100,99923,100,100043,100,99911,100,100048,100,99910,200,100060,100,99907,100,100071,100,99905,100,100080,100,99899,100
2019-06-28 09:30:00.000000052,99987,100,99981,100,99994,200,99966,100,100012,100,99959,200,100018,100,99952,100,100022,100,99942,100,100043,100,99923,100,100048,100,99911,100,100060,100,99910,200,100071,100,99907,100,100080,100,99905,100
2019-06-28 09:30:00.000000053,99987,100,99981,100,99994,200,99966,100,100012,100,99960,100,100018,100,99959,200,100022,100,99952,100,100043,100,99942,100,100048,100,99923,100,100060,100,99911,100,100071,100,99910,200,100080,100,99907,100
2019-06-28 09:30:00.000000054,99987,100,99981,100,99994,200,99966,100,100012,100,99960,100,100015,100,99959,200,100018,100,99952,100,100022,100,99942,100,100043,100,99923,100,100048,100,99911,100,100060,100,99910,200,100071,100,99907,100
2019-06-28 09:30:00.000000058,99987,100,99966,100,99994,200,99960,100,99998,100,99959,200,100012,100,99952,100,100015,100,99942,100,100018,100,99923,100,100022,100,99911,100,100043,100,99910,200,100048,100,99907,100,100060,100,99905,100
2019-06-28 09:30:00.000000060,99987,100,99966,100,99994,200,99960,100,99998,100,99959,200,100012,100,99952,200,100015,100,99942,100,100018,100,99923,100,100022,100,99911,100,100043,100,99910,200,100048,100,99907,100,100060,100,99905,100
2019-06-28 09:30:00.000000064,99987,100,99966,100,99994,200,99960,100,99998,100,99959,200,100009,100,99952,200,100012,100,99942,100,100015,100,99923,100,100018,100,99911,100,100022,100,99910,200,100043,100,99907,100,100048,100,99905,100
2019-06-28 09:30:00.000000065,99987,100,99981,100,99994,200,99966,100,99998,100,99960,100,100009,100,99959,200,100012,100,99952,200,100015,100,99942,100,100018,100,99923,100,100022,100,99911,100,100043,100,99910,200,100048,100,99907,100
2019-06-28 09:30:00.000000071,99987,100,99981,100,99994,200,99966,100,99998,100,99960,100,100009,100,99959,200,100012,100,99952,200,100015,100,99942,100,100018,100,99923,100,100022,100,99911,100,100043,100,99910,200,100048,100,99907,100
2019-06-28 09:30:00.000000075,99987,100,99981,100,99994,200,99966,100,99998,100,99960,100,100009,100,99959,200,100012,100,99952,200,100015,100,99942,100,100018,100,99923,100,100022,100,99911,100,100043,100,99910,200,100048,100,99907,100
2019-06-28 09:30:00.000000079,99987,100,99981,100,99994,200,99966,100,99998,100,99960,100,100009,100,99959,200,100012,100,99952,200,100015,100,99942,100,100018,100,99923,100,100022,100,99911,100,100043,100,99910,200,100048,100,99907,100
2019-06-28 09:30:00.000000080,99987,100,99981,100,99994,200,99976,100,99998,100,99966,100,100009,100,99960,100,100012,100,99959,200,100015,100,99952,200,100018,100,99942,100,100022,100,99923,100,100043,100,99911,100,100048,100,99910,200
2019-06-28 09:30:00.000000081,99987,100,99981,100,99994,200,99976,100,99998,100,99966,100,100009,100,99960,100,100010,100,99959,200,100012,100,99952,200,100015,100,99942,100,100018,100,99923,100,100022,100,99911,100,100043,100,99910,200
2019-06-28 09:30:00.000000085,99987,100,99981,100,99994,200,99976,100,99998,100,99966,100,100009,100,99960,100,100010,100,99959,200,100012,100,99952,200,100015,100,99942,100,100018,100,99923,100,100022,100,99912,100,100043,100,99911,100
2019-06-28 09:30:00.000000086,99994,200,99981,100,99998,100,99976,100,100009,100,99966,100,100010,100,99960,100,100012,100,99959,200,100015,100,99952,200,100018,100,99942,100,100022,100,99923,100,100043,100,99912,100,100048,100,99911,100
2019-06-28 09:30:00.000000088,99994,200,99981,100,99998,100,99976,100,100009,100,99966,100,100010,100,99960,100,100012,100,99959,200,100015,100,99952,200,100018,100,99942,100,100022,100,99923,100,100043,100,99912,100,100048,100,99911,100
2019-06-28 09:30:00.000000090,99994,100,99981,100,99998,100,99976,100,100009,100,99974,100,100010,100,99966,100,100012,100,99960,100,100015,100,99959,200,100018,100,99952,200,100022,100,99942,100,100043,100,99923,100,100048,100,99912,100
2019-06-28 09:30:00.000000095,99994,100,99987,100,99998,100,99981,100,100009,100,99976,100,100010,100,99974,100,100012,100,99966,100,100015,100,99960,100,100018,100,99959,200,100022,100,99952,200,100043,100,99942,100,100048,100,99923,100
2019-06-28 09:30:00.000000096,99994,100,99987,200,99998,100,99981,100,100009,100,99976,100,100010,100,99974,100,100012,100,99966,100,100015,100,99960,100,100018,100,99959,200,100022,100,99952,200,100043,100,99942,100,100048,100,99923,100
2019-06-28 09:30:00.000000099,99994,100,99987,200,99998,100,99981,100,100009,100,99976,100,100010,100,99974,100,100012,100,99966,100,100015,100,99960,100,100018,100,99959,200,100022,100,99952,200,100043,100,99942,100,100048,100,99938,100
2019-06-28 09:30:00.020981875,99994,100,99987,200,99998,100,99981,100,100009,100,99976,100,100010,100,99974,100,100012,100,99966,100,100015,100,99960,100,100018,100,99959,200,100022,100,99952,200,100043,100,99942,100,100048,100,99938,100
2019-06-28 09:30:10.000000000,99994,195,99987,295,99998,195,99981,195,100009,195,99976,195,100010,195,99974,195,100012,100,99966,100,100015,100,99960,100,100018,100,99959,200,100022,100,99952,200,100043,100,99942,100,100048,100,99938,100
2019-06-28 09:30:18.790999037,99994,95,99987,295,99998,195,99981,195,100009,195,99976,195,100010,195,99974,195,100012,100,99966,100,100015,100,99960,100,100018,100,99959,200,100022,100,99952,200,100043,100,99942,100,100048,100,99938,100
2019-06-28 09:30:20.000000000,99998,480,99987,580,100009,100,99981,100,100010,100,99976,100,100012,100,99974,100,100015,100,99966,100,100018,100,99960,100,100022,100,99959,200,100043,100,99952,200,100048,100,99942,100,100053,100,99938,100
2019-06-28 09:30:30.000000000,99998,229,99987,329,100009,225,99981,225,100010,225,99976,225,100012,100,99974,100,100015,100,99966,100,100018,100,99960,100,100022,100,99959,200,100043,100,99952,200,100048,100,99942,100,100053,100,99938,100
2019-06-28 09:30:38.615894586,99998,229,99987,329,100009,225,99981,225,100010,225,99976,125,100012,100,99974,100,100015,100,99966,100,100018,100,99960,100,100022,100,99959,200,100043,100,99952,200,100048,100,99942,100,100053,100,99938,100
2019-06-28 09:30:40.000000000,99998,229,99987,329,100009,225,99981,225,100010,225,99974,225,100012,100,99966,100,100015,100,99960,100,100018,100,99959,200,100022,100,99952,200,100043,100,99942,100,100048,100,99938,100,100053,100,99923,100
2019-06-28 09:30:49.043796747,99998,229,99987,329,100009,125,99981,225,100010,225,99974,225,100012,100,99966,100,100015,100,99960,100,100018,100,99959,200,100022,100,99952,200,100043,100,99942,100,100048,100,99938,100,100053,100,99923,100
2019-06-28 09:30:50.000000000,99998,176,99987,276,100010,176,99981,176,100012,176,99974,176,100015,176,99966,176,100018,176,99960,176,100022,100,99959,200,100043,100,99952,200,100048,100,99942,100,100053,100,99938,100,100060,100,99923,100
2019-06-28 09:31:00.000000000,99998,480,99987,580,100010,100,99981,100,100012,100,99974,100,100015,100,99966,100,100018,100,99960,100,100022,100,99959,200,100043,100,99952,200,100048,100,99942,100,100053,100,99938,100,100060,100,99923,100
2019-06-28 09:31:00.263621781,99998,480,99987,580,100010,100,99981,100,100012,100,99974,100,100015,100,99966,100,100018,100,99960,100,100022,100,99959,200,100043,100,99952,200,100048,100,99942,100,100053,100,99938,100,100060,100,99923,100
2019-06-28 09:31:03.419060620,99998,480,99987,580,100010,100,99981,100,100012,100,99974,100,100015,100,99960,100,100018,100,99959,200,100022,100,99952,200,100043,100,99942,100,100048,100,99938,100,100053,100,99923,100,100060,100,99912,100
2019-06-28 09:31:10.000000000,99998,229,99987,329,100010,225,99981,225,100012,225,99974,225,100015,100,99960,100,100018,100,99959,200,100022,100,99952,200,100043,100,99942,100,100048,100,99938,100,100053,100,99923,100,100060,100,99912,100
2019-06-28 09:31:20.000000000,99998,195,99987,295,100010,195,99981,195,100012,195,99974,195,100015,195,99960,195,100018,100,99959,200,100022,100,99952,200,100043,100,99942,100,100048,100,99938,100,100053,100,99923,100,100060,100,99912,100
2019-06-28 09:31:22.677282329,99998,195,99994,100,100010,195,99987,295,100012,195,99981,195,100015,195,99974,195,100018,100,99960,195,100022,100,99959,200,100043,100,99952,200,100048,100,99942,100,100053,100,99938,100,100060,100,99923,100
2019-06-28 09:31:25.060670873,99998,195,99994,100,100010,195,99987,295,100012,195,99981,195,100015,195,99974,195,100018,100,99960,195,100022,100,99959,200,100043,100,99952,200,100048,100,99942,100,100053,100,99938,100,100060,100,99923,100
2019-06-28 09:31:30.000000000,99998,480,99994,480,100010,100,99987,200,100012,100,99981,100,100015,100,99974,100,100018,100,99960,100,100022,100,99959,200,100043,100,99952,200,100048,100,99942,100,100053,100,99938,100,100060,100,99923,100
2019-06-28 09:31:40.000000000,99998,176,99994,176,100010,176,99987,276,100012,176,99981,176,100015,176,99974,176,100018,176,99960,176,100022,100,99959,200,100043,100,99952,200,100048,100,99942,100,100053,100,99938,100,100060,100,99923,100
2019-06-28 09:31:47.016813302,99998,176,99994,176,100010,176,99987,276,100012,176,99981,176,100015,176,99974,176,100018,176,99960,176,100022,100,99959,200,100043,100,99952,200,100048,100,99942,100,100053,100,99938,100,100060,100,99923,100
2019-06-28 09:31:50.000000000,99998,176,99994,176,100010,176,99987,276,100012,176,99981,176,100015,176,99974,176,100018,176,99960,176,100022,100,99959,200,100043,100,99952,200,100048,100,99942,100,100053,100,99938,100,100060,100,99923,100
2019-06-28 09:32:00.000000000,99998,229,99994,229,100010,225,99987,325,100012,225,99981,225,100015,100,99974,100,100018,100,99960,100,100022,100,99959,200,100043,100,99952,200,100048,100,99942,100,100053,100,99938,100,100060,100,99923,100
2019-06-28 09:32:00.275501953,99998,129,99994,229,100010,225,99987,325,100012,225,99981,225,100015,100,99974,100,100018,100,99960,100,100022,100,99959,200,100043,100,99952,200,100053,100,99942,100,100060,100,99938,100,100071,100,99923,100
2019-06-28 09:32:03.560215093,99998,29,99994,229,100010,225,99987,325,100012,225,99981,225,100015,100,99974,100,100018,100,99960,100,100022,100,99959,200,100043,100,99952,200,100060,100,99942,100,100071,100,99938,100,100080,100,99923,100
2019-06-28 09:32:10.000000000,100010,176,99994,176,100012,176,99987,276,100015,176,99981,176,100018,176,99974,176,100022,176,99960,176,100043,100,99959,200,100060,100,99952,200,100071,100,99942,100,100080,100,99938,100,100085,200,99923,100
2019-06-28 09:32:15.026508773,100010,76,99994,176,100012,76,99987,276,100015,176,99981,176,100018,176,99974,176,100022,176,99960,176,100043,100,99959,200,100060,100,99952,200,100071,100,99942,100,100080,100,99938,100,100085,200,99923,100
2019-06-28 09:32:17.059913879,100010,76,99998,100,100012,76,99994,176,100015,176,99987,276,100018,176,99981,176,100022,176,99974,176,100043,100,99960,176,100060,100,99959,200,100071,100,99952,200,100080,100,99942,100,100085,200,99938,100
2019-06-28 09:32:20.000000000,100015,176,99998,176,100018,176,99994,176,100022,176,99987,276,100043,176,99981,176,100060,176,99974,176,100071,100,99960,100,100080,100,99959,200,100085,200,99952,200,100090,200,99942,100,100095,100,99938,100
2019-06-28 09:32:30.000000000,100015,195,99998,195,100018,195,99994,195,100022,195,99987,295,100043,195,99981,195,100060,100,99974,100,100071,100,99960,100,100080,100,99959,200,100085,200,99952,200,100090,200,99942,100,100095,100,99938,100
2019-06-28 09:32:40.000000000,100015,480,99998,480,100018,100,99994,100,100022,100,99987,200,100043,100,99981,100,100060,100,99974,100,100071,100,99960,100,100080,100,99959,200,100085,200,99952,200,100090,200,99942,100,100095,100,99938,100
2019-06-28 09:32:50.000000000,100015,290,99998,290,100018,290,99994,290,100022,100,99987,200,100043,100,99981,100,100060,100,99974,100,100071,100,99960,100,100080,100,99959,200,100085,200,99952,200,100090,200,99942,100,100095,100,99938,100
2019-06-28 09:33:00.000000000,100015,176,99998,176,100018,176,99994,176,100022,176,99987,276,100043,176,99981,176,100060,176,99974,176,100071,100,99960,100,100080,100,99959,200,100085,200,99952,200,100090,200,99942,100,100095,100,99938,100
2019-06-28 09:33:01.546684846,100015,176,99998,76,100018,176,99994,176,100022,176,99987,276,100043,176,99981,176,100060,176,99974,176,100071,100,99960,100,100080,100,99959,200,100085,200,99952,200,100090,200,99942,100,100095,100,99938,100
2019-06-28 09:33:01.635193509,100015,176,99998,76,100018,176,99994,176,100022,176,99987,276,100043,176,99981,176,100060,176,99974,176,100071,100,99960,100,100080,100,99959,200,100085,200,99952,200,100090,200,99942,100,100095,100,99938,100
2019-06-28 09:33:10.000000000,100015,195,99994,195,100018,195,99987,295,100022,195,99981,195,100043,195,99974,195,100060,100,99960,100,100071,100,99959,200,100080,100,99952,200,100085,200,99942,100,100090,200,99938,100,100095,100,99923,100
2019-06-28 09:33:12.180986860,100015,195,99994,95,100018,195,99987,295,100022,195,99981,195,100043,195,99974,195,100060,100,99960,100,100071,100,99959,200,100080,100,99952,200,100085,200,99942,100,100090,200,99938,100,100095,100,99923,100
2019-06-28 09:33:20.000000000,100015,480,99987,580,100018,100,99981,100,100022,100,99974,100,100043,100,99960,100,100060,100,99959,200,100071,100,99952,200,100080,100,99942,100,100085,200,99938,100,100090,200,99923,100,100095,100,99911,100
2019-06-28 09:33:20.342766521,100015,480,99987,580,100018,100,99981,100,100043,100,99974,100,100060,100,99960,100,100071,100,99959,200,100080,100,99952,200,100085,200,99942,100,100090,200,99938,100,100095,100,99923,100,100098,100,99911,100
2019-06-28 09:33:26.908610143,100015,480,99987,580,100018,100,99974,100,100043,100,99960,100,100060,100,99959,200,100071,100,99952,200,100080,100,99942,100,100085,200,99938,100,100090,200,99923,100,100095,100,99911,100,100098,100,99910,200
2019-06-28 09:33:30.000000000,100015,195,99987,295,100018,195,99974,195,100043,195,99960,195,100060,195,99959,295,100071,100,99952,200,100080,100,99942,100,100085,200,99938,100,100090,200,99923,100,100095,100,99911,100,100098,100,99910,200
2019-06-28 09:33:40.000000000,100015,480,99987,580,100018,100,99974,100,100043,100,99960,100,100060,100,99959,200,100071,100,99952,200,100080,100,99942,100,100085,200,99938,100,100090,200,99923,100,100095,100,99911,100,100098,100,99910,200
2019-06-28 09:33:49.736404079,100015,480,99987,480,100018,100,99974,100,100043,100,99960,100,100060,100,99959,200,100071,100,99952,200,100080,100,99942,100,100085,200,99938,100,100090,200,99923,100,100095,100,99911,100,100098,100,99910,200
2019-06-28 09:33:50.000000000,100015,195,99987,195,100018,195,99974,195,100043,195,99960,195,100060,195,99959,295,100071,100,99952,200,100080,100,99942,100,100085,200,99938,100,100090,200,99923,100,100095,100,99911,100,100098,100,99910,200
2019-06-28 09:33:50.901401708,100015,195,99987,195,100018,195,99974,195,100043,195,99960,195,100060,195,99959,295,100071,100,99952,200,100080,100,99942,100,100085,200,99938,100,100090,200,99923,100,100098,100,99911,100,100103,100,99910,200
2019-06-28 09:33:53.379828101,100015,195,99987,195,100018,195,99974,195,100043,195,99960,195,100060,195,99959,295,100071,100,99952,200,100080,100,99942,100,100085,200,99938,100,100090,200,99923,100,100098,100,99911,100,100103,100,99910,200
2019-06-28 09:33:56.042902929,100015,195,99987,195,100018,195,99974,195,100043,195,99960,195,100060,195,99959,295,100071,100,99952,200,100080,100,99942,100,100085,200,99938,100,100090,200,99923,100,100098,100,99911,100,100103,100,99910,200
2019-06-28 09:33:56.731151253,100015,195,99987,95,100018,195,99974,195,100043,195,99960,195,100060,195,99959,295,100071,100,99952,200,100080,100,99942,100,100085,200,99938,100,100090,200,99923,100,100098,100,99911,100,100103,100,99910,200
2019-06-28 09:33:59.766406817,99994,100,99987,95,100015,195,99974,195,100018,195,99960,195,100043,195,99959,195,100060,195,99952,200,100071,100,99942,100,100080,100,99938,100,100085,200,99923,100,100090,200,99911,100,100098,100,99910,200
2019-06-28 09:34:00.000000000,99994,480,99974,480,100015,100,99960,100,100018,100,99959,100,100043,100,99952,200,100060,100,99942,100,100071,100,99938,100,100080,100,99923,100,100085,200,99911,100,100090,200,99910,200,100098,100,99907,100
2019-06-28 09:34:04.830376366,99994,480,99974,480,100015,100,99960,100,100018,100,99959,100,100043,100,99952,200,100060,100,99942,100,100071,100,99938,100,100080,100,99923,100,100085,200,99911,100,100090,200,99910,200,100098,100,99907,100
2019-06-28 09:34:10.000000000,99994,176,99974,176,100015,176,99960,176,100018,176,99959,176,100043,176,99952,276,100060,176,99942,176,100071,100,99938,100,100080,100,99923,100,100085,200,99911,100,100090,200,99910,200,100098,100,99907,100
2019-06-28 09:34:19.027591038,99994,276,99974,176,100015,176,99960,176,100018,176,99959,176,100043,176,99952,276,100060,176,99942,176,100071,100,99938,100,100080,100,99923,100,100085,200,99911,100,100090,200,99910,200,100098,100,99907,100
2019-06-28 09:34:20.000000000,99994,390,99974,290,100015,290,99960,290,100018,100,99959,100,100043,100,99952,200,100060,100,99942,100,100071,100,99938,100,100080,100,99923,100,100085,200,99911,100,100090,200,99910,200,100098,100,99907,100
2019-06-28 09:34:30.000000000,99994,580,99974,480,100015,100,99960,100,100018,100,99959,100,100043,100,99952,200,100060,100,99942,100,100071,100,99938,100,100080,100,99923,100,100085,200,99911,100,100090,200,99910,200,100098,100,99907,100
2019-06-28 09:34:36.492476777,99994,580,99974,480,100015,100,99960,100,100018,100,99959,100,100043,100,99952,200,100060,100,99942,100,100071,100,99938,100,100080,100,99923,100,100085,200,99911,100,100090,100,99910,200,100098,100,99907,100
2019-06-28 09:34:36.848405835,99994,680,99974,480,100015,100,99960,100,100043,100,99959,100,100060,100,99952,200,100071,100,99942,100,100080,100,99938,100,100085,200,99923,100,100090,100,99911,100,100098,100,99910,200,100103,100,99907,100
2019-06-28 09:34:40.000000000,99994,429,99974,229,100015,225,99960,225,100043,225,99959,225,100060,100,99952,200,100071,100,99942,100,100080,100,99938,100,100085,200,99923,100,100090,100,99911,100,100098,100,99910,200,100103,100,99907,100
2019-06-28 09:34:47.179549169,99994,429,99974,229,100015,225,99960,225,100043,225,99959,225,100060,100,99952,200,100071,100,99942,100,100080,100,99938,100,100085,200,99923,100,100090,100,99911,100,100098,100,99910,200,100103,100,99907,100
2019-06-28 09:34:50.000000000,99994,395,99974,195,100015,195,99960,195,100043,195,99959,195,100060,195,99952,295,100071,100,99942,100,100080,100,99938,100,100085,200,99923,100,100090,100,99911,100,100098,100,99910,200,100103,100,99907,100
2019-06-28 09:35:00.000000000,99994,490,99974,290,100015,290,99960,290,100043,100,99959,100,100060,100,99952,200,100071,100,99942,100,100080,100,99938,100,100085,200,99923,100,100090,100,99911,100,100098,100,99910,200,100103,100,99907,100
2019-06-28 09:35:10.000000000,99994,490,99974,290,100015,290,99960,290,100043,100,99959,100,100060,100,99952,200,100071,100,99942,100,100080,100,99938,100,100085,200,99923,100,100090,100,99911,100,100098,100,99910,200,100103,100,99907,100
2019-06-28 09:35:20.000000000,99994,395,99974,195,100015,195,99960,195,100043,195,99959,195,100060,195,99952,295,100071,100,99942,100,100080,100,99938,100,100085,200,99923,100,100090,100,99911,100,100098,100,99910,200,100103,100,99907,100
2019-06-28 09:35:30.000000000,99994,490,99974,290,100015,290,99960,290,100043,100,99959,100,100060,100,99952,200,100071,100,99942,100,100080,100,99938,100,100085,200,99923,100,100090,100,99911,100,100098,100,99910,200,100103,100,99907,100
2019-06-28 09:35:40.000000000,99994,395,99974,195,100015,195,99960,195,100043,195,99959,195,100060,195,99952,295,100071,100,99942,100,100080,100,99938,100,100085,200,99923,100,100090,100,99911,100,100098,100,99910,200,100103,100,99907,100
2019-06-28 09:35:44.612411118,99994,295,99974,195,100015,195,99960,195,100043,195,99959,195,100060,195,99952,295,100071,100,99942,100,100080,100,99938,100,100085,200,99923,100,100090,100,99911,100,100098,100,99910,200,100103,100,99907,100
2019-06-28 09:35:50.000000000,99994,276,99974,176,100015,176,99960,176,100043,176,99959,176,100060,176,99952,276,100071,176,99942,176,100080,100,99938,100,100085,200,99923,100,100090,100,99911,100,100098,100,99910,200,100103,100,99907,100
2019-06-28 09:35:50.815183441,99994,176,99974,176,100015,176,99960,176,100043,176,99959,176,100060,176,99952,276,100071,176,99942,176,100080,100,99938,100,100085,200,99923,100,100090,100,99911,100,100098,100,99910,200,100103,100,99907,100
2019-06-28 09:36:00.000000000,99994,176,99974,176,100015,176,99960,176,100043,176,99959,176,100060,176,99952,276,100071,176,99942,176,100080,100,99938,100,100085,200,99923,100,100090,100,99911,100,100098,100,99910,200,100103,100,99907,100
2019-06-28 09:36:10.000000000,99994,176,99974,176,100015,176,99960,176,100043,176,99959,176,100060,176,99952,276,100071,176,99942,176,100080,100,99938,100,100085,200,99923,100,100090,100,99911,100,100098,100,99910,200,100103,100,99907,100
2019-06-28 09:36:20.000000000,99994,290,99974,290,100015,290,99960,290,100043,100,99959,100,100060,100,99952,200,100071,100,99942,100,100080,100,99938,100,100085,200,99923,100,100090,100,99911,100,100098,100,99910,200,100103,100,99907,100
2019-06-28 09:36:20.965266485,99993,100,99974,290,99994,290,99960,290,100015,290,99952,200,100043,100,99942,100,100060,100,99938,100,100071,100,99923,100,100080,100,99911,100,100085,200,99910,200,100090,100,99907,100,100098,100,99905,100
2019-06-28 09:36:29.045466774,99993,100,99974,190,99994,290,99960,290,100015,290,99952,200,100043,100,99942,100,100060,100,99938,100,100071,100,99923,100,100080,100,99911,100,100085,200,99910,200,100090,100,99907,100,100098,100,99905,100
2019-06-28 09:36:30.000000000,99993,480,99960,480,99994,100,99952,200,100015,100,99942,100,100043,100,99938,100,100060,100,99923,100,100071,100,99911,100,100080,100,99910,200,100085,200,99907,100,100090,100,99905,100,100098,100,99893,100
2019-06-28 09:36:40.000000000,99993,229,99960,229,99994,225,99952,325,100015,225,99942,225,100043,100,99938,100,100060,100,99923,100,100071,100,99911,100,100080,100,99910,200,100085,200,99907,100,100090,100,99905,100,100098,100,99893,100
2019-06-28 09:36:45.412556869,99993,229,99960,229,99994,225,99952,325,100015,225,99942,225,100043,100,99938,100,100060,100,99923,100,100071,100,99911,100,100080,100,99910,200,100085,200,99907,100,100090,100,99905,100,100098,100,99893,100
2019-06-28 09:36:50.000000000,99993,229,99960,229,99994,225,99952,325,100015,225,99942,225,100043,100,99938,100,100060,100,99923,100,100071,100,99911,100,100080,100,99910,200,100085,200,99907,100,100090,100,99905,100,100098,100,99893,100
2019-06-28 09:37:00.000000000,99993,176,99960,176,99994,176,99952,276,100015,176,99942,176,100043,176,99938,176,100060,176,99923,176,100071,100,99911,100,100080,100,99910,200,100085,200,99907,100,100090,100,99905,100,100098,100,99893,100
2019-06-28 09:37:10.000000000,99993,480,99960,480,99994,100,99952,200,100015,100,99942,100,100043,100,99938,100,100060,100,99923,100,100071,100,99911,100,100080,100,99910,200,100085,200,99907,100,100090,100,99905,100,100098,100,99893,100
2019-06-28 09:37:20.000000000,99993,229,99960,229,99994,225,99952,325,100015,225,99942,225,100043,100,99938,100,100060,100,99923,100,100071,100,99911,100,100080,100,99910,200,100085,200,99907,100,100090,100,99905,100,100098,100,99893,100
2019-06-28 09:37:30.000000000,99993,290,99960,290,99994,290,99952,390,100015,100,99942,100,100043,100,99938,100,100060,100,99923,100,100071,100,99911,100,100080,100,99910,200,100085,200,99907,100,100090,100,99905,100,100098,100,99893,100
2019-06-28 09:37:32.574011913,99993,190,99960,290,99994,290,99952,390,100015,100,99942,100,100043,100,99938,100,100060,100,99923,100,100071,100,99911,100,100080,100,99910,200,100085,200,99907,100,100090,100,99905,100,100098,100,99893,100
2019-06-28 09:37:38.958281363,99993,190,99960,290,99994,290,99952,390,100015,100,99942,100,100043,100,99938,100,100060,100,99923,100,100071,100,99911,100,100080,100,99910,200,100085,200,99907,100,100090,100,99905,100,100098,100,99886,100
2019-06-28 09:37:39.088739176,99993,90,99960,290,99994,290,99952,390,100015,100,99942,100,100043,100,99938,100,100060,100,99923,100,100071,100,99911,100,100080,100,99910,200,100085,200,99907,100,100090,100,99905,100,100098,100,99886,100
2019-06-28 09:37:40.000000000,99994,195,99960,195,100015,195,99952,295,100043,195,99942,195,100060,195,99938,195,100071,100,99923,100,100080,100,99911,100,100085,200,99910,200,100090,100,99907,100,100098,100,99905,100,100103,100,99886,100
2019-06-28 09:37:50.000000000,99994,229,99960,229,100015,225,99952,325,100043,225,99942,225,100060,100,99938,100,100071,100,99923,100,100080,100,99911,100,100085,200,99910,200,100090,100,99907,100,100098,100,99905,100,100103,100,99886,100
2019-06-28 09:37:52.082708952,99994,229,99993,100,100015,225,99960,229,100043,225,99952,325,100060,100,99942,225,100071,100,99938,100,100080,100,99923,100,100085,200,99911,100,100090,100,99910,200,100098,100,99907,100,100103,100,99905,100
2019-06-28 09:37:58.353124195,99994,229,99993,100,100015,225,99960,229,100043,225,99952,325,100060,100,99942,225,100071,100,99938,100,100080,100,99923,100,100085,200,99911,100,100090,100,99910,200,100098,100,99907,100,100103,100,99905,100
2019-06-28 09:38:00.000000000,99994,480,99993,480,100015,100,99960,100,100043,100,99952,200,100060,100,99942,100,100071,100,99938,100,100080,100,99923,100,100085,200,99911,100,100090,100,99910,200,100098,100,99907,100,100103,100,99905,100
2019-06-28 09:38:05.272003783,99994,480,99993,480,100015,100,99960,100,100043,100,99952,200,100060,100,99942,100,100071,100,99938,100,100080,100,99923,100,100085,100,99911,100,100090,100,99910,200,100098,100,99907,100,100103,100,99905,100
2019-06-28 09:38:10.000000000,99994,229,99993,229,100015,225,99960,225,100043,225,99952,325,100060,100,99942,100,100071,100,99938,100,100080,100,99923,100,100085,100,99911,100,100090,100,99910,200,100098,100,99907,100,100103,100,99905,100
2019-06-28 09:38:13.684315025,99994,229,99993,329,100015,225,99960,225,100043,225,99952,325,100060,100,99942,100,100071,100,99938,100,100080,100,99923,100,100085,100,99911,100,100090,100,99910,200,100098,100,99907,100,100103,100,99905,100
2019-06-28 09:38:14.794778503,99994,129,99993,329,100015,225,99960,225,100043,225,99952,325,100060,100,99942,100,100071,100,99938,100,100080,100,99923,100,100085,100,99911,100,100090,100,99910,200,100098,100,99907,100,100103,100,99905,100
2019-06-28 09:38:20.000000000,100015,229,99993,329,100043,225,99960,225,100060,225,99952,325,100071,100,99942,100,100080,100,99938,100,100085,100,99923,100,100090,100,99911,100,100098,100,99910,200,100103,100,99907,100,100106,100,99905,100
2019-06-28 09:38:30.000000000,100015,195,99993,295,100043,195,99960,195,100060,195,99952,295,100071,195,99942,195,100080,100,99938,100,100085,100,99923,100,100090,100,99911,100,100098,100,99910,200,100103,100,99907,100,100106,100,99905,100
2019-06-28 09:38:33.002646234,100015,195,99993,295,100043,195,99960,195,100060,195,99952,295,100071,195,99942,195,100080,100,99938,100,100085,100,99923,100,100090,100,99911,100,100098,100,99910,200,100103,100,99907,100,100106,100,99905,100
2019-06-28 09:38:34.082974763,100015,195,99993,295,100043,195,99960,195,100060,195,99952,295,100071,195,99942,195,100080,100,99938,100,100085,100,99923,100,100098,100,99911,100,100103,100,99910,200,100106,100,99907,100,100109,100,99905,100
2019-06-28 09:38:40.000000000,100015,480,99993,580,100043,100,99960,100,100060,100,99952,200,100071,100,99942,100,100080,100,99938,100,100085,100,99923,100,100098,100,99911,100,100103,100,99910,200,100106,100,99907,100,100109,100,99905,100
2019-06-28 09:38:49.574007036,100015,480,99993,580,100043,100,99960,100,100060,100,99952,200,100071,100,99942,100,100085,100,99938,100,100098,100,99923,100,100103,100,99911,100,100106,100,99910,200,100109,100,99907,100,100121,100,99905,100
2019-06-28 09:38:50.000000000,100015,195,99993,295,100043,195,99960,195,100060,195,99952,295,100071,195,99942,195,100085,100,99938,100,100098,100,99923,100,100103,100,99911,100,100106,100,99910,200,100109,100,99907,100,100121,100,99905,100
2019-06-28 09:39:00.000000000,100015,290,99993,390,100043,290,99960,290,100060,100,99952,200,100071,100,99942,100,100085,100,99938,100,100098,100,99923,100,100103,100,99911,100,100106,100,99910,200,100109,100,99907,100,100121,100,99905,100
2019-06-28 09:39:10.000000000,100015,176,99993,276,100043,176,99960,176,100060,176,99952,276,100071,176,99942,176,100085,176,99938,176,100098,100,99923,100,100103,100,99911,100,100106,100,99910,200,100109,100,99907,100,100121,100,99905,100
2019-06-28 09:39:19.912221597,100015,176,99993,276,100043,176,99960,176,100060,176,99952,276,100071,176,99942,176,100085,176,99938,176,100098,100,99923,100,100103,100,99911,100,100106,100,99910,200,100109,100,99907,100,100121,100,99905,100
2019-06-28 09:39:20.000000000,100015,480,99993,580,100043,100,99960,100,100060,100,99952,200,100071,100,99942,100,100085,100,99938,100,100098,100,99923,100,100103,100,99911,100,100106,100,99910,200,100109,100,99907,100,100121,100,99905,100
2019-06-28 09:39:30.000000000,100015,480,99993,580,100043,100,99960,100,100060,100,99952,200,100071,100,99942,100,100085,100,99938,100,100098,100,99923,100,100103,100,99911,100,100106,100,99910,200,100109,100,99907,100,100121,100,99905,100
2019-06-28 09:39:40.000000000,100015,480,99993,580,100043,100,99960,100,100060,100,99952,200,100071,100,99942,100,100085,100,99938,100,100098,100,99923,100,100103,100,99911,100,100106,100,99910,200,100109,100,99907,100,100121,100,99905,100
2019-06-28 09:39:47.884926051,100015,480,99993,680,100043,100,99960,100,100060,100,99952,200,100071,100,99942,100,100085,100,99938,100,100098,100,99923,100,100103,100,99911,100,100106,100,99910,200,100109,100,99907,100,100121,100,99905,100
2019-06-28 09:39:50.000000000,100015,290,99993,490,100043,290,99960,290,100060,100,99952,200,100071,100,99942,100,100085,100,99938,100,100098,100,99923,100,100103,100,99911,100,100106,100,99910,200,100109,100,99907,100,100121,100,99905,100
2019-06-28 09:39:51.072158264,100015,290,99993,590,100043,290,99960,290,100060,100,99952,200,100071,100,99942,100,100085,100,99938,100,100098,100,99923,100,100103,100,99911,100,100106,100,99910,200,100109,100,99907,100,100121,100,99905,100
2019-06-28 09:40:00.000000000,100015,290,99993,590,100043,290,99960,290,100060,100,99952,200,100071,100,99942,100,100085,100,99938,100,100098,100,99923,100,100103,100,99911,100,100106,100,99910,200,100109,100,99907,100,100121,100,99905,100
2019-06-28 09:40:04.767248075,100015,190,99993,590,100043,290,99960,290,100060,100,99952,200,100071,100,99938,100,100085,100,99923,100,100098,100,99911,100,100103,100,99910,200,100106,100,99907,100,100109,100,99905,100,100121,100,99886,100
2019-06-28 09:40:10.000000000,100043,195,99993,495,100060,195,99960,195,100071,195,99952,295,100085,195,99938,195,100098,100,99923,100,100103,100,99911,100,100106,100,99910,200,100109,100,99907,100,100121,100,99905,100,100194,100,99886,100
2019-06-28 09:40:20.000000000,100043,229,99993,529,100060,225,99960,225,100071,225,99952,325,100085,100,99938,100,100098,100,99923,100,100103,100,99911,100,100106,100,99910,200,100109,100,99907,100,100121,100,99905,100,100194,100,99886,100
2019-06-28 09:40:23.792704272,100043,229,99994,100,100060,225,99993,529,100071,225,99960,225,100085,100,99952,325,100098,100,99938,100,100103,100,99923,100,100106,100,99910,200,100109,100,99907,100,100121,100,99905,100,100194,100,99886,100
2019-06-28 09:40:28.630681433,100043,229,99994,100,100060,225,99993,529,100071,225,99960,225,100085,100,99952,325,100098,100,99938,100,100103,100,99923,100,100109,100,99910,200,100121,100,99907,100,100194,100,99905,100,100338,100,99886,100
2019-06-28 09:40:30.000000000,100043,480,99994,480,100060,100,99993,400,100071,100,99960,100,100085,100,99952,200,100098,100,99938,100,100103,100,99923,100,100109,100,99910,200,100121,100,99907,100,100194,100,99905,100,100338,100,99886,100
2019-06-28 09:40:33.799793979,100043,480,99994,480,100060,100,99993,400,100071,100,99960,100,100085,100,99952,200,100098,100,99938,100,100103,100,99923,100,100109,100,99910,200,100121,100,99907,100,100194,100,99905,100,100338,100,99886,100
2019-06-28 09:40:39.895066668,100043,380,99994,480,100060,100,99993,400,100071,100,99960,100,100085,100,99952,200,100098,100,99938,100,100103,100,99923,100,100109,100,99910,200,100121,100,99907,100,100194,100,99905,100,100338,100,99886,100
2019-06-28 09:40:40.000000000,100060,176,99994,176,100071,176,99993,476,100085,176,99960,176,100098,176,99952,276,100103,176,99938,176,100109,100,99923,100,100121,100,99910,200,100194,100,99907,100,100338,100,99905,100,100456,100,99886,100
2019-06-28 09:40:50.000000000,100060,480,99994,480,100071,100,99993,400,100085,100,99960,100,100098,100,99952,200,100103,100,99938,100,100109,100,99923,100,100121,100,99910,200,100194,100,99907,100,100338,100,99905,100,100456,100,99886,100
2019-06-28 09:40:56.447734164,100060,480,99995,100,100071,100,99994,480,100085,100,99993,400,100098,100,99960,100,100103,100,99952,200,100109,100,99938,100,100121,100,99923,100,100194,100,99910,200,100338,100,99907,100,100456,100,99905,100
2019-06-28 09:41:00.000000000,100060,229,99995,229,100071,225,99994,225,100085,225,99993,525,100098,100,99960,100,100103,100,99952,200,100109,100,99938,100,100121,100,99923,100,100194,100,99910,200,100338,100,99907,100,100456,100,99905,100
2019-06-28 09:41:10.000000000,100060,480,99995,480,100071,100,99994,100,100085,100,99993,400,100098,100,99960,100,100103,100,99952,200,100109,100,99938,100,100121,100,99923,100,100194,100,99910,200,100338,100,99907,100,100456,100,99905,100
2019-06-28 09:41:10.731516987,100060,480,99995,380,100071,100,99994,100,100085,100,99993,400,100098,100,99960,100,100103,100,99952,200,100109,100,99938,100,100121,100,99923,100,100194,100,99910,200,100338,100,99907,100,100456,100,99905,100
2019-06-28 09:41:17.973636118,100060,480,99995,280,100071,100,99994,100,100085,100,99993,400,100098,100,99960,100,100103,100,99952,200,100109,100,99938,100,100121,100,99923,100,100194,100,99910,200,100338,100,99907,100,100456,100,99905,100
2019-06-28 09:41:20.000000000,100060,176,99994,176,100071,176,99993,476,100085,176,99960,176,100098,176,99952,276,100103,176,99938,176,100109,100,99923,100,100121,100,99910,200,100194,100,99907,100,100338,100,99905,100,100456,100,99886,100
2019-06-28 09:41:30.000000000,100060,290,99994,290,100071,290,99993,590,100085,100,99960,100,100098,100,99952,200,100103,100,99938,100,100109,100,99923,100,100121,100,99910,200,100194,100,99907,100,100338,100,99905,100,100456,100,99886,100
2019-06-28 09:41:40.000000000,100060,480,99994,480,100071,100,99993,400,100085,100,99960,100,100098,100,99952,200,100103,100,99938,100,100109,100,99923,100,100121,100,99910,200,100194,100,99907,100,100338,100,99905,100,100456,100,99886,100
2019-06-28 09:41:49.113414410,100060,480,99994,480,100071,100,99993,400,100085,100,99960,100,100098,100,99952,200,100103,100,99938,100,100109,100,99923,100,100121,100,99910,200,100194,100,99907,100,100338,100,99905,100,100456,100,99886,100
2019-06-28 09:41:50.000000000,100060,195,99994,195,100071,195,99993,495,100085,195,99960,195,100098,195,99952,295,100103,100,99938,100,100109,100,99923,100,100121,100,99910,200,100194,100,99907,100,100338,100,99905,100,100456,100,99886,100
2019-06-28 09:41:57.310876881,100060,195,99994,195,100071,195,99993,495,100085,195,99960,195,100098,195,99952,295,100103,100,99938,100,100109,100,99923,100,100121,100,99910,200,100194,100,99907,100,100338,100,99905,100,100456,100,99886,100
2019-06-28 09:42:00.000000000,100060,195,99994,195,100071,195,99993,495,100085,195,99960,195,100098,195,99952,295,100103,100,99938,100,100109,100,99923,100,100121,100,99910,200,100194,100,99907,100,100338,100,99905,100,100456,100,99886,100
2019-06-28 09:42:01.565354801,99995,100,99994,95,100060,195,99993,495,100071,195,99960,195,100085,195,99952,295,100098,195,99938,100,100103,100,99923,100,100109,100,99910,200,100121,100,99907,100,100194,100,99905,100,100338,100,99886,100
2019-06-28 09:42:08.683477038,99994,5,99993,495,99995,100,99960,195,100060,195,99952,295,100071,95,99938,100,100085,195,99923,100,100098,195,99910,200,100103,100,99907,100,100109,100,99905,100,100121,100,99886,100,100194,100,99875,100
2019-06-28 09:42:10.000000000,99994,81,99993,476,99995,176,99960,176,100060,176,99952,276,100085,176,99938,176,100098,176,99923,176,100103,100,99910,200,100109,100,99907,100,100121,100,99905,100,100194,100,99886,100,100338,100,99875,100
2019-06-28 09:42:20.000000000,99994,385,99993,780,99995,100,99960,100,100060,100,99952,200,100085,100,99938,100,100098,100,99923,100,100103,100,99910,200,100109,100,99907,100,100121,100,99905,100,100194,100,99886,100,100338,100,99875,100
2019-06-28 09:42:30.000000000,99994,100,99993,495,99995,195,99960,195,100060,195,99952,295,100085,195,99938,195,100098,100,99923,100,100103,100,99910,200,100109,100,99907,100,100121,100,99905,100,100194,100,99886,100,100338,100,99875,100
2019-06-28 09:42:36.087821902,99994,100,99993,395,99995,195,99960,195,100060,195,99952,295,100085,195,99938,195,100098,100,99923,100,100103,100,99910,200,100109,100,99907,100,100121,100,99905,100,100194,100,99886,100,100338,100,99875,100
2019-06-28 09:42:40.000000000,99994,385,99993,680,99995,100,99960,100,100060,100,99952,200,100085,100,99938,100,100098,100,99923,100,100103,100,99910,200,100109,100,99907,100,100121,100,99905,100,100194,100,99886,100,100338,100,99875,100
2019-06-28 09:42:46.706075724,99994,385,99993,480,99995,100,99960,100,100060,100,99952,200,100085,100,99938,100,100098,100,99923,100,100103,100,99910,200,100109,100,99907,100,100121,100,99905,100,100194,100,99886,100,100338,100,99875,100
2019-06-28 09:42:49.044749624,99994,385,99993,380,99995,100,99960,100,100060,100,99952,200,100085,100,99938,100,100098,100,99923,100,100103,100,99910,200,100109,100,99907,100,100121,100,99905,100,100194,100,99886,100,100338,100,99875,100
2019-06-28 09:42:50.000000000,99994,81,99960,176,99995,176,99952,276,100060,176,99938,176,100085,176,99923,176,100098,176,99910,276,100103,100,99907,100,100109,100,99905,100,100121,100,99886,100,100194,100,99875,100,100338,100,99797,100
2019-06-28 09:43:00.000000000,99994,100,99960,195,99995,195,99952,295,100060,195,99938,195,100085,195,99923,195,100098,100,99910,200,100103,100,99907,100,100109,100,99905,100,100121,100,99886,100,100194,100,99875,100,100338,100,99797,100
2019-06-28 09:43:10.000000000,99994,134,99960,229,99995,225,99952,325,100060,225,99938,225,100085,100,99923,100,100098,100,99910,200,100103,100,99907,100,100109,100,99905,100,100121,100,99886,100,100194,100,99875,100,100338,100,99797,100
2019-06-28 09:43:11.955317459,99994,134,99960,229,99995,225,99952,325,100060,225,99938,225,100085,100,99923,100,100098,100,99910,200,100103,100,99907,100,100109,100,99905,100,100121,100,99886,100,100194,100,99875,100,100456,100,99797,100
2019-06-28 09:43:20.000000000,99994,81,99960,176,99995,176,99952,276,100060,176,99938,176,100085,176,99923,176,100098,176,99910,276,100103,100,99907,100,100109,100,99905,100,100121,100,99886,100,100194,100,99875,100,100456,100,99797,100
2019-06-28 09:43:30.000000000,99994,134,99960,229,99995,225,99952,325,100060,225,99938,225,100085,100,99923,100,100098,100,99910,200,100103,100,99907,100,100109,100,99905,100,100121,100,99886,100,100194,100,99875,100,100456,100,99797,100
2019-06-28 09:43:40.000000000,99994,100,99960,195,99995,195,99952,295,100060,195,99938,195,100085,195,99923,195,100098,100,99910,200,100103,100,99907,100,100109,100,99905,100,100121,100,99886,100,100194,100,99875,100,100456,100,99797,100
2019-06-28 09:43:44.000633435,99995,195,99960,195,100060,195,99952,295,100085,195,99938,195,100098,100,99923,195,100103,100,99910,200,100109,100,99907,100,100121,100,99905,100,100194,100,99886,100,100456,100,99875,100,100459,100,99797,100
2019-06-28 09:43:44.000851984,99995,95,99960,195,100060,195,99952,295,100085,195,99938,195,100098,100,99923,195,100103,100,99910,200,100109,100,99907,100,100121,100,99905,100,100194,100,99886,100,100456,100,99875,100,100459,100,99797,100
2019-06-28 09:43:50.000000000,100060,176,99960,176,100085,176,99952,276,100098,176,99938,176,100103,176,99923,176,100109,176,99910,276,100121,100,99907,100,100194,100,99905,100,100456,100,99886,100,100459,100,99875,100,100557,100,99797,100
2019-06-28 09:44:00.000000000,100060,229,99960,229,100085,225,99952,325,100098,225,99938,225,100103,100,99923,100,100109,100,99910,200,100121,100,99907,100,100194,100,99905,100,100456,100,99886,100,100459,100,99875,100,100557,100,99797,100
2019-06-28 09:44:10.000000000,100060,290,99960,290,100085,290,99952,390,100098,100,99938,100,100103,100,99923,100,100109,100,99910,200,100121,100,99907,100,100194,100,99905,100,100456,100,99886,100,100459,100,99875,100,100557,100,99797,100
2019-06-28 09:44:20.000000000,100060,195,99960,195,100085,195,99952,295,100098,195,99938,195,100103,195,99923,195,100109,100,99910,200,100121,100,99907,100,100194,100,99905,100,100456,100,99886,100,100459,100,99875,100,100557,100,99797,100
2019-06-28 09:44:30.000000000,100060,195,99960,195,100085,195,99952,295,100098,195,99938,195,100103,195,99923,195,100109,100,99910,200,100121,100,99907,100,100194,100,99905,100,100456,100,99886,100,100459,100,99875,100,100557,100,99797,100
2019-06-28 09:44:40.000000000,100060,229,99960,229,100085,225,99952,325,100098,225,99938,225,100103,100,99923,100,100109,100,99910,200,100121,100,99907,100,100194,100,99905,100,100456,100,99886,100,100459,100,99875,100,100557,100,99797,100
2019-06-28 09:44:50.000000000,100060,195,99960,195,100085,195,99952,295,100098,195,99938,195,100103,195,99923,195,100109,100,99910,200,100121,100,99907,100,100194,100,99905,100,100456,100,99886,100,100459,100,99875,100,100557,100,99797,100
2019-06-28 09:44:53.160328421,100060,195,99960,95,100085,195,99952,295,100098,195,99938,195,100103,195,99923,195,100109,100,99910,200,100121,100,99907,100,100194,100,99905,100,100456,100,99886,100,100557,100,99875,100,100621,100,99797,100
2019-06-28 09:45:00.000000000,100060,176,99952,276,100085,176,99938,176,100098,176,99923,176,100103,176,99910,276,100109,176,99907,176,100121,100,99905,100,100194,100,99886,100,100456,100,99875,100,100557,100,99797,100,100621,100,99737,100
2019-06-28 09:45:10.000000000,100060,195,99952,295,100085,195,99938,195,100098,195,99923,195,100103,195,99910,295,100109,100,99907,100,100121,100,99905,100,100194,100,99886,100,100456,100,99875,100,100557,100,99797,100,100621,100,99737,100
2019-06-28 09:45:20.000000000,100060,176,99952,276,100085,176,99938,176,100098,176,99923,176,100103,176,99910,276,100109,176,99907,176,100121,100,99905,100,100194,100,99886,100,100456,100,99875,100,100557,100,99797,100,100621,100,99737,100
2019-06-28 09:45:23.391708173,99995,100,99952,276,100060,176,99938,176,100085,176,99923,176,100098,176,99910,276,100103,176,99907,176,100109,176,99905,100,100121,100,99886,100,100194,100,99875,100,100456,100,99797,100,100557,100,99737,100
2019-06-28 09:45:30.000000000,99995,176,99952,276,100060,176,99938,176,100085,176,99923,176,100098,176,99910,276,100103,176,99907,176,100109,100,99905,100,100121,100,99886,100,100194,100,99875,100,100456,100,99797,100,100557,100,99737,100
2019-06-28 09:45:40.000000000,99995,229,99952,329,100060,225,99938,225,100085,225,99923,225,100098,100,99910,200,100103,100,99907,100,100109,100,99905,100,100121,100,99886,100,100194,100,99875,100,100456,100,99797,100,100557,100,99737,100
2019-06-28 09:45:41.362719027,99995,229,99952,229,100060,225,99938,125,100085,225,99923,225,100098,100,99910,200,100103,100,99907,100,100109,100,99905,100,100121,100,99886,100,100194,100,99875,100,100456,100,99797,100,100557,100,99737,100
2019-06-28 09:45:49.567505495,99995,229,99952,229,100060,225,99948,100,100085,225,99938,125,100098,100,99923,225,100103,100,99910,200,100109,100,99907,100,100121,100,99905,100,100194,100,99886,100,100456,100,99875,100,100557,100,99797,100
2019-06-28 09:45:50.000000000,99995,229,99952,229,100060,225,99948,225,100085,225,99923,225,100098,100,99910,200,100103,100,99907,100,100109,100,99905,100,100121,100,99886,100,100194,100,99875,100,100456,100,99797,100,100557,100,99737,100
2019-06-28 09:46:00.000000000,99995,195,99952,195,100060,195,99948,195,100085,195,99923,195,100098,195,99910,295,100103,100,99907,100,100109,100,99905,100,100121,100,99886,100,100194,100,99875,100,100456,100,99797,100,100557,100,99737,100
2019-06-28 09:46:09.664050705,99995,95,99952,195,100060,195,99948,195,100085,195,99923,195,100098,195,99910,295,100103,100,99907,100,100121,100,99905,100,100194,100,99886,100,100456,100,99875,100,100557,100,99797,100,100621,100,99737,100
2019-06-28 09:46:10.000000000,100060,480,99952,480,100085,100,99948,100,100098,100,99923,100,100103,100,99910,200,100121,100,99907,100,100194,100,99905,100,100456,100,99886,100,100557,100,99875,100,100621,100,99797,100,100800,100,99737,100
2019-06-28 09:46:15.826847648,100060,480,99952,480,100085,100,99948,100,100098,100,99933,100,100103,100,99923,100,100121,100,99910,200,100194,100,99907,100,100456,100,99905,100,100557,100,99886,100,100621,100,99875,100,100800,100,99797,100
2019-06-28 09:46:20.000000000,100060,195,99952,195,100085,195,99948,195,100098,195,99933,195,100103,195,99923,195,100121,100,99910,200,100194,100,99907,100,100456,100,99905,100,100557,100,99886,100,100621,100,99875,100,100800,100,99797,100
2019-06-28 09:46:30.000000000,100060,195,99952,195,100085,195,99948,195,100098,195,99933,195,100103,195,99923,195,100121,100,99910,200,100194,100,99907,100,100456,100,99905,100,100557,100,99886,100,100621,100,99875,100,100800,100,99797,100
2019-06-28 09:46:31.043414531,100060,95,99952,195,100085,195,99948,195,100098,195,99933,195,100103,195,99923,195,100121,100,99910,200,100194,100,99907,100,100456,100,99905,100,100557,100,99886,100,100621,100,99875,100,100800,100,99797,100
2019-06-28 09:46:40.000000000,100085,290,99952,290,100098,290,99948,290,100103,100,99933,100,100121,100,99923,100,100194,100,99910,200,100456,100,99907,100,100557,100,99905,100,100621,100,99886,100,100800,100,99875,100,100887,100,99797,100
2019-06-28 09:46:44.474872117,100085,290,99952,290,100098,290,99948,290,100103,100,99933,100,100121,100,99923,100,100194,100,99910,200,100456,100,99907,100,100557,100,99905,100,100621,100,99886,100,100707,100,99875,100,100800,100,99797,100
2019-06-28 09:46:50.000000000,100085,229,99952,229,100098,225,99948,225,100103,225,99933,225,100121,100,99923,100,100194,100,99910,200,100456,100,99907,100,100557,100,99905,100,100621,100,99886,100,100707,100,99875,100,100800,100,99797,100
2019-06-28 09:46:56.527114190,100085,229,99995,100,100098,225,99952,229,100103,225,99948,225,100121,100,99933,225,100194,100,99923,100,100456,100,99910,200,100557,100,99907,100,100621,100,99905,100,100707,100,99886,100,100800,100,99875,100
2019-06-28 09:47:00.000000000,100085,176,99995,176,100098,176,99952,176,100103,176,99948,176,100121,176,99933,176,100194,176,99923,176,100456,100,99910,200,100557,100,99907,100,100621,100,99905,100,100707,100,99886,100,100800,100,99875,100
2019-06-28 09:47:08.668594829,100085,176,99995,176,100098,176,99952,176,100103,176,99948,176,100121,176,99933,176,100194,176,99923,176,100456,100,99910,200,100557,100,99907,100,100597,100,99905,100,100621,100,99886,100,100707,100,99875,100
2019-06-28 09:47:10.000000000,100085,176,99995,176,100098,176,99952,176,100103,176,99948,176,100121,176,99933,176,100194,176,99923,176,100456,100,99910,200,100557,100,99907,100,100597,100,99905,100,100621,100,99886,100,100707,100,99875,100
2019-06-28 09:47:18.891729553,100085,76,99995,176,100098,176,99952,176,100103,176,99948,176,100121,176,99933,176,100194,176,99923,176,100456,100,99910,200,100557,100,99907,100,100597,100,99905,100,100621,100,99886,100,100707,100,99875,100
2019-06-28 09:47:20.000000000,100098,229,99995,229,100103,225,99952,225,100121,225,99948,225,100194,100,99933,100,100456,100,99923,100,100557,100,99910,200,100597,100,99907,100,100621,100,99905,100,100707,100,99886,100,100800,100,99875,100
2019-06-28 09:47:30.000000000,100098,290,99995,290,100103,290,99952,290,100121,100,99948,100,100194,100,99933,100,100456,100,99923,100,100557,100,99910,200,100597,100,99907,100,100621,100,99905,100,100707,100,99886,100,100800,100,99875,100
2019-06-28 09:47:38.626147929,100098,290,99995,290,100103,290,99952,290,100121,100,99948,100,100194,100,99933,100,100286,100,99923,100,100456,100,99910,200,100597,100,99907,100,100621,100,99905,100,100707,100,99886,100,100800,100,99875,100
2019-06-28 09:47:40.000000000,100098,176,99995,176,100103,176,99952,176,100121,176,99948,176,100194,176,99933,176,100286,176,99923,176,100456,100,99910,200,100597,100,99907,100,100621,100,99905,100,100707,100,99886,100,100800,100,99875,100
2019-06-28 09:47:44.062753989,100098,176,100060,100,100103,176,99995,176,100121,176,99952,176,100194,176,99948,176,100286,176,99933,176,100456,100,99923,176,100597,100,99910,200,100621,100,99907,100,100707,100,99905,100,100800,100,99886,100
2019-06-28 09:47:44.903484514,100098,176,100060,200,100103,176,99995,176,100121,176,99952,176,100194,176,99948,176,100286,176,99933,176,100456,100,99923,176,100597,100,99910,200,100621,100,99907,100,100707,100,99905,100,100800,100,99886,100
2019-06-28 09:47:48.052550980,100098,176,100060,200,100103,176,100010,100,100121,176,99995,176,100194,176,99952,176,100286,176,99948,176,100456,100,99933,176,100597,100,99923,176,100621,100,99910,200,100707,100,99905,100,100800,100,99886,100
2019-06-28 09:47:50.000000000,100098,176,100060,276,100103,176,100010,176,100121,176,99995,176,100194,176,99952,176,100286,176,99948,176,100456,100,99933,100,100597,100,99923,100,100621,100,99910,200,100707,100,99905,100,100800,100,99886,100
2019-06-28 09:47:59.611289055,100098,176,100060,276,100103,176,100010,176,100121,176,99995,176,100194,176,99952,176,100286,176,99948,176,100456,100,99933,100,100561,100,99923,100,100597,100,99910,200,100621,100,99905,100,100707,100,99886,100
2019-06-28 09:48:00.000000000,100098,480,100060,580,100103,100,100010,100,100121,100,99995,100,100194,100,99952,100,100286,100,99948,100,100456,100,99933,100,100561,100,99923,100,100597,100,99910,200,100621,100,99905,100,100707,100,99886,100
2019-06-28 09:48:10.000000000,100098,229,100060,329,100103,225,100010,225,100121,225,99995,225,100194,100,99952,100,100286,100,99948,100,100456,100,99933,100,100561,100,99923,100,100597,100,99910,200,100621,100,99905,100,100707,100,99886,100
2019-06-28 09:48:19.068013327,100098,229,100060,329,100103,225,100010,225,100121,225,99995,225,100194,100,99952,100,100286,100,99948,100,100442,100,99933,100,100456,100,99923,100,100561,100,99910,200,100597,100,99905,100,100621,100,99886,100
2019-06-28 09:48:20.000000000,100098,195,100060,295,100103,195,100010,195,100121,195,99995,195,100194,195,99952,195,100286,100,99948,100,100442,100,99933,100,100456,100,99923,100,100561,100,99910,200,100597,100,99905,100,100621,100,99886,100
2019-06-28 09:48:30.000000000,100098,229,100060,329,100103,225,100010,225,100121,225,99995,225,100194,100,99952,100,100286,100,99948,100,100442,100,99933,100,100456,100,99923,100,100561,100,99910,200,100597,100,99905,100,100621,100,99886,100
2019-06-28 09:48:40.000000000,100098,290,100060,390,100103,290,100010,290,100121,100,99995,100,100194,100,99952,100,100286,100,99948,100,100442,100,99933,100,100456,100,99923,100,100561,100,99910,200,100597,100,99905,100,100621,100,99886,100
2019-06-28 09:48:50.000000000,100098,195,100060,295,100103,195,100010,195,100121,195,99995,195,100194,195,99952,195,100286,100,99948,100,100442,100,99933,100,100456,100,99923,100,100561,100,99910,200,100597,100,99905,100,100621,100,99886,100
2019-06-28 09:48:58.633235209,100098,95,100060,295,100103,195,100010,195,100121,195,99995,195,100194,195,99952,195,100286,100,99948,100,100442,100,99933,100,100456,100,99923,100,100597,100,99910,200,100621,100,99905,100,100707,100,99886,100
2019-06-28 09:49:00.000000000,100103,195,100060,295,100121,195,100010,195,100194,195,99995,195,100286,195,99952,195,100442,100,99948,100,100456,100,99933,100,100597,100,99923,100,100621,100,99910,200,100707,100,99905,100,100800,100,99886,100
2019-06-28 09:49:10.000000000,100103,290,100060,390,100121,290,100010,290,100194,100,99995,100,100286,100,99952,100,100442,100,99948,100,100456,100,99933,100,100597,100,99923,100,100621,100,99910,200,100707,100,99905,100,100800,100,99886,100
2019-06-28 09:49:20.000000000,100103,229,100060,329,100121,225,100010,225,100194,225,99995,225,100286,100,99952,100,100442,100,99948,100,100456,100,99933,100,100597,100,99923,100,100621,100,99910,200,100707,100,99905,100,100800,100,99886,100
2019-06-28 09:49:30.000000000,100103,195,100060,295,100121,195,100010,195,100194,195,99995,195,100286,195,99952,195,100442,100,99948,100,100456,100,99933,100,100597,100,99923,100,100621,100,99910,200,100707,100,99905,100,100800,100,99886,100
2019-06-28 09:49:40.000000000,100103,480,100060,580,100121,100,100010,100,100194,100,99995,100,100286,100,99952,100,100442,100,99948,100,100456,100,99933,100,100597,100,99923,100,100621,100,99910,200,100707,100,99905,100,100800,100,99886,100
2019-06-28 09:49:50.000000000,100103,176,100060,276,100121,176,100010,176,100194,176,99995,176,100286,176,99952,176,100442,176,99948,176,100456,100,99933,100,100597,100,99923,100,100621,100,99910,200,100707,100,99905,100,100800,100,99886,100
2019-06-28 09:49:54.792458365,100103,176,100060,276,100121,176,100010,176,100194,176,99995,176,100199,100,99952,176,100286,176,99948,176,100442,176,99933,100,100456,100,99923,100,100597,100,99910,200,100621,100,99905,100,100707,100,99886,100
2019-06-28 09:50:00.000000000,100103,480,100060,580,100121,100,100010,100,100194,100,99995,100,100199,100,99952,100,100286,100,99948,100,100442,100,99933,100,100456,100,99923,100,100597,100,99910,200,100621,100,99905,100,100707,100,99886,100
2019-06-28 09:50:09.425161491,100103,480,100060,580,100121,100,100010,100,100194,100,99995,100,100199,100,99952,100,100286,100,99948,100,100305,100,99933,100,100442,100,99923,100,100456,100,99910,200,100597,100,99905,100,100621,100,99886,100
2019-06-28 09:50:10.000000000,100103,195,100060,295,100121,195,100010,195,100194,195,99995,195,100199,195,99952,195,100286,100,99948,100,100305,100,99933,100,100442,100,99923,100,100456,100,99910,200,100597,100,99905,100,100621,100,99886,100
2019-06-28 09:50:20.000000000,100103,195,100060,295,100121,195,100010,195,100194,195,99995,195,100199,195,99952,195,100286,100,99948,100,100305,100,99933,100,100442,100,99923,100,100456,100,99910,200,100597,100,99905,100,100621,100,99886,100
2019-06-28 09:50:23.104988236,100103,195,100085,100,100121,195,100060,295,100194,195,100010,195,100199,195,99995,195,100286,100,99952,195,100305,100,99948,100,100442,100,99933,100,100456,100,99923,100,100597,100,99910,200,100621,100,99905,100
2019-06-28 09:50:23.347327232,100103,195,100060,295,100121,195,100010,195,100194,195,99995,195,100199,195,99952,195,100286,100,99948,100,100305,100,99933,100,100442,100,99923,100,100456,100,99910,200,100597,100,99905,100,100621,100,99886,100
2019-06-28 09:50:30.000000000,100103,480,100060,580,100121,100,100010,100,100194,100,99995,100,100199,100,99952,100,100286,100,99948,100,100305,100,99933,100,100442,100,99923,100,100456,100,99910,200,100597,100,99905,100,100621,100,99886,100
2019-06-28 09:50:37.678795269,100103,480,100060,580,100121,100,100010,100,100194,100,99995,100,100199,100,99952,100,100236,100,99948,100,100286,100,99933,100,100305,100,99923,100,100442,100,99910,200,100456,100,99905,100,100597,100,99886,100
2019-06-28 09:50:40.000000000,100103,290,100060,390,100121,290,100010,290,100194,100,99995,100,100199,100,99952,100,100236,100,99948,100,100286,100,99933,100,100305,100,99923,100,100442,100,99910,200,100456,100,99905,100,100597,100,99886,100
2019-06-28 09:50:50.000000000,100103,195,100060,295,100121,195,100010,195,100194,195,99995,195,100199,195,99952,195,100236,100,99948,100,100286,100,99933,100,100305,100,99923,100,100442,100,99910,200,100456,100,99905,100,100597,100,99886,100
2019-06-28 09:51:00.000000000,100103,229,100060,329,100121,225,100010,225,100194,225,99995,225,100199,100,99952,100,100236,100,99948,100,100286,100,99933,100,100305,100,99923,100,100442,100,99910,200,100456,100,99905,100,100597,100,99886,100
2019-06-28 09:51:04.224680864,100097,100,100060,329,100103,229,100010,225,100121,225,99995,225,100194,225,99952,100,100199,100,99948,100,100236,100,99933,100,100286,100,99923,100,100305,100,99910,200,100442,100,99905,100,100456,100,99886,100
2019-06-28 09:51:10.000000000,100097,290,100060,390,100103,290,100010,290,100121,100,99995,100,100194,100,99952,100,100199,100,99948,100,100236,100,99933,100,100286,100,99923,100,100305,100,99910,200,100442,100,99905,100,100456,100,99886,100
2019-06-28 09:51:13.727237360,100097,390,100060,390,100103,290,100010,290,100121,100,99995,100,100194,100,99952,100,100199,100,99948,100,100236,100,99933,100,100286,100,99923,100,100305,100,99910,200,100442,100,99905,100,100456,100,99886,100
2019-06-28 09:51:20.000000000,100097,276,100060,276,100103,176,100010,176,100121,176,99995,176,100194,176,99952,176,100199,176,99948,176,100236,100,99933,100,100286,100,99923,100,100305,100,99910,200,100442,100,99905,100,100456,100,99886,100
2019-06-28 09:51:30.000000000,100097,276,100060,276,100103,176,100010,176,100121,176,99995,176,100194,176,99952,176,100199,176,99948,176,100236,100,99933,100,100286,100,99923,100,100305,100,99910,200,100442,100,99905,100,100456,100,99886,100
2019-06-28 09:51:34.227687914,100097,276,100085,100,100103,176,100060,276,100121,76,100010,176,100194,176,99995,176,100199,176,99952,176,100236,100,99948,176,100286,100,99933,100,100305,100,99923,100,100442,100,99910,200,100456,100,99905,100
2019-06-28 09:51:40.000000000,100097,390,100085,290,100103,290,100060,390,100194,100,100010,100,100199,100,99995,100,100236,100,99952,100,100286,100,99948,100,100305,100,99933,100,100442,100,99923,100,100456,100,99910,200,100597,100,99905,100
2019-06-28 09:51:50.000000000,100097,276,100085,176,100103,176,100060,276,100194,176,100010,176,100199,176,99995,176,100236,176,99952,176,100286,100,99948,100,100305,100,99933,100,100442,100,99923,100,100456,100,99910,200,100597,100,99905,100
2019-06-28 09:52:00.000000000,100097,329,100085,229,100103,225,100060,325,100194,225,100010,225,100199,100,99995,100,100236,100,99952,100,100286,100,99948,100,100305,100,99933,100,100442,100,99923,100,100456,100,99910,200,100597,100,99905,100
2019-06-28 09:52:10.000000000,100097,295,100085,195,100103,195,100060,295,100194,195,100010,195,100199,195,99995,195,100236,100,99952,100,100286,100,99948,100,100305,100,99933,100,100442,100,99923,100,100456,100,99910,200,100597,100,99905,100
2019-06-28 09:52:14.159930446,100097,295,100085,295,100103,195,100060,295,100194,195,100010,195,100199,195,99995,195,100236,100,99952,100,100286,100,99948,100,100305,100,99933,100,100442,100,99923,100,100456,100,99910,200,100597,100,99905,100
2019-06-28 09:52:20.000000000,100097,390,100085,390,100103,290,100060,390,100194,100,100010,100,100199,100,99995,100,100236,100,99952,100,100286,100,99948,100,100305,100,99933,100,100442,100,99923,100,100456,100,99910,200,100597,100,99905,100
2019-06-28 09:52:23.043685131,100097,390,100085,490,100103,290,100060,390,100194,100,100010,100,100199,100,99995,100,100236,100,99952,100,100286,100,99948,100,100305,100,99933,100,100442,100,99923,100,100456,100,99910,200,100597,100,99905,100
2019-06-28 09:52:26.523069843,100097,390,100085,490,100103,290,100079,100,100194,100,100060,390,100199,100,100010,100,100236,100,99995,100,100286,100,99952,100,100305,100,99948,100,100442,100,99933,100,100456,100,99923,100,100597,100,99910,100
2019-06-28 09:52:30.000000000,100097,580,100085,680,100103,100,100079,100,100194,100,100060,200,100199,100,100010,100,100236,100,99995,100,100286,100,99952,100,100305,100,99948,100,100442,100,99933,100,100456,100,99923,100,100597,100,99910,100
2019-06-28 09:52:30.355371786,100097,580,100085,580,100103,100,100079,100,100194,100,100060,200,100199,100,100010,100,100236,100,99995,100,100286,100,99952,100,100305,100,99948,100,100442,100,99933,100,100456,100,99923,100,100597,100,99910,100
2019-06-28 09:52:40.000000000,100097,580,100085,580,100103,100,100079,100,100194,100,100060,200,100199,100,100010,100,100236,100,99995,100,100286,100,99952,100,100305,100,99948,100,100442,100,99933,100,100456,100,99923,100,100597,100,99910,100
2019-06-28 09:52:44.634408146,100097,580,100085,580,100103,100,100079,100,100194,100,100060,200,100199,100,100010,100,100236,100,99995,100,100286,100,99952,100,100305,100,99948,100,100442,100,99933,100,100456,100,99923,100,100518,100,99910,100
2019-06-28 09:52:50.000000000,100097,276,100085,276,100103,176,100079,176,100194,176,100060,276,100199,176,100010,176,100236,176,99995,176,100286,100,99952,100,100305,100,99948,100,100442,100,99933,100,100456,100,99923,100,100518,100,99910,100
2019-06-28 09:53:00.000000000,100097,390,100085,390,100103,290,100079,290,100194,100,100060,200,100199,100,100010,100,100236,100,99995,100,100286,100,99952,100,100305,100,99948,100,100442,100,99933,100,100456,100,99923,100,100518,100,99910,100
2019-06-28 09:53:05.097634242,100097,390,100085,390,100103,290,100079,290,100194,100,100060,200,100199,100,100010,100,100225,100,99995,100,100236,100,99952,100,100286,100,99948,100,100305,100,99933,100,100442,100,99923,100,100456,100,99910,100
2019-06-28 09:53:10.000000000,100097,329,100085,329,100103,225,100079,225,100194,225,100060,325,100199,100,100010,100,100225,100,99995,100,100236,100,99952,100,100286,100,99948,100,100305,100,99933,100,100442,100,99923,100,100456,100,99910,100
2019-06-28 09:53:16.988155797,100097,229,100085,329,100103,225,100079,225,100194,225,100060,325,100199,100,100010,100,100225,100,99995,100,100236,100,99952,100,100286,100,99948,100,100305,100,99933,100,100442,100,99923,100,100456,100,99910,100
2019-06-28 09:53:20.000000000,100097,480,100085,580,100103,100,100079,100,100194,100,100060,200,100199,100,100010,100,100225,100,99995,100,100236,100,99952,100,100286,100,99948,100,100305,100,99933,100,100442,100,99923,100,100456,100,99910,100
2019-06-28 09:53:20.621375915,100097,380,100085,580,100103,100,100079,100,100194,100,100060,200,100199,100,100010,100,100225,100,99995,100,100236,100,99952,100,100286,100,99948,100,100305,100,99933,100,100442,100,99923,100,100456,100,99910,100
2019-06-28 09:53:25.100096732,100097,380,100086,100,100103,100,100085,480,100194,100,100079,100,100199,100,100060,200,100225,100,100010,100,100236,100,99995,100,100286,100,99952,100,100305,100,99948,100,100442,100,99933,100,100456,100,99923,100
2019-06-28 09:53:30.000000000,100103,195,100086,195,100194,195,100085,195,100199,195,100079,195,100225,195,100060,295,100236,100,100010,100,100286,100,99995,100,100305,100,99952,100,100442,100,99948,100,100456,100,99933,100,100518,100,99923,100
2019-06-28 09:53:40.000000000,100103,480,100086,480,100194,100,100085,100,100199,100,100079,100,100225,100,100060,200,100236,100,100010,100,100286,100,99995,100,100305,100,99952,100,100442,100,99948,100,100456,100,99933,100,100518,100,99923,100
2019-06-28 09:53:47.871008931,100103,380,100086,480,100194,100,100085,100,100199,100,100079,100,100225,100,100060,200,100236,100,100010,100,100286,100,99995,100,100305,100,99952,100,100442,100,99948,100,100456,100,99933,100,100518,100,99923,100
2019-06-28 09:53:50.000000000,100194,290,100086,290,100199,290,100085,290,100225,100,100079,100,100236,100,100060,200,100286,100,100010,100,100305,100,99995,100,100442,100,99952,100,100456,100,99948,100,100518,100,99933,100,100597,100,99923,100
2019-06-28 09:53:50.664065536,100194,290,100086,290,100199,290,100085,290,100225,100,100079,100,100236,100,100060,200,100286,100,100010,100,100305,100,99995,100,100442,100,99948,100,100456,100,99933,100,100518,100,99923,100,100597,100,99910,100
2019-06-28 09:54:00.000000000,100194,290,100086,290,100199,290,100085,290,100225,100,100079,100,100236,100,100060,200,100286,100,100010,100,100305,100,99995,100,100442,100,99948,100,100456,100,99933,100,100518,100,99923,100,100597,100,99910,100
2019-06-28 09:54:10.000000000,100194,229,100086,229,100199,225,100085,225,100225,225,100079,225,100236,100,100060,200,100286,100,100010,100,100305,100,99995,100,100442,100,99948,100,100456,100,99933,100,100518,100,99923,100,100597,100,99910,100
2019-06-28 09:54:13.659803875,100194,229,100086,229,100199,125,100085,225,100225,225,100079,225,100236,100,100060,200,100286,100,100010,100,100305,100,99995,100,100442,100,99948,100,100456,100,99933,100,100518,100,99923,100,100597,100,99910,100
2019-06-28 09:54:20.000000000,100194,480,100086,480,100225,100,100085,100,100236,100,100079,100,100286,100,100060,200,100305,100,100010,100,100442,100,99995,100,100456,100,99948,100,100518,100,99933,100,100597,100,99923,100,100621,100,99910,100
2019-06-28 09:54:24.762222541,100194,480,100086,480,100225,100,100085,100,100236,100,100079,100,100286,100,100060,200,100305,100,100010,100,100442,100,99995,100,100456,100,99948,100,100518,100,99933,100,100597,100,99923,100,100621,100,99910,100
2019-06-28 09:54:30.000000000,100194,176,100086,176,100225,176,100085,176,100236,176,100079,176,100286,176,100060,276,100305,176,100010,176,100442,100,99995,100,100456,100,99948,100,100518,100,99933,100,100597,100,99923,100,100621,100,99910,100
2019-06-28 09:54:33.829536609,100194,176,100086,176,100225,176,100085,176,100236,176,100079,176,100286,176,100060,276,100305,176,100010,176,100442,100,99995,100,100456,100,99948,100,100518,100,99933,100,100621,100,99923,100,100648,100,99910,100
2019-06-28 09:54:35.210648789,100194,76,100086,176,100225,176,100085,176,100236,76,100079,176,100286,176,100060,276,100305,176,100010,176,100442,100,99995,100,100456,100,99948,100,100518,100,99933,100,100621,100,99923,100,100648,100,99910,100
2019-06-28 09:54:40.000000000,100225,480,100086,480,100286,100,100085,100,100305,100,100079,100,100442,100,100060,200,100456,100,100010,100,100518,100,99995,100,100621,100,99948,100,100648,100,99933,100,100707,100,99923,100,100708,100,99910,100
2019-06-28 09:54:42.575075402,100225,480,100086,480,100286,100,100085,100,100305,100,100079,100,100442,100,100060,200,100456,100,100010,100,100518,100,99995,100,100621,100,99948,100,100648,100,99933,100,100707,100,99923,100,100708,100,99910,100
2019-06-28 09:54:50.000000000,100225,195,100086,195,100286,195,100085,195,100305,195,100079,195,100442,195,100060,295,100456,100,100010,100,100518,100,99995,100,100621,100,99948,100,100648,100,99933,100,100707,100,99923,100,100708,100,99910,100
2019-06-28 09:54:55.660687447,100225,195,100097,100,100286,195,100086,195,100305,195,100085,195,100442,195,100079,195,100456,100,100060,295,100518,100,100010,100,100621,100,99995,100,100648,100,99948,100,100707,100,99933,100,100708,100,99923,100
2019-06-28 09:55:00.000000000,100225,290,100097,290,100286,290,100086,290,100305,100,100085,100,100442,100,100079,100,100456,100,100060,200,100518,100,100010,100,100621,100,99995,100,100648,100,99948,100,100707,100,99933,100,100708,100,99923,100
2019-06-28 09:55:00.763656090,100225,190,100097,290,100286,290,100086,290,100442,100,100085,100,100456,100,100079,100,100518,100,100060,200,100621,100,100010,100,100648,100,99995,100,100707,100,99948,100,100708,100,99933,100,100796,100,99923,100
2019-06-28 09:55:05.175716330,100225,190,100194,100,100286,290,100097,290,100442,100,100086,290,100456,100,100085,100,100518,100,100079,100,100621,100,100060,200,100648,100,100010,100,100707,100,99995,100,100708,100,99948,100,100796,100,99933,100
2019-06-28 09:55:05.971847113,100225,190,100097,290,100286,290,100086,290,100442,100,100085,100,100456,100,100079,100,100518,100,100060,200,100621,100,100010,100,100648,100,99995,100,100707,100,99948,100,100708,100,99933,100,100796,100,99923,100
2019-06-28 09:55:10.000000000,100286,176,100097,176,100442,176,100086,176,100456,176,100085,176,100518,176,100079,176,100621,176,100060,276,100648,100,100010,100,100707,100,99995,100,100708,100,99948,100,100796,100,99933,100,100813,100,99923,100
2019-06-28 09:55:15.149060637,100286,176,100097,176,100442,176,100086,176,100456,176,100085,176,100518,176,100079,176,100558,100,100060,276,100621,176,100010,100,100648,100,99995,100,100707,100,99948,100,100708,100,99933,100,100796,100,99923,100
2019-06-28 09:55:20.000000000,100286,229,100097,229,100442,225,100086,225,100456,225,100085,225,100518,100,100079,100,100558,100,100060,200,100621,100,100010,100,100648,100,99995,100,100707,100,99948,100,100708,100,99933,100,100796,100,99923,100
2019-06-28 09:55:30.000000000,100286,480,100097,480,100442,100,100086,100,100456,100,100085,100,100518,100,100079,100,100558,100,100060,200,100621,100,100010,100,100648,100,99995,100,100707,100,99948,100,100708,100,99933,100,100796,100,99923,100
2019-06-28 09:55:40.000000000,100286,176,100097,176,100442,176,100086,176,100456,176,100085,176,100518,176,100079,176,100558,176,100060,276,100621,100,100010,100,100648,100,99995,100,100707,100,99948,100,100708,100,99933,100,100796,100,99923,100
2019-06-28 09:55:50.000000000,100286,229,100097,229,100442,225,100086,225,100456,225,100085,225,100518,100,100079,100,100558,100,100060,200,100621,100,100010,100,100648,100,99995,100,100707,100,99948,100,100708,100,99933,100,100796,100,99923,100
2019-06-28 09:55:50.360809400,100286,129,100097,229,100442,225,100086,225,100456,225,100085,225,100518,100,100079,100,100558,100,100060,200,100621,100,100010,100,100648,100,99995,100,100707,100,99948,100,100708,100,99933,100,100796,100,99923,100
2019-06-28 09:56:00.000000000,100442,290,100097,290,100456,290,100086,290,100518,100,100085,100,100558,100,100079,100,100621,100,100060,200,100648,100,100010,100,100707,100,99995,100,100708,100,99948,100,100796,100,99933,100,100813,100,99923,100
2019-06-28 09:56:10.000000000,100442,195,100097,195,100456,195,100086,195,100518,195,100085,195,100558,195,100079,195,100621,100,100060,200,100648,100,100010,100,100707,100,99995,100,100708,100,99948,100,100796,100,99933,100,100813,100,99923,100
2019-06-28 09:56:19.952033395,100442,195,100097,195,100456,195,100086,195,100518,195,100085,195,100558,195,100079,195,100621,100,100060,200,100648,100,100010,100,100707,100,99995,100,100708,100,99991,100,100796,100,99948,100,100813,100,99933,100
2019-06-28 09:56:20.000000000,100442,195,100097,195,100456,195,100086,195,100518,195,100085,195,100558,195,100079,195,100621,100,100060,200,100648,100,100010,100,100707,100,99995,100,100708,100,99991,100,100796,100,99948,100,100813,100,99933,100
2019-06-28 09:56:30.000000000,100442,290,100097,290,100456,290,100086,290,100518,100,100085,100,100558,100,100079,100,100621,100,100060,200,100648,100,100010,100,100707,100,99995,100,100708,100,99991,100,100796,100,99948,100,100813,100,99933,100
2019-06-28 09:56:40.000000000,100442,480,100097,480,100456,100,100086,100,100518,100,100085,100,100558,100,100079,100,100621,100,100060,200,100648,100,100010,100,100707,100,99995,100,100708,100,99991,100,100796,100,99948,100,100813,100,99933,100
2019-06-28 09:56:50.000000000,100442,290,100097,290,100456,290,100086,290,100518,100,100085,100,100558,100,100079,100,100621,100,100060,200,100648,100,100010,100,100707,100,99995,100,100708,100,99991,100,100796,100,99948,100,100813,100,99933,100
2019-06-28 09:56:55.545608103,100442,290,100237,100,100456,290,100097,290,100518,100,100086,290,100558,100,100085,100,100621,100,100079,100,100648,100,100060,200,100707,100,100010,100,100708,100,99995,100,100796,100,99991,100,100813,100,99948,100
2019-06-28 09:57:00.000000000,100442,480,100237,480,100456,100,100097,100,100518,100,100086,100,100558,100,100085,100,100621,100,100079,100,100648,100,100060,200,100707,100,100010,100,100708,100,99995,100,100796,100,99991,100,100813,100,99948,100
2019-06-28 09:57:10.000000000,100442,176,100237,176,100456,176,100097,176,100518,176,100086,176,100558,176,100085,176,100621,176,100079,176,100648,100,100060,200,100707,100,100010,100,100708,100,99995,100,100796,100,99991,100,100813,100,99948,100
2019-06-28 09:57:15.385990365,100442,176,100237,176,100445,100,100097,176,100456,176,100086,176,100518,176,100085,176,100558,176,100079,176,100621,176,100060,200,100648,100,100010,100,100707,100,99995,100,100708,100,99991,100,100796,100,99948,100
2019-06-28 09:57:20.000000000,100442,195,100237,195,100445,195,100097,195,100456,195,100086,195,100518,195,100085,195,100558,100,100079,100,100621,100,100060,200,100648,100,100010,100,100707,100,99995,100,100708,100,99991,100,100796,100,99948,100
2019-06-28 09:57:30.000000000,100442,195,100237,195,100445,195,100097,195,100456,195,100086,195,100518,195,100085,195,100558,100,100079,100,100621,100,100060,200,100648,100,100010,100,100707,100,99995,100,100708,100,99991,100,100796,100,99948,100
2019-06-28 09:57:40.000000000,100442,176,100237,176,100445,176,100097,176,100456,176,100086,176,100518,176,100085,176,100558,176,100079,176,100621,100,100060,200,100648,100,100010,100,100707,100,99995,100,100708,100,99991,100,100796,100,99948,100
2019-06-28 09:57:50.000000000,100442,480,100237,480,100445,100,100097,100,100456,100,100086,100,100518,100,100085,100,100558,100,100079,100,100621,100,100060,200,100648,100,100010,100,100707,100,99995,100,100708,100,99991,100,100796,100,99948,100
2019-06-28 09:58:00.000000000,100442,480,100237,480,100445,100,100097,100,100456,100,100086,100,100518,100,100085,100,100558,100,100079,100,100621,100,100060,200,100648,100,100010,100,100707,100,99995,100,100708,100,99991,100,100796,100,99948,100
2019-06-28 09:58:02.114635019,100442,480,100237,480,100445,100,100144,100,100456,100,100097,100,100518,100,100086,100,100558,100,100085,100,100621,100,100079,100,100648,100,100060,200,100707,100,100010,100,100708,100,99995,100,100796,100,99991,100
2019-06-28 09:58:05.133409928,100442,480,100237,480,100445,100,100225,100,100456,100,100144,100,100518,100,100097,100,100558,100,100086,100,100621,100,100085,100,100648,100,100079,100,100707,100,100060,200,100708,100,100010,100,100796,100,99995,100
2019-06-28 09:58:06.491954674,100433,100,100237,480,100442,480,100225,100,100445,100,100144,100,100456,100,100097,100,100518,100,100086,100,100558,100,100085,100,100621,100,100079,100,100648,100,100060,200,100707,100,100010,100,100708,100,99995,100
2019-06-28 09:58:10.000000000,100433,480,100237,480,100442,100,100225,100,100445,100,100144,100,100456,100,100097,100,100518,100,100086,100,100558,100,100085,100,100621,100,100079,100,100648,100,100060,200,100707,100,100010,100,100708,100,99995,100
2019-06-28 09:58:12.683487028,100433,480,100237,480,100442,100,100225,100,100445,100,100144,100,100456,100,100097,100,100518,100,100085,100,100558,100,100079,100,100621,100,100060,200,100648,100,100010,100,100707,100,99995,100,100708,100,99991,100
2019-06-28 09:58:20.000000000,100433,290,100237,290,100442,290,100225,290,100445,100,100144,100,100456,100,100097,100,100518,100,100085,100,100558,100,100079,100,100621,100,100060,200,100648,100,100010,100,100707,100,99995,100,100708,100,99991,100
2019-06-28 09:58:30.000000000,100433,176,100237,176,100442,176,100225,176,100445,176,100144,176,100456,176,100097,176,100518,176,100085,176,100558,100,100079,100,100621,100,100060,200,100648,100,100010,100,100707,100,99995,100,100708,100,99991,100
2019-06-28 09:58:40.000000000,100433,480,100237,480,100442,100,100225,100,100445,100,100144,100,100456,100,100097,100,100518,100,100085,100,100558,100,100079,100,100621,100,100060,200,100648,100,100010,100,100707,100,99995,100,100708,100,99991,100
2019-06-28 09:58:50.000000000,100433,176,100237,176,100442,176,100225,176,100445,176,100144,176,100456,176,100097,176,100518,176,100085,176,100558,100,100079,100,100621,100,100060,200,100648,100,100010,100,100707,100,99995,100,100708,100,99991,100
2019-06-28 09:59:00.000000000,100433,176,100237,176,100442,176,100225,176,100445,176,100144,176,100456,176,100097,176,100518,176,100085,176,100558,100,100079,100,100621,100,100060,200,100648,100,100010,100,100707,100,99995,100,100708,100,99991,100
2019-06-28 09:59:10.000000000,100433,290,100237,290,100442,290,100225,290,100445,100,100144,100,100456,100,100097,100,100518,100,100085,100,100558,100,100079,100,100621,100,100060,200,100648,100,100010,100,100707,100,99995,100,100708,100,99991,100
2019-06-28 09:59:20.000000000,100433,176,100237,176,100442,176,100225,176,100445,176,100144,176,100456,176,100097,176,100518,176,100085,176,100558,100,100079,100,100621,100,100060,200,100648,100,100010,100,100707,100,99995,100,100708,100,99991,100
2019-06-28 09:59:30.000000000,100433,290,100237,290,100442,290,100225,290,100445,100,100144,100,100456,100,100097,100,100518,100,100085,100,100558,100,100079,100,100621,100,100060,200,100648,100,100010,100,100707,100,99995,100,100708,100,99991,100
2019-06-28 09:59:32.525882232,100433,190,100237,290,100442,290,100225,290,100445,100,100144,100,100456,100,100097,100,100518,100,100085,100,100558,100,100079,100,100621,100,100060,200,100648,100,100010,100,100707,100,99995,100,100708,100,99991,100
2019-06-28 09:59:40.000000000,100442,195,100237,195,100445,195,100225,195,100456,195,100144,195,100518,195,100097,195,100558,100,100085,100,100621,100,100079,100,100648,100,100060,200,100707,100,100010,100,100708,100,99995,100,100796,100,99991,100
2019-06-28 09:59:50.000000000,100442,176,100237,176,100445,176,100225,176,100456,176,100144,176,100518,176,100097,176,100558,176,100085,176,100621,100,100079,100,100648,100,100060,200,100707,100,100010,100,100708,100,99995,100,100796,100,99991,100
2019-06-28 10:00:00.000000000,100442,229,100237,229,100445,225,100225,225,100456,225,100144,225,100518,100,100097,100,100558,100,100085,100,100621,100,100079,100,100648,100,100060,200,100707,100,100010,100,100708,100,99995,100,100796,100,99991,100
2019-06-28 10:00:10.000000000,100442,480,100237,480,100445,100,100225,100,100456,100,100144,100,100518,100,100097,100,100558,100,100085,100,100621,100,100079,100,100648,100,100060,200,100707,100,100010,100,100708,100,99995,100,100796,100,99991,100
2019-06-28 10:00:20.000000000,100442,176,100237,176,100445,176,100225,176,100456,176,100144,176,100518,176,100097,176,100558,176,100085,176,100621,100,100079,100,100648,100,100060,200,100707,100,100010,100,100708,100,99995,100,100796,100,99991,100
2019-06-28 10:00:29.811924622,100442,176,100237,176,100445,176,100225,176,100456,176,100144,176,100518,176,100097,176,100558,176,100085,176,100621,100,100079,100,100648,100,100060,200,100707,100,100010,100,100708,100,99995,100,100796,100,99991,100
2019-06-28 10:00:30.000000000,100442,195,100237,195,100445,195,100225,195,100456,195,100144,195,100518,195,100097,195,100558,100,100085,100,100621,100,100079,100,100648,100,100060,200,100707,100,100010,100,100708,100,99995,100,100796,100,99991,100
2019-06-28 10:00:34.508120833,100442,195,100286,100,100445,195,100237,195,100456,195,100225,195,100518,195,100144,195,100558,100,100097,195,100621,100,100085,100,100648,100,100079,100,100707,100,100060,200,100708,100,100010,100,100796,100,99995,100
2019-06-28 10:00:40.000000000,100442,195,100286,195,100445,195,100237,195,100456,195,100225,195,100518,195,100144,195,100558,100,100097,100,100621,100,100085,100,100648,100,100079,100,100707,100,100060,200,100708,100,100010,100,100796,100,99995,100
2019-06-28 10:00:50.000000000,100442,480,100286,480,100445,100,100237,100,100456,100,100225,100,100518,100,100144,100,100558,100,100097,100,100621,100,100085,100,100648,100,100079,100,100707,100,100060,200,100708,100,100010,100,100796,100,99995,100
2019-06-28 10:00:56.994296663,100442,380,100286,480,100445,100,100237,100,100456,100,100225,100,100518,100,100144,100,100558,100,100097,100,100621,100,100085,100,100648,100,100079,100,100707,100,100060,200,100708,100,100010,100,100796,100,99995,100
2019-06-28 10:00:58.931606610,100442,380,100433,100,100445,100,100286,480,100456,100,100237,100,100518,100,100225,100,100558,100,100144,100,100621,100,100097,100,100648,100,100079,100,100707,100,100060,200,100708,100,100010,100,100796,100,99995,100
2019-06-28 10:01:00.000000000,100445,480,100433,480,100456,100,100286,100,100518,100,100237,100,100558,100,100225,100,100621,100,100144,100,100648,100,100097,100,100707,100,100079,100,100708,100,100060,200,100796,100,100010,100,100825,100,99995,100
2019-06-28 10:01:02.376785797,100445,480,100433,480,100456,100,100286,100,100518,100,100237,100,100558,100,100225,100,100621,100,100144,100,100648,100,100097,100,100707,100,100079,100,100708,100,100060,200,100796,100,100010,100,100825,100,99995,100
2019-06-28 10:01:10.000000000,100445,480,100433,480,100456,100,100286,100,100518,100,100237,100,100558,100,100225,100,100621,100,100144,100,100648,100,100097,100,100707,100,100079,100,100708,100,100060,200,100796,100,100010,100,100825,100,99995,100
2019-06-28 10:01:19.855531260,100445,480,100433,480,100456,100,100286,100,100518,100,100237,100,100558,100,100225,100,100621,100,100144,100,100648,100,100097,100,100707,100,100079,100,100708,100,100060,200,100796,100,100010,100,100825,100,99995,100
2019-06-28 10:01:20.000000000,100445,195,100433,195,100456,195,100286,195,100518,195,100237,195,100558,195,100225,195,100621,100,100144,100,100648,100,100097,100,100707,100,100079,100,100708,100,100060,200,100796,100,100010,100,100825,100,99995,100
2019-06-28 10:01:30.000000000,100445,195,100433,195,100456,195,100286,195,100518,195,100237,195,100558,195,100225,195,100621,100,100144,100,100648,100,100097,100,100707,100,100079,100,100708,100,100060,200,100796,100,100010,100,100825,100,99995,100
2019-06-28 10:01:37.174247325,100445,195,100433,295,100456,195,100286,195,100518,195,100237,195,100558,195,100225,195,100621,100,100144,100,100648,100,100097,100,100707,100,100079,100,100708,100,100060,200,100796,100,100010,100,100825,100,99991,100
2019-06-28 10:01:40.000000000,100445,480,100433,580,100456,100,100286,100,100518,100,100237,100,100558,100,100225,100,100621,100,100144,100,100648,100,100097,100,100707,100,100079,100,100708,100,100060,200,100796,100,100010,100,100825,100,99991,100
2019-06-28 10:01:50.000000000,100445,195,100433,295,100456,195,100286,195,100518,195,100237,195,100558,195,100225,195,100621,100,100144,100,100648,100,100097,100,100707,100,100079,100,100708,100,100060,200,100796,100,100010,100,100825,100,99991,100
2019-06-28 10:02:00.000000000,100445,480,100433,580,100456,100,100286,100,100518,100,100237,100,100558,100,100225,100,100621,100,100144,100,100648,100,100097,100,100707,100,100079,100,100708,100,100060,200,100796,100,100010,100,100825,100,99991,100
2019-06-28 10:02:10.000000000,100445,290,100433,390,100456,290,100286,290,100518,100,100237,100,100558,100,100225,100,100621,100,100144,100,100648,100,100097,100,100707,100,100079,100,100708,100,100060,200,100796,100,100010,100,100825,100,99991,100
2019-06-28 10:02:12.724756607,100445,290,100433,290,100456,290,100286,290,100518,100,100237,100,100558,100,100225,100,100621,100,100144,100,100648,100,100097,100,100707,100,100079,100,100708,100,100060,200,100796,100,100010,100,100825,100,99991,100
2019-06-28 10:02:20.000000000,100445,229,100433,229,100456,225,100286,225,100518,225,100237,225,100558,100,100225,100,100621,100,100144,100,100648,100,100097,100,100707,100,100079,100,100708,100,100060,200,100796,100,100010,100,100825,100,99991,100
2019-06-28 10:02:20.496927496,100445,229,100433,129,100456,225,100286,225,100518,225,100237,225,100558,100,100225,100,100621,100,100144,100,100648,100,100097,100,100707,100,100079,100,100708,100,100060,200,100796,100,100010,100,100825,100,99991,100
2019-06-28 10:02:30.000000000,100445,229,100286,229,100456,225,100237,225,100518,225,100225,225,100558,100,100144,100,100621,100,100097,100,100648,100,100079,100,100707,100,100060,200,100708,100,100010,100,100796,100,99991,100,100825,100,99948,100
2019-06-28 10:02:35.014575264,100445,229,100286,129,100456,225,100237,225,100518,225,100225,225,100558,100,100144,100,100621,100,100097,100,100648,100,100079,100,100707,100,100060,200,100708,100,100010,100,100796,100,99991,100,100825,100,99948,100
2019-06-28 10:02:40.000000000,100445,195,100237,195,100456,195,100225,195,100518,195,100144,195,100558,195,100097,195,100621,100,100079,100,100648,100,100060,200,100707,100,100010,100,100708,100,99991,100,100796,100,99948,100,100825,100,99933,100
2019-06-28 10:02:41.636148217,100445,195,100287,100,100456,195,100237,195,100518,195,100225,195,100558,195,100144,195,100621,100,100097,195,100648,100,100079,100,100707,100,100060,200,100708,100,100010,100,100796,100,99991,100,100825,100,99948,100
2019-06-28 10:02:50.000000000,100445,290,100287,290,100456,290,100237,290,100518,100,100225,100,100558,100,100144,100,100621,100,100097,100,100648,100,100079,100,100707,100,100060,200,100708,100,100010,100,100796,100,99991,100,100825,100,99948,100
2019-06-28 10:02:54.702013051,100445,290,100287,290,100456,290,100237,290,100518,100,100144,100,100558,100,100097,100,100621,100,100079,100,100648,100,100060,200,100707,100,100010,100,100708,100,99991,100,100796,100,99948,100,100825,100,99933,100
2019-06-28 10:03:00.000000000,100445,195,100287,195,100456,195,100237,195,100518,195,100144,195,100558,195,100097,195,100621,100,100079,100,100648,100,100060,200,100707,100,100010,100,100708,100,99991,100,100796,100,99948,100,100825,100,99933,100
2019-06-28 10:03:03.503330574,100445,195,100287,295,100456,195,100237,195,100518,195,100144,195,100558,195,100097,195,100621,100,100079,100,100648,100,100060,200,100707,100,100010,100,100708,100,99991,100,100796,100,99948,100,100825,100,99933,100
2019-06-28 10:03:10.000000000,100445,480,100287,580,100456,100,100237,100,100518,100,100144,100,100558,100,100097,100,100621,100,100079,100,100648,100,100060,200,100707,100,100010,100,100708,100,99991,100,100796,100,99948,100,100825,100,99933,100
2019-06-28 10:03:19.273821745,100445,480,100431,100,100456,100,100287,580,100518,100,100237,100,100558,100,100144,100,100621,100,100097,100,100648,100,100079,100,100707,100,100060,200,100708,100,100010,100,100796,100,99991,100,100825,100,99948,100
2019-06-28 10:03:20.000000000,100445,229,100431,229,100456,225,100287,325,100518,225,100237,225,100558,100,100144,100,100621,100,100097,100,100648,100,100079,100,100707,100,100060,200,100708,100,100010,100,100796,100,99991,100,100825,100,99948,100
2019-06-28 10:03:26.585960415,100445,229,100431,229,100456,225,100287,325,100518,125,100237,225,100558,100,100144,100,100621,100,100097,100,100648,100,100079,100,100688,100,100060,200,100707,100,100010,100,100708,100,99991,100,100796,100,99948,100
2019-06-28 10:03:30.000000000,100445,195,100431,195,100456,195,100287,295,100558,195,100237,195,100621,195,100144,195,100648,100,100097,100,100688,100,100079,100,100707,100,100060,200,100708,100,100010,100,100796,100,99991,100,100825,100,99948,100
2019-06-28 10:03:30.147428785,100433,100,100431,195,100445,195,100287,295,100456,195,100237,195,100558,195,100144,195,100621,195,100097,100,100648,100,100079,100,100688,100,100060,200,100707,100,100010,100,100708,100,99991,100,100796,100,99948,100
2019-06-28 10:03:40.000000000,100433,480,100431,480,100445,100,100287,200,100456,100,100237,100,100558,100,100144,100,100621,100,100097,100,100648,100,100079,100,100688,100,100060,200,100707,100,100010,100,100708,100,99991,100,100796,100,99948,100
2019-06-28 10:03:50.000000000,100433,290,100431,290,100445,290,100287,390,100456,100,100237,100,100558,100,100144,100,100621,100,100097,100,100648,100,100079,100,100688,100,100060,200,100707,100,100010,100,100708,100,99991,100,100796,100,99948,100
2019-06-28 10:04:00.000000000,100433,480,100431,480,100445,100,100287,200,100456,100,100237,100,100558,100,100144,100,100621,100,100097,100,100648,100,100079,100,100688,100,100060,200,100707,100,100010,100,100708,100,99991,100,100796,100,99948,100
2019-06-28 10:04:10.000000000,100433,195,100431,195,100445,195,100287,295,100456,195,100237,195,100558,195,100144,195,100621,100,100097,100,100648,100,100079,100,100688,100,100060,200,100707,100,100010,100,100708,100,99991,100,100796,100,99948,100
2019-06-28 10:04:20.000000000,100433,290,100431,290,100445,290,100287,390,100456,100,100237,100,100558,100,100144,100,100621,100,100097,100,100648,100,100079,100,100688,100,100060,200,100707,100,100010,100,100708,100,99991,100,100796,100,99948,100
2019-06-28 10:04:30.000000000,100433,176,100431,176,100445,176,100287,276,100456,176,100237,176,100558,176,100144,176,100621,176,100097,176,100648,100,100079,100,100688,100,100060,200,100707,100,100010,100,100708,100,99991,100,100796,100,99948,100
2019-06-28 10:04:35.594413305,100433,176,100431,176,100445,176,100287,276,100456,176,100237,176,100558,176,100144,176,100621,176,100097,176,100648,100,100079,100,100688,100,100060,200,100707,100,100010,100,100708,100,99991,100,100744,100,99948,100
2019-06-28 10:04:40.000000000,100433,229,100431,229,100445,225,100287,325,100456,225,100237,225,100558,100,100144,100,100621,100,100097,100,100648,100,100079,100,100688,100,100060,200,100707,100,100010,100,100708,100,99991,100,100744,100,99948,100
2019-06-28 10:04:50.000000000,100433,480,100431,480,100445,100,100287,200,100456,100,100237,100,100558,100,100144,100,100621,100,100097,100,100648,100,100079,100,100688,100,100060,200,100707,100,100010,100,100708,100,99991,100,100744,100,99948,100
2019-06-28 10:05:00.000000000,100433,176,100431,176,100445,176,100287,276,100456,176,100237,176,100558,176,100144,176,100621,176,100097,176,100648,100,100079,100,100688,100,100060,200,100707,100,100010,100,100708,100,99991,100,100744,100,99948,100
2019-06-28 10:05:10.000000000,100433,176,100431,176,100445,176,100287,276,100456,176,100237,176,100558,176,100144,176,100621,176,100097,176,100648,100,100079,100,100688,100,100060,200,100707,100,100010,100,100708,100,99991,100,100744,100,99948,100
2019-06-28 10:05:10.090647858,100433,76,100431,176,100445,176,100287,276,100456,176,100237,176,100558,176,100144,176,100621,176,100097,176,100648,100,100079,100,100688,100,100060,100,100707,100,100010,100,100708,100,99991,100,100744,100,99948,100
2019-06-28 10:05:12.148157216,100445,176,100433,24,100456,176,100431,176,100558,176,100287,276,100621,176,100237,176,100648,100,100144,176,100688,100,100097,176,100707,100,100079,100,100708,100,100060,100,100744,100,100010,100,100796,100,99991,100
2019-06-28 10:05:20.000000000,100445,195,100433,119,100456,195,100431,195,100558,195,100287,295,100621,195,100237,195,100648,100,100144,100,100688,100,100097,100,100707,100,100079,100,100708,100,100060,100,100744,100,100010,100,100796,100,99991,100
2019-06-28 10:05:30.000000000,100445,195,100433,119,100456,195,100431,195,100558,195,100287,295,100621,195,100237,195,100648,100,100144,100,100688,100,100097,100,100707,100,100079,100,100708,100,100060,100,100744,100,100010,100,100796,100,99991,100
2019-06-28 10:05:38.639585534,100445,195,100433,119,100456,195,100431,195,100558,195,100287,295,100621,195,100237,195,100648,100,100144,100,100688,100,100097,100,100707,100,100079,100,100708,100,100010,100,100744,100,99991,100,100796,100,99948,100
2019-06-28 10:05:40.000000000,100445,290,100433,214,100456,290,100431,290,100558,100,100287,200,100621,100,100237,100,100648,100,100144,100,100688,100,100097,100,100707,100,100079,100,100708,100,100010,100,100744,100,99991,100,100796,100,99948,100
2019-06-28 10:05:50.000000000,100445,480,100433,404,100456,100,100431,100,100558,100,100287,200,100621,100,100237,100,100648,100,100144,100,100688,100,100097,100,100707,100,100079,100,100708,100,100010,100,100744,100,99991,100,100796,100,99948,100
2019-06-28 10:06:00.000000000,100445,480,100433,404,100456,100,100431,100,100558,100,100287,200,100621,100,100237,100,100648,100,100144,100,100688,100,100097,100,100707,100,100079,100,100708,100,100010,100,100744,100,99991,100,100796,100,99948,100
2019-06-28 10:06:06.898410702,100445,480,100433,304,100456,100,100431,100,100558,100,100287,200,100621,100,100237,100,100648,100,100144,100,100688,100,100097,100,100707,100,100079,100,100708,100,100010,100,100744,100,99991,100,100796,100,99948,100
2019-06-28 10:06:10.000000000,100445,195,100431,195,100456,195,100287,295,100558,195,100237,195,100621,195,100144,195,100648,100,100097,100,100688,100,100079,100,100707,100,100010,100,100708,100,99991,100,100744,100,99948,100,100796,100,99933,100
2019-06-28 10:06:14.130617560,100445,95,100431,195,100456,195,100287,295,100558,195,100237,195,100621,195,100144,195,100648,100,100097,100,100688,100,100079,100,100707,100,100010,100,100708,100,99991,100,100744,100,99948,100,100796,100,99933,100
2019-06-28 10:06:20.000000000,100456,290,100431,290,100558,290,100287,390,100621,100,100237,100,100648,100,100144,100,100688,100,100097,100,100707,100,100079,100,100708,100,100010,100,100744,100,99991,100,100796,100,99948,100,100825,100,99933,100
2019-06-28 10:06:30.000000000,100456,480,100431,480,100558,100,100287,200,100621,100,100237,100,100648,100,100144,100,100688,100,100097,100,100707,100,100079,100,100708,100,100010,100,100744,100,99991,100,100796,100,99948,100,100825,100,99933,100
2019-06-28 10:06:37.057512733,100456,480,100431,480,100558,100,100287,200,100621,100,100237,100,100648,100,100144,100,100668,100,100097,100,100688,100,100079,100,100707,100,100010,100,100708,100,99991,100,100744,100,99948,100,100796,100,99933,100
2019-06-28 10:06:40.000000000,100456,195,100431,195,100558,195,100287,295,100621,195,100237,195,100648,195,100144,195,100668,100,100097,100,100688,100,100079,100,100707,100,100010,100,100708,100,99991,100,100744,100,99948,100,100796,100,99933,100
2019-06-28 10:06:43.524149872,100456,95,100431,195,100558,195,100287,295,100621,195,100237,195,100648,195,100144,195,100668,100,100097,100,100688,100,100079,100,100707,100,100010,100,100708,100,99991,100,100744,100,99948,100,100796,100,99933,100
2019-06-28 10:06:48.637629703,100456,95,100445,100,100558,195,100431,195,100621,195,100287,295,100648,195,100237,195,100668,100,100144,195,100688,100,100097,100,100707,100,100079,100,100708,100,100010,100,100744,100,99991,100,100796,100,99948,100
