,ask_price_1,ask_size_1,bid_price_1,bid_size_1,ask_price_2,ask_size_2,bid_price_2,bid_size_2,ask_price_3,ask_size_3,bid_price_3,bid_size_3,ask_price_4,ask_size_4,bid_price_4,bid_size_4,ask_price_5,ask_size_5,bid_price_5,bid_size_5,ask_price_6,ask_size_6,bid_price_6,bid_size_6,ask_price_7,ask_size_7,bid_price_7,bid_size_7,ask_price_8,ask_size_8,bid_price_8,bid_size_8,ask_price_9,ask_size_9,bid_price_9,bid_size_9,ask_price_10,ask_size_10,bid_price_10,bid_size_10
2019-06-28 09:30:00.000000000,100101,100,99984,100,,,,,,,,,,,,,,,,,,,,,,,,,,,,,,,,,,,,
2019-06-28 09:30:00.000000001,100101,100,99984,100,,,99964,100,,,,,,,,,,,,,,,,,,,,,,,,,,,,,,,,
2019-06-28 09:30:00.000000004,100101,100,99964,100,,,,,,,,,,,,,,,,,,,,,,,,,,,,,,,,,,,,
2019-06-28 09:30:00.000000006,100101,100,99981,100,,,99964,100,,,,,,,,,,,,,,,,,,,,,,,,,,,,,,,,
2019-06-28 09:30:00.000000007,100101,100,99981,100,,,99964,100,,,99891,100,,,,,,,,,,,,,,,,,,,,,,,,,,,,
2019-06-28 09:30:00.000000008,100101,100,99981,100,,,99964,100,,,99892,100,,,99891,100,,,,,,,,,,,,,,,,,,,,,,,,
2019-06-28 09:30:00.000000009,100094,100,99981,100,100101,100,99964,100,,,99892,100,,,99891,100,,,,,,,,,,,,,,,,,,,,,,,,
2019-06-28 09:30:00.000000011,100094,100,99981,100,100101,100,99964,100,,,99935,100,,,99892,100,,,99891,100,,,,,,,,,,,,,,,,,,,,
2019-06-28 09:30:00.000000013,100094,100,99981,100,100101,100,99964,100,,,99935,100,,,99928,100,,,99892,100,,,99891,100,,,,,,,,,,,,,,,,
2019-06-28 09:30:00.000000015,100075,100,99981,100,100077,100,99964,100,100094,100,99935,100,100101,100,99928,100,,,99892,100,,,99891,100,,,,,,,,,,,,,,,,
2019-06-28 09:30:00.000000016,99984,100,99964,100,100075,100,99935,100,100077,100,99928,100,100094,100,99892,100,100101,100,99891,100,,,,,,,,,,,,,,,,,,,,
2019-06-28 09:30:00.000000017,99984,100,99964,100,100075,100,99935,100,100077,100,99928,100,100094,100,99892,100,100101,100,99891,100,100127,100,,,100162,100,,,,,,,,,,,,,,
2019-06-28 09:30:00.000000020,99984,100,99964,100,100075,100,99935,100,100077,100,99928,100,100094,100,99892,100,100101,100,99891,100,100127,100,,,100162,100,,,100177,100,,,,,,,,,,
2019-06-28 09:30:00.000000021,99984,100,99964,100,100028,100,99935,100,100075,100,99928,100,100077,100,99892,100,100094,100,99891,100,100101,100,99852,100,100127,100,,,100147,100,,,100162,100,,,100177,100,,
2019-06-28 09:30:00.000000022,99984,100,99964,100,100028,100,99935,100,100075,100,99928,100,100077,100,99892,100,100094,100,99891,100,100101,100,99852,100,100127,100,,,100131,100,,,100147,100,,,100162,100,,
2019-06-28 09:30:00.000000027,99984,100,99964,100,100028,100,99935,100,100070,100,99928,100,100075,100,99892,100,100077,100,99891,100,100094,100,99852,100,100101,100,,,100127,100,,,100131,100,,,100147,100,,
2019-06-28 09:30:00.000000028,99984,100,99964,100,99985,100,99935,100,100028,100,99928,100,100070,100,99892,100,100075,100,99891,100,100077,100,99852,100,100094,100,,,100101,100,,,100127,100,,,100131,100,,
2019-06-28 09:30:00.000000031,99984,100,99964,100,99985,100,99935,100,100028,100,99928,100,100070,100,99892,100,100075,100,99891,100,100077,100,99852,100,100094,100,,,100101,100,,,100127,100,,,100131,100,,
2019-06-28 09:30:00.000000033,99984,100,99964,100,99985,100,99935,100,100028,100,99928,100,100070,100,99892,100,100075,100,99891,100,100077,100,99852,100,100086,100,,,100094,100,,,100101,100,,,100127,100,,
2019-06-28 09:30:00.000000037,99984,100,99964,100,99985,100,99951,100,100028,100,99935,100,100067,100,99928,100,100070,100,99892,100,100075,100,99891,100,100077,100,99852,100,100086,100,,,100094,100,,,100101,100,,
2019-06-28 09:30:00.000000038,99984,200,99964,100,99985,100,99951,100,100028,100,99935,100,100067,100,99928,100,100070,100,99892,100,100075,100,99891,100,100077,100,99852,100,100086,100,,,100094,100,,,100101,100,,
2019-06-28 09:30:00.000000041,99984,300,99964,100,99985,100,99951,100,99992,100,99935,100,100028,100,99928,100,100067,100,99892,100,100070,100,99891,100,100075,100,99852,100,100077,100,,,100086,100,,,100094,100,,
2019-06-28 09:30:00.000000045,99984,300,99978,100,99985,100,99964,100,99992,100,99951,100,100028,100,99935,100,100067,100,99928,100,100070,100,99892,100,100075,100,99891,100,100077,100,99852,100,100086,100,,,100094,100,,
2019-06-28 09:30:00.000000046,99984,400,99978,100,99985,100,99964,100,99992,100,99951,100,100028,100,99935,100,100067,100,99928,100,100070,100,99892,100,100075,100,99891,100,100077,100,99852,100,100086,100,,,100094,100,,
2019-06-28 09:30:00.000000048,99984,400,99981,100,99985,100,99978,100,99992,100,99964,100,100028,100,99951,100,100067,100,99935,100,100070,100,99928,100,100075,100,99916,100,100077,100,99892,100,100086,100,99891,100,100094,100,99852,100
2019-06-28 09:30:00.000000052,99984,500,99981,100,99985,100,99978,100,99992,100,99964,100,100028,100,99951,100,100067,100,99935,100,100070,100,99928,100,100075,100,99916,100,100077,100,99892,100,100086,100,99891,100,100094,100,99852,100
2019-06-28 09:30:00.000000053,99984,400,99981,100,99985,100,99978,100,99992,100,99964,100,100028,100,99951,100,100067,100,99935,100,100070,100,99928,100,100075,100,99916,100,100077,100,99892,100,100086,100,99891,100,100094,100,99852,100
2019-06-28 09:30:00.000000054,99984,400,99982,100,99985,100,99981,100,99992,100,99978,100,100028,100,99964,100,100067,100,99951,100,100070,100,99935,100,100075,100,99928,100,100077,100,99916,100,100086,100,99892,100,100094,100,99891,100
2019-06-28 09:30:00.000000056,99984,400,99982,100,99985,100,99981,100,99992,100,99978,100,100028,100,99964,100,100067,100,99951,100,100070,100,99935,100,100075,100,99928,100,100077,100,99916,100,100086,100,99901,100,100094,100,99892,100
2019-06-28 09:30:00.000000057,99983,100,99982,100,99984,400,99981,100,99985,100,99978,100,99992,100,99964,100,100028,100,99951,100,100067,100,99935,100,100070,100,99928,100,100075,100,99916,100,100077,100,99901,100,100086,100,99892,100
2019-06-28 09:30:00.000000061,99983,100,99982,100,99984,400,99981,100,99985,100,99978,100,99992,100,99964,100,100028,100,99951,100,100067,100,99935,100,100070,100,99928,100,100075,100,99916,100,100077,100,99901,100,100086,100,99892,100
2019-06-28 09:30:00.000000063,99983,100,99982,100,99984,400,99981,100,99985,100,99978,100,99992,100,99964,100,100028,100,99951,100,100067,200,99935,100,100070,100,99928,100,100075,100,99916,100,100077,100,99901,100,100086,100,99892,100
2019-06-28 09:30:00.000000067,99983,100,99981,100,99984,400,99978,100,99985,100,99964,100,99992,100,99951,100,100028,100,99935,100,100067,200,99928,100,100070,100,99916,100,100075,100,99901,100,100077,100,99892,100,100086,100,99891,100
2019-06-28 09:30:00.000000068,99983,100,99981,100,99984,400,99978,100,99985,100,99964,100,99992,100,99951,100,100028,100,99935,100,100067,200,99932,100,100070,100,99928,100,100075,100,99916,100,100077,100,99901,100,100086,100,99892,100
2019-06-28 09:30:00.000000070,99982,100,99981,100,99983,100,99978,100,99984,400,99964,100,99985,100,99951,100,99992,100,99935,100,100004,100,99932,100,100028,100,99928,100,100067,200,99916,100,100070,100,99901,100,100075,100,99892,100
2019-06-28 09:30:00.000000072,99982,100,99981,100,99983,100,99978,100,99984,400,99964,100,99985,100,99951,100,99992,100,99935,100,100004,100,99932,100,100028,100,99928,100,100067,200,99916,100,100070,100,99901,100,100075,100,99892,100
2019-06-28 09:30:00.000000074,99983,100,99982,100,99984,400,99981,100,99985,100,99978,100,99992,100,99964,100,100004,100,99951,100,100028,100,99935,100,100067,200,99932,100,100070,100,99928,100,100075,100,99916,100,100077,100,99901,100
2019-06-28 09:30:00.000000075,99983,100,99982,200,99984,400,99981,100,99985,100,99978,100,99992,100,99964,100,100004,100,99951,100,100028,100,99935,100,100067,200,99932,100,100070,100,99928,100,100075,100,99916,100,100077,100,99901,100
2019-06-28 09:30:00.000000078,99984,400,99983,100,99985,100,99982,200,99992,100,99981,100,100004,100,99978,100,100028,100,99964,100,100067,200,99951,100,100070,100,99935,100,100075,100,99932,100,100077,100,99928,100,100086,100,99916,100
2019-06-28 09:30:00.000000081,99984,400,99983,100,99985,100,99982,200,99992,100,99981,100,100004,100,99978,100,100028,100,99964,100,100067,200,99951,100,100070,100,99935,100,100075,100,99932,100,100077,100,99928,100,100086,100,99916,100
2019-06-28 09:30:00.000000086,99984,400,99983,100,99985,100,99982,200,99992,100,99981,100,100004,100,99978,100,100028,200,99964,100,100067,200,99951,100,100070,100,99935,100,100075,100,99932,100,100077,100,99928,100,100086,100,99916,100
2019-06-28 09:30:00.000000087,99984,400,99983,100,99985,100,99982,200,99992,100,99981,100,100004,100,99978,100,100015,100,99964,100,100028,200,99951,100,100067,200,99935,100,100070,100,99932,100,100075,100,99928,100,100077,100,99916,100
2019-06-28 09:30:00.000000088,99984,400,99983,100,99985,100,99982,200,99992,100,99981,100,100004,100,99978,100,100015,100,99964,100,100028,200,99951,100,100043,100,99935,100,100067,200,99932,100,100070,100,99928,100,100075,100,99916,100
2019-06-28 09:30:00.000000089,99984,400,99983,100,99985,100,99982,200,99992,100,99981,100,100004,100,99978,100,100015,100,99964,100,100028,200,99951,200,100043,100,99935,100,100067,200,99932,100,100070,100,99928,100,100075,100,99916,100
2019-06-28 09:30:00.000000095,99984,400,99982,200,99985,100,99981,100,99992,100,99978,100,100004,100,99964,100,100015,100,99951,200,100028,200,99935,100,100043,100,99932,100,100067,200,99928,100,100070,100,99916,100,100075,100,99901,100
2019-06-28 09:30:00.000000096,99984,400,99982,200,99985,100,99981,100,99992,100,99978,100,100004,100,99964,100,100015,100,99951,200,100028,200,99935,100,100043,100,99932,100,100067,200,99928,100,100070,100,99916,100,100075,100,99901,100
2019-06-28 09:30:00.000000097,99983,100,99982,200,99984,400,99981,100,99985,100,99978,100,99992,100,99964,100,99995,100,99951,200,100004,100,99935,100,100015,100,99932,100,100028,200,99928,200,100043,100,99916,100,100067,200,99901,100
2019-06-28 09:30:00.000000099,99983,100,99982,200,99984,400,99981,100,99985,100,99978,100,99992,100,99964,100,99995,100,99951,200,100004,100,99935,100,100015,100,99932,100,100028,200,99928,200,100043,100,99916,100,100065,100,99901,100
2019-06-28 09:30:10.000000000,99983,195,99982,295,99984,492,99981,192,99985,192,99978,192,99992,100,99964,100,99995,100,99951,200,100004,100,99935,100,100015,100,99932,100,100028,200,99928,200,100043,100,99916,100,100065,100,99901,100
2019-06-28 09:30:13.192032861,99983,95,99982,295,99984,492,99981,192,99985,192,99978,192,99992,100,99964,100,99995,100,99951,200,100004,100,99935,100,100015,100,99932,100,100028,200,99928,200,100043,100,99916,100,100065,100,99901,100
2019-06-28 09:30:13.377512026,99983,95,99982,295,99984,492,99981,192,99985,192,99978,192,99992,100,99964,100,99995,100,99951,200,100004,100,99935,100,100015,100,99932,100,100028,200,99928,200,100043,100,99916,100,100065,100,99901,100
2019-06-28 09:30:20.000000000,99984,540,99982,340,99985,240,99981,240,99992,100,99978,100,99995,100,99964,100,100004,100,99951,200,100015,100,99935,100,100028,200,99932,100,100043,100,99928,200,100065,100,99916,100,100067,100,99901,100
2019-06-28 09:30:21.455081260,99984,540,99983,100,99985,240,99982,340,99992,100,99981,240,99995,100,99978,100,100004,100,99964,100,100015,100,99951,200,100028,200,99935,100,100043,100,99932,100,100065,100,99928,200,100067,100,99916,100
2019-06-28 09:30:30.000000000,99984,495,99983,195,99985,192,99982,292,99992,192,99981,192,99995,100,99978,100,100004,100,99964,100,100015,100,99951,200,100028,200,99935,100,100043,100,99932,100,100065,100,99928,200,100067,100,99916,100
2019-06-28 09:30:37.426452107,99984,495,99983,195,99985,192,99982,292,99992,192,99981,192,99995,100,99978,100,100004,100,99964,100,100015,100,99951,200,100028,200,99935,100,100043,100,99932,100,100065,100,99928,200,100067,100,99916,100
2019-06-28 09:30:40.000000000,99984,495,99983,195,99985,192,99982,292,99992,192,99981,192,99995,100,99978,100,100004,100,99964,100,100015,100,99951,200,100028,200,99935,100,100043,100,99932,100,100065,100,99928,200,100067,100,99916,100
2019-06-28 09:30:41.204167370,99984,495,99983,195,99985,192,99982,292,99992,192,99981,192,99995,100,99978,100,100004,100,99964,100,100015,100,99951,200,100028,200,99935,100,100043,100,99932,100,100065,100,99928,200,100067,100,99916,100
2019-06-28 09:30:45.197924407,99984,495,99983,95,99985,192,99982,292,99992,192,99981,192,99995,100,99978,100,100004,100,99964,100,100015,100,99951,200,100028,200,99935,100,100043,100,99932,100,100065,100,99928,200,100067,100,99916,100
2019-06-28 09:30:50.000000000,99984,495,99982,295,99985,192,99981,192,99992,192,99978,192,99995,100,99964,100,100004,100,99951,200,100015,100,99935,100,100028,200,99932,100,100043,100,99928,200,100065,100,99916,100,100067,100,99901,100
2019-06-28 09:31:00.000000000,99984,540,99982,340,99985,240,99981,240,99992,100,99978,100,99995,100,99964,100,100004,100,99951,200,100015,100,99935,100,100028,200,99932,100,100043,100,99928,200,100065,100,99916,100,100067,100,99901,100
2019-06-28 09:31:00.268861467,99984,440,99982,340,99985,240,99981,240,99992,100,99978,100,99995,100,99964,100,100004,100,99951,200,100015,100,99935,100,100028,200,99932,100,100043,100,99928,200,100065,100,99916,100,100067,100,99901,100
2019-06-28 09:31:10.000000000,99984,580,99982,480,99985,100,99981,100,99992,100,99978,100,99995,100,99964,100,100004,100,99951,200,100015,100,99935,100,100028,200,99932,100,100043,100,99928,200,100065,100,99916,100,100067,100,99901,100
2019-06-28 09:31:11.989642139,99984,480,99982,480,99985,100,99981,100,99992,100,99978,100,99995,100,99964,100,100004,100,99951,200,100015,100,99935,100,100028,200,99932,100,100043,100,99928,200,100065,100,99916,100,100067,100,99901,100
2019-06-28 09:31:20.000000000,99984,270,99982,270,99985,170,99981,170,99992,170,99978,170,99995,170,99964,170,100004,100,99951,200,100015,100,99935,100,100028,200,99932,100,100043,100,99928,200,100065,100,99916,100,100067,100,99901,100
2019-06-28 09:31:30.000000000,99984,256,99982,256,99985,156,99981,156,99992,156,99978,156,99995,156,99964,156,100004,156,99951,256,100015,100,99935,100,100028,200,99932,100,100043,100,99928,200,100065,100,99916,100,100067,100,99901,100
2019-06-28 09:31:40.000000000,99984,480,99982,480,99985,100,99981,100,99992,100,99978,100,99995,100,99964,100,100004,100,99951,200,100015,100,99935,100,100028,200,99932,100,100043,100,99928,200,100065,100,99916,100,100067,100,99901,100
2019-06-28 09:31:40.704662010,99984,380,99982,480,99985,100,99981,100,99992,100,99978,100,99995,100,99964,100,100004,100,99951,100,100015,100,99935,100,100028,200,99932,100,100043,100,99928,200,100065,100,99916,100,100067,100,99901,100
2019-06-28 09:31:45.958368776,99984,380,99982,480,99985,100,99981,100,99992,100,99978,100,99995,100,99964,100,100004,100,99951,100,100015,100,99935,100,100028,200,99932,100,100043,100,99928,200,100065,100,99916,100,100067,100,99901,100
2019-06-28 09:31:46.016212431,99984,380,99982,480,99985,100,99981,100,99992,100,99978,100,99995,100,99964,100,100004,100,99951,100,100015,100,99935,100,100028,200,99932,100,100043,100,99928,200,100065,100,99916,100,100067,100,99901,100
2019-06-28 09:31:50.000000000,99984,240,99982,340,99985,240,99981,240,99992,100,99978,100,99995,100,99964,100,100004,100,99951,100,100015,100,99935,100,100028,200,99932,100,100043,100,99928,200,100065,100,99916,100,100067,100,99901,100
2019-06-28 09:31:50.037827116,99984,240,99982,340,99985,240,99981,240,99992,100,99978,100,99995,100,99951,100,100004,100,99935,100,100015,100,99932,100,100028,200,99928,200,100043,100,99916,100,100065,100,99901,100,100067,100,99892,100
2019-06-28 09:32:00.000000000,99984,195,99982,295,99985,192,99981,192,99992,192,99978,192,99995,100,99951,100,100004,100,99935,100,100015,100,99932,100,100028,200,99928,200,100043,100,99916,100,100065,100,99901,100,100067,100,99892,100
2019-06-28 09:32:06.213483457,99984,95,99982,295,99985,192,99981,192,99992,192,99978,192,99995,100,99951,100,100004,100,99935,100,100015,100,99932,100,100028,200,99928,200,100043,100,99916,100,100065,100,99901,100,100067,100,99892,100
2019-06-28 09:32:10.000000000,99985,195,99982,295,99992,192,99981,192,99995,192,99978,192,100004,100,99951,100,100015,100,99935,100,100028,200,99932,100,100043,100,99928,200,100065,100,99916,100,100067,100,99901,100,100070,100,99892,100
2019-06-28 09:32:20.000000000,99985,195,99982,295,99992,192,99981,192,99995,192,99978,192,100004,100,99951,100,100015,100,99935,100,100028,200,99932,100,100043,100,99928,200,100065,100,99916,100,100067,100,99901,100,100070,100,99892,100
2019-06-28 09:32:30.000000000,99985,240,99982,340,99992,240,99981,240,99995,100,99978,100,100004,100,99951,100,100015,100,99935,100,100028,200,99932,100,100043,100,99928,200,100065,100,99916,100,100067,100,99901,100,100070,100,99892,100
2019-06-28 09:32:37.343068326,99985,240,99982,340,99992,240,99981,240,99995,100,99978,100,100004,100,99951,100,100015,100,99935,100,100028,200,99932,100,100043,100,99928,200,100065,100,99916,100,100067,100,99901,100,100070,100,99892,100
2019-06-28 09:32:40.000000000,99985,195,99982,295,99992,192,99981,192,99995,192,99978,192,100004,100,99951,100,100015,100,99935,100,100028,200,99932,100,100043,100,99928,200,100065,100,99916,100,100067,100,99901,100,100070,100,99892,100
2019-06-28 09:32:44.314136731,99985,95,99982,295,99992,192,99981,192,99995,192,99978,192,100004,100,99951,100,100015,100,99935,100,100028,200,99928,200,100043,100,99916,100,100065,100,99901,100,100067,100,99892,100,100070,100,99891,100
2019-06-28 09:32:50.000000000,99992,156,99982,256,99995,156,99981,156,100004,156,99978,156,100015,156,99951,156,100028,256,99935,156,100043,100,99928,200,100065,100,99916,100,100067,100,99901,100,100070,100,99892,100,100077,100,99891,100
2019-06-28 09:33:00.000000000,99992,195,99982,295,99995,192,99981,192,100004,192,99978,192,100015,100,99951,100,100028,200,99935,100,100043,100,99928,200,100065,100,99916,100,100067,100,99901,100,100070,100,99892,100,100077,100,99891,100
2019-06-28 09:33:10.000000000,99992,380,99982,480,99995,100,99981,100,100004,100,99978,100,100015,100,99951,100,100028,200,99935,100,100043,100,99928,200,100065,100,99916,100,100067,100,99901,100,100070,100,99892,100,100077,100,99891,100
2019-06-28 09:33:20.000000000,99992,170,99982,270,99995,170,99981,170,100004,170,99978,170,100015,170,99951,170,100028,200,99935,100,100043,100,99928,200,100065,100,99916,100,100067,100,99901,100,100070,100,99892,100,100077,100,99891,100
2019-06-28 09:33:30.000000000,99992,156,99982,256,99995,156,99981,156,100004,156,99978,156,100015,156,99951,156,100028,256,99935,156,100043,100,99928,200,100065,100,99916,100,100067,100,99901,100,100070,100,99892,100,100077,100,99891,100
2019-06-28 09:33:40.000000000,99992,240,99982,340,99995,240,99981,240,100004,100,99978,100,100015,100,99951,100,100028,200,99935,100,100043,100,99928,200,100065,100,99916,100,100067,100,99901,100,100070,100,99892,100,100077,100,99891,100
2019-06-28 09:33:50.000000000,99992,156,99982,256,99995,156,99981,156,100004,156,99978,156,100015,156,99951,156,100028,256,99935,156,100043,100,99928,200,100065,100,99916,100,100067,100,99901,100,100070,100,99892,100,100077,100,99891,100
2019-06-28 09:33:50.661140988,99992,156,99982,256,99995,156,99981,156,100004,156,99978,156,100015,156,99951,156,100028,256,99935,156,100043,100,99928,200,100065,100,99916,100,100067,100,99901,100,100077,100,99892,100,100094,100,99891,100
2019-06-28 09:34:00.000000000,99992,195,99982,295,99995,192,99981,192,100004,192,99978,192,100015,100,99951,100,100028,200,99935,100,100043,100,99928,200,100065,100,99916,100,100067,100,99901,100,100077,100,99892,100,100094,100,99891,100
2019-06-28 09:34:10.000000000,99992,240,99982,340,99995,240,99981,240,100004,100,99978,100,100015,100,99951,100,100028,200,99935,100,100043,100,99928,200,100065,100,99916,100,100067,100,99901,100,100077,100,99892,100,100094,100,99891,100
2019-06-28 09:34:20.000000000,99992,195,99982,295,99995,192,99981,192,100004,192,99978,192,100015,100,99951,100,100028,200,99935,100,100043,100,99928,200,100065,100,99916,100,100067,100,99901,100,100077,100,99892,100,100094,100,99891,100
2019-06-28 09:34:30.000000000,99992,380,99982,480,99995,100,99981,100,100004,100,99978,100,100015,100,99951,100,100028,200,99935,100,100043,100,99928,200,100065,100,99916,100,100067,100,99901,100,100077,100,99892,100,100094,100,99891,100
2019-06-28 09:34:40.000000000,99992,170,99982,270,99995,170,99981,170,100004,170,99978,170,100015,170,99951,170,100028,200,99935,100,100043,100,99928,200,100065,100,99916,100,100067,100,99901,100,100077,100,99892,100,100094,100,99891,100
2019-06-28 09:34:50.000000000,99992,170,99982,270,99995,170,99981,170,100004,170,99978,170,100015,170,99951,170,100028,200,99935,100,100043,100,99928,200,100065,100,99916,100,100067,100,99901,100,100077,100,99892,100,100094,100,99891,100
2019-06-28 09:34:53.391245065,99992,170,99982,270,99995,170,99981,170,100004,170,99978,170,100015,170,99951,170,100028,200,99935,100,100043,100,99928,200,100065,100,99916,100,100067,100,99901,100,100077,100,99892,100,100094,100,99891,100
2019-06-28 09:35:00.000000000,99992,240,99982,340,99995,240,99981,240,100004,100,99978,100,100015,100,99951,100,100028,200,99935,100,100043,100,99928,200,100065,100,99916,100,100067,100,99901,100,100077,100,99892,100,100094,100,99891,100
2019-06-28 09:35:01.010811635,99992,240,99982,240,99995,240,99981,240,100004,100,99978,100,100015,100,99951,100,100028,200,99935,100,100043,100,99928,200,100065,100,99901,100,100067,100,99892,100,100077,100,99891,100,100094,100,99852,100
2019-06-28 09:35:03.497427067,99992,240,99982,140,99995,240,99981,240,100004,100,99978,100,100015,100,99951,100,100028,200,99935,100,100043,100,99928,200,100065,100,99901,100,100077,100,99892,100,100094,100,99891,100,100096,100,99852,100
2019-06-28 09:35:10.000000000,99992,380,99981,380,99995,100,99978,100,100004,100,99951,100,100015,100,99935,100,100028,200,99928,200,100043,100,99901,100,100065,100,99892,100,100077,100,99891,100,100094,100,99852,100,100096,100,99654,100
2019-06-28 09:35:20.000000000,99992,195,99981,195,99995,192,99978,192,100004,192,99951,192,100015,100,99935,100,100028,200,99928,200,100043,100,99901,100,100065,100,99892,100,100077,100,99891,100,100094,100,99852,100,100096,100,99654,100
2019-06-28 09:35:30.000000000,99992,170,99981,170,99995,170,99978,170,100004,170,99951,170,100015,170,99935,170,100028,200,99928,200,100043,100,99901,100,100065,100,99892,100,100077,100,99891,100,100094,100,99852,100,100096,100,99654,100
2019-06-28 09:35:36.801722101,99992,170,99981,170,99995,170,99978,170,100004,170,99951,170,100015,170,99935,170,100028,100,99928,200,100043,100,99901,100,100065,100,99892,100,100077,100,99891,100,100094,100,99852,100,100096,100,99804,100
2019-06-28 09:35:40.000000000,99992,156,99981,156,99995,156,99978,156,100004,156,99951,156,100015,156,99935,156,100028,156,99928,256,100043,100,99901,100,100065,100,99892,100,100077,100,99891,100,100094,100,99852,100,100096,100,99804,100
2019-06-28 09:35:50.000000000,99992,156,99981,156,99995,156,99978,156,100004,156,99951,156,100015,156,99935,156,100028,156,99928,256,100043,100,99901,100,100065,100,99892,100,100077,100,99891,100,100094,100,99852,100,100096,100,99804,100
2019-06-28 09:35:52.068919272,99992,156,99981,56,99995,156,99978,156,100004,156,99951,156,100015,156,99935,156,100028,156,99928,256,100043,100,99901,100,100065,100,99892,100,100077,100,99891,100,100094,100,99852,100,100096,100,99804,100
2019-06-28 09:36:00.000000000,99992,195,99978,195,99995,192,99951,192,100004,192,99935,192,100015,100,99928,200,100028,100,99901,100,100043,100,99892,100,100065,100,99891,100,100077,100,99852,100,100094,100,99804,100,100096,100,99654,100
2019-06-28 09:36:10.000000000,99992,170,99978,170,99995,170,99951,170,100004,170,99935,170,100015,170,99928,270,100028,100,99901,100,100043,100,99892,100,100065,100,99891,100,100077,100,99852,100,100094,100,99804,100,100096,100,99654,100
2019-06-28 09:36:20.000000000,99992,195,99978,195,99995,192,99951,192,100004,192,99935,192,100015,100,99928,200,100028,100,99901,100,100043,100,99892,100,100065,100,99891,100,100077,100,99852,100,100094,100,99804,100,100096,100,99654,100
2019-06-28 09:36:30.000000000,99992,380,99978,380,99995,100,99951,100,100004,100,99935,100,100015,100,99928,200,100028,100,99901,100,100043,100,99892,100,100065,100,99891,100,100077,100,99852,100,100094,100,99804,100,100096,100,99654,100
2019-06-28 09:36:30.943637320,99992,380,99982,100,99995,100,99978,380,100004,100,99951,100,100015,100,99935,100,100028,100,99928,200,100043,100,99901,100,100065,100,99892,100,100077,100,99891,100,100094,100,99852,100,100096,100,99804,100
2019-06-28 09:36:32.057977717,99992,380,99982,100,99995,100,99978,380,100004,100,99951,100,100015,100,99935,100,100028,100,99928,200,100043,100,99901,100,100065,100,99892,100,100077,100,99891,100,100094,100,99852,100,100096,100,99804,100
2019-06-28 09:36:40.000000000,99992,195,99982,195,99995,192,99978,192,100004,192,99951,192,100015,100,99935,100,100028,100,99928,200,100043,100,99901,100,100065,100,99892,100,100077,100,99891,100,100094,100,99852,100,100096,100,99804,100
2019-06-28 09:36:50.000000000,99992,195,99982,195,99995,192,99978,192,100004,192,99951,192,100015,100,99935,100,100028,100,99928,200,100043,100,99901,100,100065,100,99892,100,100077,100,99891,100,100094,100,99852,100,100096,100,99804,100
2019-06-28 09:36:50.769429496,99992,195,99982,195,99995,192,99978,192,100004,192,99951,192,100015,100,99935,100,100028,100,99928,100,100043,100,99901,100,100065,100,99892,100,100077,100,99891,100,100094,100,99852,100,100096,100,99804,100
2019-06-28 09:36:59.069336896,99992,195,99982,195,99995,192,99978,192,100004,192,99951,192,100015,100,99935,100,100028,100,99928,100,100043,100,99901,100,100065,100,99892,100,100077,100,99891,100,100094,100,99852,100,100096,100,99804,100
2019-06-28 09:37:00.000000000,99992,240,99982,240,99995,240,99978,240,100004,100,99951,100,100015,100,99935,100,100028,100,99928,100,100043,100,99901,100,100065,100,99892,100,100077,100,99891,100,100094,100,99852,100,100096,100,99804,100
2019-06-28 09:37:09.793121965,99992,240,99982,240,99995,240,99978,240,100004,100,99951,100,100015,100,99935,100,100028,100,99928,100,100043,100,99901,100,100065,100,99892,100,100077,100,99891,100,100094,100,99852,100,100096,100,99804,100
2019-06-28 09:37:10.000000000,99992,195,99982,195,99995,192,99978,192,100004,192,99951,192,100015,100,99935,100,100028,100,99928,100,100043,100,99901,100,100065,100,99892,100,100077,100,99891,100,100094,100,99852,100,100096,100,99804,100
2019-06-28 09:37:20.000000000,99992,240,99982,240,99995,240,99978,240,100004,100,99951,100,100015,100,99935,100,100028,100,99928,100,100043,100,99901,100,100065,100,99892,100,100077,100,99891,100,100094,100,99852,100,100096,100,99804,100
2019-06-28 09:37:30.000000000,99992,170,99982,170,99995,170,99978,170,100004,170,99951,170,100015,170,99935,170,100028,100,99928,100,100043,100,99901,100,100065,100,99892,100,100077,100,99891,100,100094,100,99852,100,100096,100,99804,100
2019-06-28 09:37:34.958918141,99992,170,99982,270,99995,170,99978,170,100004,170,99951,170,100015,170,99935,170,100028,100,99928,100,100043,100,99901,100,100065,100,99892,100,100077,100,99891,100,100094,100,99852,100,100096,100,99804,100
2019-06-28 09:37:36.658273930,99992,170,99982,270,99995,170,99978,170,100004,170,99951,170,100015,170,99935,170,100028,100,99928,100,100043,100,99901,100,100065,100,99892,100,100077,100,99891,100,100094,100,99852,100,100096,100,99804,100
2019-06-28 09:37:40.000000000,99992,240,99982,340,99995,240,99978,240,100004,100,99951,100,100015,100,99935,100,100028,100,99928,100,100043,100,99901,100,100065,100,99892,100,100077,100,99891,100,100094,100,99852,100,100096,100,99804,100
2019-06-28 09:37:50.000000000,99992,195,99982,295,99995,192,99978,192,100004,192,99951,192,100015,100,99935,100,100028,100,99928,100,100043,100,99901,100,100065,100,99892,100,100077,100,99891,100,100094,100,99852,100,100096,100,99804,100
2019-06-28 09:37:58.936170804,99992,195,99982,295,99995,192,99978,192,100004,192,99951,192,100015,100,99935,100,100028,100,99928,100,100043,100,99901,100,100065,100,99892,100,100094,100,99891,100,100096,100,99852,100,100127,100,99804,100
2019-06-28 09:38:00.000000000,99992,156,99982,256,99995,156,99978,156,100004,156,99951,156,100015,156,99935,156,100028,156,99928,156,100043,100,99901,100,100065,100,99892,100,100094,100,99891,100,100096,100,99852,100,100127,100,99804,100
2019-06-28 09:38:10.000000000,99992,380,99982,480,99995,100,99978,100,100004,100,99951,100,100015,100,99935,100,100028,100,99928,100,100043,100,99901,100,100065,100,99892,100,100094,100,99891,100,100096,100,99852,100,100127,100,99804,100
2019-06-28 09:38:20.000000000,99992,380,99982,480,99995,100,99978,100,100004,100,99951,100,100015,100,99935,100,100028,100,99928,100,100043,100,99901,100,100065,100,99892,100,100094,100,99891,100,100096,100,99852,100,100127,100,99804,100
2019-06-28 09:38:22.526120440,99992,380,99982,480,99995,100,99978,100,100004,100,99951,100,100015,100,99935,100,100028,100,99928,100,100043,100,99901,100,100065,100,99892,100,100094,100,99891,100,100096,100,99852,100,100127,100,99804,100
2019-06-28 09:38:30.000000000,99992,195,99982,295,99995,192,99978,192,100004,192,99951,192,100015,100,99935,100,100028,100,99928,100,100043,100,99901,100,100065,100,99892,100,100094,100,99891,100,100096,100,99852,100,100127,100,99804,100
2019-06-28 09:38:36.927949118,99992,195,99982,295,99995,192,99978,192,100004,192,99975,100,100015,100,99951,192,100028,100,99935,100,100043,100,99901,100,100065,100,99892,100,100094,100,99891,100,100096,100,99852,100,100127,100,99804,100
2019-06-28 09:38:40.000000000,99992,380,99982,480,99995,100,99978,100,100004,100,99975,100,100015,100,99951,100,100028,100,99935,100,100043,100,99901,100,100065,100,99892,100,100094,100,99891,100,100096,100,99852,100,100127,100,99804,100
2019-06-28 09:38:45.016598237,99992,380,99982,480,99995,100,99978,100,100004,100,99975,100,100015,100,99951,100,100028,100,99935,100,100043,100,99901,100,100055,100,99892,100,100065,100,99891,100,100094,100,99852,100,100127,100,99804,100
2019-06-28 09:38:50.000000000,99992,195,99982,295,99995,192,99978,192,100004,192,99975,192,100015,100,99951,100,100028,100,99935,100,100043,100,99901,100,100055,100,99892,100,100065,100,99891,100,100094,100,99852,100,100127,100,99804,100
2019-06-28 09:39:00.000000000,99992,380,99982,480,99995,100,99978,100,100004,100,99975,100,100015,100,99951,100,100028,100,99935,100,100043,100,99901,100,100055,100,99892,100,100065,100,99891,100,100094,100,99852,100,100127,100,99804,100
2019-06-28 09:39:08.716159130,99992,380,99982,480,99995,100,99978,100,100004,100,99975,100,100015,100,99951,100,100028,100,99935,100,100043,100,99901,100,100055,100,99892,100,100065,100,99891,100,100094,100,99852,100,100127,100,99804,100
2019-06-28 09:39:09.663899462,99992,380,99982,380,99995,100,99978,100,100004,100,99975,100,100015,100,99951,100,100028,100,99935,100,100043,100,99901,100,100055,100,99892,100,100065,100,99891,100,100094,100,99852,100,100127,100,99804,100
2019-06-28 09:39:10.000000000,99992,195,99982,195,99995,192,99978,192,100004,192,99975,192,100015,100,99951,100,100028,100,99935,100,100043,100,99901,100,100055,100,99892,100,100065,100,99891,100,100094,100,99852,100,100127,100,99804,100
2019-06-28 09:39:18.618885739,99992,195,99982,195,99995,192,99978,192,100004,192,99975,192,100015,100,99951,100,100028,100,99935,100,100043,100,99901,100,100055,100,99892,100,100065,100,99891,100,100127,100,99852,100,100131,200,99804,100
2019-06-28 09:39:20.000000000,99992,156,99982,156,99995,156,99978,156,100004,156,99975,156,100015,156,99951,156,100028,156,99935,156,100043,100,99901,100,100055,100,99892,100,100065,100,99891,100,100127,100,99852,100,100131,200,99804,100
2019-06-28 09:39:20.783003263,99992,156,99982,156,99995,156,99978,156,100004,156,99975,156,100015,156,99951,156,100028,156,99935,156,100043,100,99901,100,100055,100,99892,100,100065,100,99891,100,100127,100,99852,100,100131,200,99804,100
2019-06-28 09:39:30.000000000,99992,380,99982,380,99995,100,99978,100,100004,100,99975,100,100015,100,99951,100,100028,100,99935,100,100043,100,99901,100,100055,100,99892,100,100065,100,99891,100,100127,100,99852,100,100131,200,99804,100
2019-06-28 09:39:40.000000000,99992,195,99982,195,99995,192,99978,192,100004,192,99975,192,100015,100,99951,100,100028,100,99935,100,100043,100,99901,100,100055,100,99892,100,100065,100,99891,100,100127,100,99852,100,100131,200,99804,100
2019-06-28 09:39:50.000000000,99992,156,99982,156,99995,156,99978,156,100004,156,99975,156,100015,156,99951,156,100028,156,99935,156,100043,100,99901,100,100055,100,99892,100,100065,100,99891,100,100127,100,99852,100,100131,200,99804,100
2019-06-28 09:40:00.000000000,99992,156,99982,156,99995,156,99978,156,100004,156,99975,156,100015,156,99951,156,100028,156,99935,156,100043,100,99901,100,100055,100,99892,100,100065,100,99891,100,100127,100,99852,100,100131,200,99804,100
2019-06-28 09:40:06.344221513,99992,156,99982,156,99995,156,99978,156,100004,156,99975,156,100015,156,99951,156,100028,156,99935,156,100043,100,99901,100,100055,100,99892,100,100065,100,99891,100,100127,100,99852,100,100131,200,99804,100
2019-06-28 09:40:06.682993553,99992,156,99982,156,99995,56,99978,156,100004,156,99975,156,100015,156,99951,156,100028,156,99935,156,100043,100,99901,100,100055,100,99892,100,100065,100,99891,100,100127,100,99852,100,100131,200,99804,100
2019-06-28 09:40:10.000000000,99992,380,99982,380,100004,100,99978,100,100015,100,99975,100,100028,100,99951,100,100043,100,99935,100,100055,100,99901,100,100065,100,99892,100,100127,100,99891,100,100131,200,99852,100,100143,100,99804,100
2019-06-28 09:40:20.000000000,99992,156,99982,156,100004,156,99978,156,100015,156,99975,156,100028,156,99951,156,100043,156,99935,156,100055,100,99901,100,100065,100,99892,100,100127,100,99891,100,100131,200,99852,100,100143,100,99804,100
2019-06-28 09:40:24.620597937,99992,156,99982,56,100004,156,99978,156,100015,156,99975,156,100028,156,99951,156,100043,156,99935,156,100055,100,99901,100,100065,100,99892,100,100127,100,99891,100,100131,200,99852,100,100143,100,99804,100
2019-06-28 09:40:30.000000000,99992,156,99978,156,100004,156,99975,156,100015,156,99951,156,100028,156,99935,156,100043,156,99901,156,100055,100,99892,100,100065,100,99891,100,100127,100,99852,100,100131,200,99804,100,100143,100,99771,100
2019-06-28 09:40:40.000000000,99992,195,99978,195,100004,192,99975,192,100015,192,99951,192,100028,100,99935,100,100043,100,99901,100,100055,100,99892,100,100065,100,99891,100,100127,100,99852,100,100131,200,99804,100,100143,100,99771,100
2019-06-28 09:40:48.250382413,99992,195,99978,95,100004,192,99975,192,100015,192,99951,192,100028,100,99935,100,100043,100,99901,100,100055,100,99892,100,100065,100,99891,100,100127,100,99852,100,100131,200,99804,100,100143,100,99771,100
2019-06-28 09:40:50.000000000,99992,170,99975,170,100004,170,99951,170,100015,170,99935,170,100028,170,99901,170,100043,100,99892,100,100055,100,99891,100,100065,100,99852,100,100127,100,99804,100,100131,200,99771,100,100143,100,99748,100
2019-06-28 09:40:57.760180129,99992,170,99975,170,100004,170,99951,170,100015,170,99935,170,100026,100,99901,170,100028,170,99892,100,100055,100,99891,100,100065,100,99852,100,100127,100,99804,100,100131,200,99771,100,100143,100,99748,100
2019-06-28 09:41:00.000000000,99992,240,99975,240,100004,240,99951,240,100015,100,99935,100,100026,100,99901,100,100028,100,99892,100,100055,100,99891,100,100065,100,99852,100,100127,100,99804,100,100131,200,99771,100,100143,100,99748,100
2019-06-28 09:41:10.000000000,99992,170,99975,170,100004,170,99951,170,100015,170,99935,170,100026,170,99901,170,100028,100,99892,100,100055,100,99891,100,100065,100,99852,100,100127,100,99804,100,100131,200,99771,100,100143,100,99748,100
2019-06-28 09:41:20.000000000,99992,170,99975,170,100004,170,99951,170,100015,170,99935,170,100026,170,99901,170,100028,100,99892,100,100055,100,99891,100,100065,100,99852,100,100127,100,99804,100,100131,200,99771,100,100143,100,99748,100
2019-06-28 09:41:30.000000000,99992,195,99975,195,100004,192,99951,192,100015,192,99935,192,100026,100,99901,100,100028,100,99892,100,100055,100,99891,100,100065,100,99852,100,100127,100,99804,100,100131,200,99771,100,100143,100,99748,100
2019-06-28 09:41:40.000000000,99992,195,99975,195,100004,192,99951,192,100015,192,99935,192,100026,100,99901,100,100028,100,99892,100,100055,100,99891,100,100065,100,99852,100,100127,100,99804,100,100131,200,99771,100,100143,100,99748,100
2019-06-28 09:41:50.000000000,99992,380,99975,380,100004,100,99951,100,100015,100,99935,100,100026,100,99901,100,100028,100,99892,100,100055,100,99891,100,100065,100,99852,100,100127,100,99804,100,100131,200,99771,100,100143,100,99748,100
2019-06-28 09:42:00.000000000,99992,156,99975,156,100004,156,99951,156,100015,156,99935,156,100026,156,99901,156,100028,156,99892,156,100055,100,99891,100,100065,100,99852,100,100127,100,99804,100,100131,200,99771,100,100143,100,99748,100
2019-06-28 09:42:05.509102777,99992,156,99977,100,100004,156,99975,156,100015,156,99951,56,100026,156,99935,156,100028,156,99901,156,100055,100,99892,156,100065,100,99891,100,100127,100,99852,100,100131,200,99804,100,100143,100,99771,100
2019-06-28 09:42:10.000000000,99992,240,99977,240,100004,240,99975,240,100015,100,99935,100,100026,100,99901,100,100028,100,99892,100,100055,100,99891,100,100065,100,99852,100,100127,100,99804,100,100131,200,99771,100,100143,100,99748,100
2019-06-28 09:42:14.505508445,99992,240,99977,240,100004,240,99975,240,100015,100,99964,100,100026,100,99935,100,100028,100,99901,100,100055,100,99892,100,100065,100,99891,100,100127,100,99852,100,100131,200,99804,100,100143,100,99771,100
2019-06-28 09:42:20.000000000,99992,170,99977,170,100004,170,99975,170,100015,170,99964,170,100026,170,99935,170,100028,100,99901,100,100055,100,99892,100,100065,100,99891,100,100127,100,99852,100,100131,200,99804,100,100143,100,99771,100
2019-06-28 09:42:20.646006107,99992,170,99977,170,100004,170,99975,170,100015,170,99964,170,100026,170,99935,170,100028,100,99901,100,100055,100,99892,100,100065,100,99891,100,100127,100,99852,100,100131,200,99804,100,100143,100,99771,100
2019-06-28 09:42:30.000000000,99992,195,99977,195,100004,192,99975,192,100015,192,99964,192,100026,100,99935,100,100028,100,99901,100,100055,100,99892,100,100065,100,99891,100,100127,100,99852,100,100131,200,99804,100,100143,100,99771,100
2019-06-28 09:42:40.000000000,99992,156,99977,156,100004,156,99975,156,100015,156,99964,156,100026,156,99935,156,100028,156,99901,156,100055,100,99892,100,100065,100,99891,100,100127,100,99852,100,100131,200,99804,100,100143,100,99771,100
2019-06-28 09:42:50.000000000,99992,156,99977,156,100004,156,99975,156,100015,156,99964,156,100026,156,99935,156,100028,156,99901,156,100055,100,99892,100,100065,100,99891,100,100127,100,99852,100,100131,200,99804,100,100143,100,99771,100
2019-06-28 09:42:55.724816177,99992,156,99977,56,100004,156,99975,156,100015,156,99964,156,100026,156,99935,156,100028,156,99901,156,100055,100,99892,100,100065,100,99891,100,100127,100,99852,100,100131,200,99804,100,100143,100,99771,100
2019-06-28 09:42:57.200744810,99977,44,99975,156,99992,156,99964,156,100004,156,99935,156,100015,156,99901,156,100026,156,99892,100,100028,156,99891,100,100055,100,99852,100,100065,100,99804,100,100127,100,99771,100,100131,200,99748,100
2019-06-28 09:43:00.000000000,99977,184,99975,240,99992,240,99964,240,100004,100,99935,100,100015,100,99901,100,100026,100,99892,100,100028,100,99891,100,100055,100,99852,100,100065,100,99804,100,100127,100,99771,100,100131,200,99748,100
2019-06-28 09:43:10.000000000,99977,100,99975,156,99992,156,99964,156,100004,156,99935,156,100015,156,99901,156,100026,156,99892,156,100028,100,99891,100,100055,100,99852,100,100065,100,99804,100,100127,100,99771,100,100131,200,99748,100
2019-06-28 09:43:20.000000000,99977,324,99975,380,99992,100,99964,100,100004,100,99935,100,100015,100,99901,100,100026,100,99892,100,100028,100,99891,100,100055,100,99852,100,100065,100,99804,100,100127,100,99771,100,100131,200,99748,100
2019-06-28 09:43:26.463214973,99977,324,99975,380,99992,100,99964,100,100004,100,99935,100,100015,100,99901,100,100026,100,99892,100,100028,100,99891,100,100055,100,99852,100,100065,100,99804,100,100114,100,99771,100,100127,100,99748,100
2019-06-28 09:43:30.000000000,99977,100,99975,156,99992,156,99964,156,100004,156,99935,156,100015,156,99901,156,100026,156,99892,156,100028,100,99891,100,100055,100,99852,100,100065,100,99804,100,100114,100,99771,100,100127,100,99748,100
2019-06-28 09:43:33.296207132,99992,156,99975,156,100004,156,99964,156,100015,156,99935,156,100026,156,99901,156,100028,100,99892,156,100055,100,99891,100,100065,100,99852,100,100114,100,99804,100,100127,100,99771,100,100131,200,99748,100
2019-06-28 09:43:40.000000000,99992,170,99975,170,100004,170,99964,170,100015,170,99935,170,100026,170,99901,170,100028,100,99892,100,100055,100,99891,100,100065,100,99852,100,100114,100,99804,100,100127,100,99771,100,100131,200,99748,100
2019-06-28 09:43:50.000000000,99992,170,99975,170,100004,170,99964,170,100015,170,99935,170,100026,170,99901,170,100028,100,99892,100,100055,100,99891,100,100065,100,99852,100,100114,100,99804,100,100127,100,99771,100,100131,200,99748,100
2019-06-28 09:44:00.000000000,99992,156,99975,156,100004,156,99964,156,100015,156,99935,156,100026,156,99901,156,100028,156,99892,156,100055,100,99891,100,100065,100,99852,100,100114,100,99804,100,100127,100,99771,100,100131,200,99748,100
2019-06-28 09:44:04.651043281,99992,156,99975,56,100004,156,99964,156,100015,156,99935,156,100026,156,99901,156,100028,156,99892,156,100055,100,99891,100,100065,100,99852,100,100114,100,99804,100,100127,100,99771,100,100131,200,99748,100
2019-06-28 09:44:10.000000000,99992,156,99964,156,100004,156,99935,156,100015,156,99901,156,100026,156,99892,156,100028,156,99891,156,100055,100,99852,100,100065,100,99804,100,100114,100,99771,100,100127,100,99748,100,100131,200,99654,100
2019-06-28 09:44:15.440889585,99976,100,99964,156,99992,156,99935,156,100004,156,99901,156,100015,156,99892,156,100026,156,99891,156,100028,156,99852,100,100055,100,99804,100,100065,100,99771,100,100114,100,99748,100,100127,100,99654,100
2019-06-28 09:44:17.185338117,99976,100,99964,156,99992,156,99935,156,100004,156,99901,156,100015,156,99892,156,100026,156,99891,156,100028,156,99852,100,100055,100,99804,100,100065,200,99771,100,100114,100,99748,100,100127,100,99654,100
2019-06-28 09:44:20.000000000,99976,240,99964,240,99992,240,99935,240,100004,100,99901,100,100015,100,99892,100,100026,100,99891,100,100028,100,99852,100,100055,100,99804,100,100065,200,99771,100,100114,100,99748,100,100127,100,99654,100
2019-06-28 09:44:30.000000000,99976,380,99964,380,99992,100,99935,100,100004,100,99901,100,100015,100,99892,100,100026,100,99891,100,100028,100,99852,100,100055,100,99804,100,100065,200,99771,100,100114,100,99748,100,100127,100,99654,100
2019-06-28 09:44:40.000000000,99976,170,99964,170,99992,170,99935,170,100004,170,99901,170,100015,170,99892,170,100026,100,99891,100,100028,100,99852,100,100055,100,99804,100,100065,200,99771,100,100114,100,99748,100,100127,100,99654,100
2019-06-28 09:44:49.221502005,99976,170,99964,170,99992,170,99935,170,100004,170,99901,170,100015,170,99892,170,100026,100,99891,100,100028,100,99852,100,100055,100,99804,100,100065,200,99771,100,100114,100,99748,100,100127,100,99654,100
2019-06-28 09:44:50.000000000,99976,240,99964,240,99992,240,99935,240,100004,100,99901,100,100015,100,99892,100,100026,100,99891,100,100028,100,99852,100,100055,100,99804,100,100065,200,99771,100,100114,100,99748,100,100127,100,99654,100
2019-06-28 09:44:53.437727444,99976,240,99964,240,99992,240,99935,240,100004,100,99909,100,100015,100,99901,100,100026,100,99892,100,100028,100,99891,100,100055,100,99852,100,100065,200,99804,100,100114,100,99771,100,100127,100,99748,100
2019-06-28 09:44:59.925378957,99976,240,99964,240,99992,240,99935,240,100004,100,99909,100,100015,100,99901,100,100026,100,99892,100,100028,100,99891,100,100055,100,99852,100,100065,200,99804,100,100114,100,99771,100,100127,100,99748,100
2019-06-28 09:45:00.000000000,99976,156,99964,156,99992,156,99935,156,100004,156,99909,156,100015,156,99901,156,100026,156,99892,156,100028,100,99891,100,100055,100,99852,100,100065,200,99804,100,100114,100,99771,100,100127,100,99748,100
2019-06-28 09:45:10.000000000,99976,156,99964,156,99992,156,99935,156,100004,156,99909,156,100015,156,99901,156,100026,156,99892,156,100028,100,99891,100,100055,100,99852,100,100065,200,99804,100,100114,100,99771,100,100127,100,99748,100
2019-06-28 09:45:20.000000000,99976,195,99964,195,99992,192,99935,192,100004,192,99909,192,100015,100,99901,100,100026,100,99892,100,100028,100,99891,100,100055,100,99852,100,100065,200,99804,100,100114,100,99771,100,100127,100,99748,100
2019-06-28 09:45:30.000000000,99976,156,99964,156,99992,156,99935,156,100004,156,99909,156,100015,156,99901,156,100026,156,99892,156,100028,100,99891,100,100055,100,99852,100,100065,200,99804,100,100114,100,99771,100,100127,100,99748,100
2019-06-28 09:45:37.044166366,99976,156,99964,156,99992,156,99935,156,100004,156,99909,156,100015,156,99901,156,100026,156,99892,156,100028,100,99852,100,100055,100,99840,100,100065,200,99804,100,100114,100,99771,100,100127,100,99748,100
2019-06-28 09:45:40.000000000,99976,195,99964,195,99992,192,99935,192,100004,192,99909,192,100015,100,99901,100,100026,100,99892,100,100028,100,99852,100,100055,100,99840,100,100065,200,99804,100,100114,100,99771,100,100127,100,99748,100
2019-06-28 09:45:47.069550287,99976,195,99964,195,99992,192,99935,192,100004,192,99909,192,100015,100,99901,100,100026,100,99892,100,100028,100,99864,100,100055,100,99852,100,100065,100,99840,100,100114,100,99804,100,100127,100,99771,100
2019-06-28 09:45:50.000000000,99976,380,99964,380,99992,100,99935,100,100004,100,99909,100,100015,100,99901,100,100026,100,99892,100,100028,100,99864,100,100055,100,99852,100,100065,100,99840,100,100114,100,99804,100,100127,100,99771,100
2019-06-28 09:46:00.000000000,99976,170,99964,170,99992,170,99935,170,100004,170,99909,170,100015,170,99901,170,100026,100,99892,100,100028,100,99864,100,100055,100,99852,100,100065,100,99840,100,100114,100,99804,100,100127,100,99771,100
2019-06-28 09:46:10.000000000,99976,170,99964,170,99992,170,99935,170,100004,170,99909,170,100015,170,99901,170,100026,100,99892,100,100028,100,99864,100,100055,100,99852,100,100065,100,99840,100,100114,100,99804,100,100127,100,99771,100
2019-06-28 09:46:15.436566767,99976,270,99964,170,99992,170,99935,170,100004,170,99909,170,100015,170,99901,170,100026,100,99892,100,100028,100,99864,100,100055,100,99852,100,100065,100,99840,100,100114,100,99804,100,100127,100,99771,100
2019-06-28 09:46:20.000000000,99976,295,99964,195,99992,192,99935,192,100004,192,99909,192,100015,100,99901,100,100026,100,99892,100,100028,100,99864,100,100055,100,99852,100,100065,100,99840,100,100114,100,99804,100,100127,100,99771,100
2019-06-28 09:46:30.000000000,99976,270,99964,170,99992,170,99935,170,100004,170,99909,170,100015,170,99901,170,100026,100,99892,100,100028,100,99864,100,100055,100,99852,100,100065,100,99840,100,100114,100,99804,100,100127,100,99771,100
2019-06-28 09:46:37.034326263,99976,270,99964,170,99992,170,99935,170,100004,170,99909,170,100015,170,99901,170,100026,100,99892,100,100028,100,99872,100,100055,100,99864,100,100065,100,99852,100,100114,100,99804,100,100127,100,99771,100
2019-06-28 09:46:40.000000000,99976,295,99964,195,99992,192,99935,192,100004,192,99909,192,100015,100,99901,100,100026,100,99892,100,100028,100,99872,100,100055,100,99864,100,100065,100,99852,100,100114,100,99804,100,100127,100,99771,100
2019-06-28 09:46:41.892376648,99976,395,99964,195,99992,192,99935,192,100004,192,99909,192,100015,100,99901,100,100026,100,99892,100,100028,100,99872,100,100055,100,99864,100,100065,100,99852,100,100114,100,99804,100,100127,100,99771,100
2019-06-28 09:46:44.777157542,99976,395,99964,95,99992,192,99935,192,100004,192,99909,192,100015,100,99901,100,100026,100,99892,100,100028,100,99872,100,100055,100,99864,100,100065,100,99852,100,100114,100,99804,100,100127,100,99771,100
2019-06-28 09:46:50.000000000,99976,356,99935,156,99992,156,99909,156,100004,156,99901,156,100015,156,99892,156,100026,156,99872,156,100028,100,99864,100,100055,100,99852,100,100065,100,99804,100,100114,100,99771,100,100127,100,99748,100
2019-06-28 09:47:00.000000000,99976,440,99935,240,99992,240,99909,240,100004,100,99901,100,100015,100,99892,100,100026,100,99872,100,100028,100,99864,100,100055,100,99852,100,100065,100,99804,100,100114,100,99771,100,100127,100,99748,100
2019-06-28 09:47:10.000000000,99976,580,99935,380,99992,100,99909,100,100004,100,99901,100,100015,100,99892,100,100026,100,99872,100,100028,100,99864,100,100055,100,99852,100,100065,100,99804,100,100114,100,99771,100,100127,100,99748,100
2019-06-28 09:47:20.000000000,99976,580,99935,380,99992,100,99909,100,100004,100,99901,100,100015,100,99892,100,100026,100,99872,100,100028,100,99864,100,100055,100,99852,100,100065,100,99804,100,100114,100,99771,100,100127,100,99748,100
2019-06-28 09:47:28.062316763,99975,100,99935,380,99976,580,99909,100,99992,100,99901,100,100004,100,99892,100,100015,100,99872,100,100026,100,99864,100,100028,100,99852,100,100055,100,99804,100,100114,100,99771,100,100127,100,99748,100
2019-06-28 09:47:29.468303038,99975,100,99935,280,99976,580,99909,100,99992,100,99901,100,100004,100,99892,100,100015,100,99872,100,100026,100,99864,100,100055,100,99852,100,100114,100,99804,100,100127,100,99771,100,100131,100,99748,100
2019-06-28 09:47:30.000000000,99975,240,99909,240,99976,440,99901,240,99992,100,99892,100,100004,100,99872,100,100015,100,99864,100,100026,100,99852,100,100055,100,99804,100,100114,100,99771,100,100127,100,99748,100,100131,100,99654,100
2019-06-28 09:47:40.000000000,99975,156,99909,156,99976,356,99901,156,99992,156,99892,156,100004,156,99872,156,100015,156,99864,156,100026,100,99852,100,100055,100,99804,100,100114,100,99771,100,100127,100,99748,100,100131,100,99654,100
2019-06-28 09:47:50.000000000,99975,195,99909,195,99976,392,99901,192,99992,192,99892,192,100004,100,99872,100,100015,100,99864,100,100026,100,99852,100,100055,100,99804,100,100114,100,99771,100,100127,100,99748,100,100131,100,99654,100
2019-06-28 09:47:51.446995575,99964,100,99909,195,99975,195,99901,192,99976,392,99892,192,99992,192,99872,100,100004,100,99864,100,100015,100,99852,100,100026,100,99804,100,100055,100,99771,100,100114,100,99748,100,100127,100,99654,100
2019-06-28 09:47:52.978133227,99964,100,99909,95,99975,195,99901,192,99976,392,99892,192,99992,192,99872,100,100004,100,99864,100,100026,100,99852,100,100055,100,99804,100,100114,100,99771,100,100127,100,99748,100,100131,100,99654,100
2019-06-28 09:48:00.000000000,99964,156,99901,156,99975,156,99892,156,99976,356,99872,156,99992,156,99864,156,100004,156,99852,156,100026,100,99804,100,100055,100,99771,100,100114,100,99748,100,100127,100,99654,100,100131,100,99634,100
2019-06-28 09:48:00.129855143,99964,156,99901,56,99975,156,99892,156,99976,356,99872,156,99992,156,99864,156,100004,156,99852,156,100026,100,99804,100,100055,100,99771,100,100114,100,99748,100,100127,100,99654,100,100131,100,99634,100
2019-06-28 09:48:04.029481269,99909,100,99901,56,99964,156,99892,156,99975,156,99872,156,99976,356,99864,156,99992,156,99852,156,100004,156,99804,100,100026,100,99771,100,100055,100,99748,100,100114,100,99654,100,100127,100,99634,100
2019-06-28 09:48:05.211690857,99901,44,99892,56,99909,100,99872,156,99964,156,99864,156,99975,156,99852,156,99976,356,99804,100,99992,156,99771,100,100004,156,99748,100,100026,100,99654,100,100055,100,99634,100,100114,100,99585,100
2019-06-28 09:48:10.000000000,99901,114,99872,170,99909,170,99864,170,99964,170,99852,170,99975,170,99804,170,99976,300,99771,100,99992,100,99748,100,100004,100,99654,100,100026,100,99634,100,100055,100,99585,100,100114,100,99061,100
2019-06-28 09:48:10.864782331,99901,214,99872,170,99909,170,99864,170,99964,170,99852,170,99975,170,99804,170,99976,200,99771,100,99992,100,99748,100,100004,100,99654,100,100026,100,99634,100,100055,100,99585,100,100114,100,99061,100
2019-06-28 09:48:20.000000000,99901,284,99872,240,99909,240,99864,240,99964,100,99852,100,99975,100,99804,100,99976,200,99771,100,99992,100,99748,100,100004,100,99654,100,100026,100,99634,100,100055,100,99585,100,100114,100,99061,100
2019-06-28 09:48:30.000000000,99901,424,99872,380,99909,100,99864,100,99964,100,99852,100,99975,100,99804,100,99976,200,99771,100,99992,100,99748,100,100004,100,99654,100,100026,100,99634,100,100055,100,99585,100,100114,100,99061,100
2019-06-28 09:48:40.000000000,99901,214,99872,170,99909,170,99864,170,99964,170,99852,170,99975,170,99804,170,99976,200,99771,100,99992,100,99748,100,100004,100,99654,100,100026,100,99634,100,100055,100,99585,100,100114,100,99061,100
2019-06-28 09:48:50.000000000,99901,424,99872,380,99909,100,99864,100,99964,100,99852,100,99975,100,99804,100,99976,200,99771,100,99992,100,99748,100,100004,100,99654,100,100026,100,99634,100,100055,100,99585,100,100114,100,99061,100
2019-06-28 09:48:57.921601870,99901,424,99872,380,99909,100,99864,100,99964,100,99852,100,99975,100,99804,100,99976,200,99771,100,99992,100,99758,100,100004,100,99748,100,100026,100,99654,100,100055,100,99634,100,100114,100,99585,100
2019-06-28 09:49:00.000000000,99901,214,99872,170,99909,170,99864,170,99964,170,99852,170,99975,170,99804,170,99976,200,99771,100,99992,100,99758,100,100004,100,99748,100,100026,100,99654,100,100055,100,99634,100,100114,100,99585,100
2019-06-28 09:49:10.000000000,99901,424,99872,380,99909,100,99864,100,99964,100,99852,100,99975,100,99804,100,99976,200,99771,100,99992,100,99758,100,100004,100,99748,100,100026,100,99654,100,100055,100,99634,100,100114,100,99585,100
2019-06-28 09:49:15.015895845,99901,424,99872,380,99909,100,99864,100,99964,100,99852,100,99975,100,99804,100,99976,200,99771,100,99992,100,99758,100,100004,100,99748,100,100026,100,99710,100,100055,100,99654,100,100127,100,99634,100
2019-06-28 09:49:20.000000000,99901,239,99872,195,99909,192,99864,192,99964,192,99852,192,99975,100,99804,100,99976,200,99771,100,99992,100,99758,100,100004,100,99748,100,100026,100,99710,100,100055,100,99654,100,100127,100,99634,100
2019-06-28 09:49:30.000000000,99901,239,99872,195,99909,192,99864,192,99964,192,99852,192,99975,100,99804,100,99976,200,99771,100,99992,100,99758,100,100004,100,99748,100,100026,100,99710,100,100055,100,99654,100,100127,100,99634,100
2019-06-28 09:49:40.000000000,99901,424,99872,380,99909,100,99864,100,99964,100,99852,100,99975,100,99804,100,99976,200,99771,100,99992,100,99758,100,100004,100,99748,100,100026,100,99710,100,100055,100,99654,100,100127,100,99634,100
2019-06-28 09:49:50.000000000,99901,200,99872,156,99909,156,99864,156,99964,156,99852,156,99975,156,99804,156,99976,256,99771,156,99992,100,99758,100,100004,100,99748,100,100026,100,99710,100,100055,100,99654,100,100127,100,99634,100
2019-06-28 09:50:00.000000000,99901,424,99872,380,99909,100,99864,100,99964,100,99852,100,99975,100,99804,100,99976,200,99771,100,99992,100,99758,100,100004,100,99748,100,100026,100,99710,100,100055,100,99654,100,100127,100,99634,100
2019-06-28 09:50:10.000000000,99901,239,99872,195,99909,192,99864,192,99964,192,99852,192,99975,100,99804,100,99976,200,99771,100,99992,100,99758,100,100004,100,99748,100,100026,100,99710,100,100055,100,99654,100,100127,100,99634,100
2019-06-28 09:50:17.283790501,99877,100,99872,195,99901,239,99864,192,99909,192,99852,192,99964,192,99804,100,99975,100,99771,100,99976,200,99758,100,99992,100,99748,100,100004,100,99710,100,100026,100,99654,100,100055,100,99634,100
2019-06-28 09:50:20.000000000,99877,170,99872,170,99901,214,99864,170,99909,170,99852,170,99964,170,99804,170,99975,100,99771,100,99976,200,99758,100,99992,100,99748,100,100004,100,99710,100,100026,100,99654,100,100055,100,99634,100
2019-06-28 09:50:20.097384665,99877,70,99872,170,99901,214,99864,170,99909,170,99852,170,99964,170,99804,170,99975,100,99771,100,99976,200,99758,100,99992,100,99748,100,100004,100,99710,100,100026,100,99654,100,100055,100,99634,100
2019-06-28 09:50:30.000000000,99901,239,99872,195,99909,192,99864,192,99964,192,99852,192,99975,100,99804,100,99976,200,99771,100,99992,100,99758,100,100004,100,99748,100,100026,100,99710,100,100055,100,99654,100,100127,100,99634,100
2019-06-28 09:50:35.407847257,99901,139,99872,195,99909,192,99864,192,99964,192,99852,192,99975,100,99804,100,99976,200,99771,100,99992,100,99758,100,100004,100,99748,100,100026,100,99710,100,100055,100,99654,100,100127,100,99634,100
2019-06-28 09:50:40.000000000,99901,139,99872,195,99909,192,99864,192,99964,192,99852,192,99975,100,99804,100,99976,200,99771,100,99992,100,99758,100,100004,100,99748,100,100026,100,99710,100,100055,100,99654,100,100127,100,99634,100
2019-06-28 09:50:50.000000000,99901,139,99872,195,99909,192,99864,192,99964,192,99852,192,99975,100,99804,100,99976,200,99771,100,99992,100,99758,100,100004,100,99748,100,100026,100,99710,100,100055,100,99654,100,100127,100,99634,100
2019-06-28 09:50:56.286913052,99900,100,99872,195,99901,139,99864,192,99909,192,99852,192,99964,192,99804,100,99975,100,99771,100,99976,200,99758,100,99992,100,99748,100,100004,100,99710,100,100026,100,99654,100,100055,100,99634,100
2019-06-28 09:51:00.000000000,99900,380,99872,380,99901,44,99864,100,99909,100,99852,100,99964,100,99804,100,99975,100,99771,100,99976,200,99758,100,99992,100,99748,100,100004,100,99710,100,100026,100,99654,100,100055,100,99634,100
2019-06-28 09:51:10.000000000,99900,170,99872,170,99901,114,99864,170,99909,170,99852,170,99964,170,99804,170,99975,100,99771,100,99976,200,99758,100,99992,100,99748,100,100004,100,99710,100,100026,100,99654,100,100055,100,99634,100
2019-06-28 09:51:20.000000000,99900,380,99872,380,99901,44,99864,100,99909,100,99852,100,99964,100,99804,100,99975,100,99771,100,99976,200,99758,100,99992,100,99748,100,100004,100,99710,100,100026,100,99654,100,100055,100,99634,100
2019-06-28 09:51:24.986087330,99900,380,99872,280,99901,44,99864,100,99909,100,99852,100,99964,100,99804,100,99975,100,99758,100,99976,200,99748,100,99992,100,99710,100,100004,100,99654,100,100026,100,99634,100,100055,100,99585,100
2019-06-28 09:51:30.000000000,99900,170,99864,170,99901,114,99852,170,99909,170,99804,170,99964,170,99758,170,99975,100,99748,100,99976,200,99710,100,99992,100,99654,100,100004,100,99634,100,100026,100,99585,100,100055,100,99061,100
2019-06-28 09:51:40.000000000,99900,380,99864,380,99901,44,99852,100,99909,100,99804,100,99964,100,99758,100,99975,100,99748,100,99976,200,99710,100,99992,100,99654,100,100004,100,99634,100,100026,100,99585,100,100055,100,99061,100
2019-06-28 09:51:50.000000000,99900,156,99864,156,99901,100,99852,156,99909,156,99804,156,99964,156,99758,156,99975,156,99748,156,99976,200,99710,100,99992,100,99654,100,100004,100,99634,100,100026,100,99585,100,100055,100,99061,100
2019-06-28 09:52:00.000000000,99900,156,99864,156,99901,100,99852,156,99909,156,99804,156,99964,156,99758,156,99975,156,99748,156,99976,200,99710,100,99992,100,99654,100,100004,100,99634,100,100026,100,99585,100,100055,100,99061,100
2019-06-28 09:52:05.848520181,99900,156,99864,56,99901,100,99852,156,99909,156,99804,156,99964,156,99758,156,99975,156,99748,156,99976,200,99710,100,99992,100,99654,100,100004,100,99634,100,100026,100,99585,100,100055,100,99061,100
2019-06-28 09:52:08.819031962,99900,156,99864,56,99901,100,99852,156,99909,156,99804,156,99964,156,99758,156,99975,156,99748,156,99976,200,99710,100,99992,100,99654,100,100004,100,99634,100,100026,100,99585,100,100055,100,99447,100
2019-06-28 09:52:09.431809404,99900,156,99864,56,99901,100,99852,156,99909,156,99804,156,99964,156,99758,156,99975,156,99748,156,99976,200,99710,100,99992,100,99654,100,100004,100,99634,100,100026,100,99585,100,100055,100,99447,100
2019-06-28 09:52:10.000000000,99900,170,99852,170,99901,114,99804,170,99909,170,99758,170,99964,170,99748,170,99975,100,99710,100,99976,200,99654,100,99992,100,99634,100,100004,100,99585,100,100026,100,99447,100,100055,100,99349,100
2019-06-28 09:52:17.146933815,99900,170,99852,70,99901,114,99804,170,99909,170,99758,170,99964,170,99748,170,99975,100,99710,100,99976,200,99654,100,99992,100,99634,100,100004,100,99585,100,100026,100,99447,100,100055,100,99349,100
2019-06-28 09:52:20.000000000,99900,170,99804,170,99901,114,99758,170,99909,170,99748,170,99964,170,99710,170,99975,100,99654,100,99976,200,99634,100,99992,100,99585,100,100004,100,99447,100,100026,100,99349,100,100055,100,99061,100
2019-06-28 09:52:30.000000000,99900,195,99804,195,99901,136,99758,192,99909,192,99748,192,99964,100,99710,100,99975,100,99654,100,99976,200,99634,100,99992,100,99585,100,100004,100,99447,100,100026,100,99349,100,100055,100,99061,100
2019-06-28 09:52:30.885990557,99900,195,99804,195,99901,136,99758,192,99909,192,99748,192,99964,100,99711,100,99975,100,99710,100,99976,200,99654,100,99992,100,99634,100,100004,100,99585,100,100026,100,99447,100,100055,100,99349,100
2019-06-28 09:52:40.000000000,99900,156,99804,156,99901,100,99758,156,99909,156,99748,156,99964,156,99711,156,99975,156,99710,156,99976,200,99654,100,99992,100,99634,100,100004,100,99585,100,100026,100,99447,100,100055,100,99349,100
2019-06-28 09:52:50.000000000,99900,195,99804,195,99901,136,99758,192,99909,192,99748,192,99964,100,99711,100,99975,100,99710,100,99976,200,99654,100,99992,100,99634,100,100004,100,99585,100,100026,100,99447,100,100055,100,99349,100
2019-06-28 09:53:00.000000000,99900,240,99804,240,99901,184,99758,240,99909,100,99748,100,99964,100,99711,100,99975,100,99710,100,99976,200,99654,100,99992,100,99634,100,100004,100,99585,100,100026,100,99447,100,100055,100,99349,100
2019-06-28 09:53:09.307044537,99864,100,99804,240,99900,140,99758,240,99901,184,99748,100,99909,100,99711,100,99964,100,99710,100,99975,100,99654,100,99976,200,99634,100,99992,100,99585,100,100004,100,99447,100,100026,100,99349,100
2019-06-28 09:53:10.000000000,99864,170,99804,170,99901,114,99758,170,99909,170,99748,170,99964,170,99711,170,99975,100,99710,100,99976,200,99654,100,99992,100,99634,100,100004,100,99585,100,100026,100,99447,100,100055,100,99349,100
2019-06-28 09:53:12.381666472,99864,270,99804,170,99901,114,99758,170,99909,170,99748,170,99964,170,99711,170,99975,100,99710,100,99976,200,99654,100,99992,100,99634,100,100004,100,99585,100,100026,100,99447,100,100055,100,99349,100
2019-06-28 09:53:15.008585643,99864,270,99804,170,99901,114,99758,170,99909,170,99748,170,99964,170,99711,170,99975,100,99710,100,99976,200,99654,100,99992,100,99634,100,100004,100,99585,100,100026,100,99447,100,100127,100,99349,100
2019-06-28 09:53:20.000000000,99864,480,99804,380,99901,44,99758,100,99909,100,99748,100,99964,100,99711,100,99975,100,99710,100,99976,200,99654,100,99992,100,99634,100,100004,100,99585,100,100026,100,99447,100,100127,100,99349,100
2019-06-28 09:53:24.891638487,99864,480,99804,380,99901,44,99758,100,99909,100,99748,100,99964,100,99711,100,99975,100,99710,100,99976,200,99654,100,99992,100,99634,100,100004,100,99585,100,100026,100,99447,100,100127,100,99446,100
2019-06-28 09:53:30.000000000,99864,340,99804,240,99901,184,99758,240,99909,100,99748,100,99964,100,99711,100,99975,100,99710,100,99976,200,99654,100,99992,100,99634,100,100004,100,99585,100,100026,100,99447,100,100127,100,99446,100
2019-06-28 09:53:36.623557730,99864,440,99804,240,99901,184,99758,240,99909,100,99748,100,99964,100,99711,100,99975,100,99710,100,99976,200,99654,100,99992,100,99634,100,100004,100,99585,100,100026,100,99447,100,100127,100,99446,100
2019-06-28 09:53:39.636745377,99864,440,99804,140,99901,184,99758,240,99909,100,99748,100,99964,100,99711,100,99975,100,99710,100,99976,200,99654,100,99992,100,99634,100,100004,100,99585,100,100026,100,99447,100,100127,100,99446,100
2019-06-28 09:53:39.687324523,99864,440,99804,140,99901,184,99758,240,99909,100,99748,100,99964,100,99711,100,99975,100,99710,100,99976,200,99654,100,99992,100,99634,100,100004,100,99585,100,100026,100,99447,100,100127,100,99446,100
2019-06-28 09:53:40.000000000,99864,356,99758,156,99901,100,99748,156,99909,156,99711,156,99964,156,99710,156,99975,156,99654,156,99976,200,99634,100,99992,100,99585,100,100004,100,99447,100,100026,100,99446,100,100127,100,99349,100
2019-06-28 09:53:50.000000000,99864,356,99758,156,99901,100,99748,156,99909,156,99711,156,99964,156,99710,156,99975,156,99654,156,99976,200,99634,100,99992,100,99585,100,100004,100,99447,100,100026,100,99446,100,100127,100,99349,100
2019-06-28 09:53:52.903540999,99864,356,99758,156,99901,100,99748,156,99909,156,99711,156,99964,156,99710,156,99975,156,99654,156,99976,200,99634,100,99992,100,99585,100,100004,100,99447,100,100026,100,99446,100,100127,100,99349,100
2019-06-28 09:53:54.373689942,99864,356,99758,56,99901,100,99748,156,99909,156,99711,156,99964,156,99710,156,99975,156,99654,156,99976,200,99585,100,99992,100,99447,100,100004,100,99446,100,100026,100,99349,100,100127,100,99244,100
2019-06-28 09:54:00.000000000,99864,370,99748,170,99901,114,99711,170,99909,170,99710,170,99964,170,99654,170,99975,100,99585,100,99976,200,99447,100,99992,100,99446,100,100004,100,99349,100,100026,100,99244,100,100127,100,99170,100
2019-06-28 09:54:06.271004072,99864,370,99748,70,99901,114,99711,170,99909,170,99710,170,99964,170,99654,170,99975,100,99585,100,99976,200,99447,100,99992,100,99446,100,100004,100,99349,100,100026,100,99244,100,100127,100,99170,100
2019-06-28 09:54:10.000000000,99864,395,99711,195,99901,136,99710,192,99909,192,99654,192,99964,100,99585,100,99975,100,99447,100,99976,200,99446,100,99992,100,99349,100,100004,100,99244,100,100026,100,99170,100,100127,100,98944,100
2019-06-28 09:54:14.775097823,99758,100,99711,195,99864,395,99710,192,99901,136,99654,192,99909,192,99585,100,99964,100,99447,100,99975,100,99446,100,99976,200,99349,100,99992,100,99244,100,100004,100,99170,100,100026,100,98944,100
2019-06-28 09:54:20.000000000,99758,195,99711,195,99864,392,99710,192,99901,136,99654,192,99909,100,99585,100,99964,100,99447,100,99975,100,99446,100,99976,200,99349,100,99992,100,99244,100,100004,100,99170,100,100026,100,98944,100
2019-06-28 09:54:30.000000000,99758,170,99711,170,99864,370,99710,170,99901,114,99654,170,99909,170,99585,170,99964,100,99447,100,99975,100,99446,100,99976,200,99349,100,99992,100,99244,100,100004,100,99170,100,100026,100,98944,100
2019-06-28 09:54:31.398130558,99758,170,99711,70,99864,370,99710,170,99901,114,99654,170,99909,170,99585,170,99964,100,99447,100,99975,100,99446,100,99976,200,99349,100,99992,100,99244,100,100004,100,99170,100,100026,100,98944,100
2019-06-28 09:54:40.000000000,99758,170,99710,170,99864,370,99654,170,99901,114,99585,170,99909,170,99447,170,99964,100,99446,100,99975,100,99349,100,99976,200,99244,100,99992,100,99170,100,100004,100,98944,100,100026,100,,
2019-06-28 09:54:42.663076415,99758,170,99710,70,99864,370,99654,170,99901,114,99585,170,99909,170,99447,170,99964,100,99446,100,99975,100,99244,100,99976,200,99170,100,99992,100,98944,100,100004,100,,,100026,100,,
2019-06-28 09:54:50.000000000,99758,380,99654,380,99864,300,99585,100,99901,44,99447,100,99909,100,99446,100,99964,100,99244,100,99975,100,99170,100,99976,200,98944,100,99992,100,,,100004,100,,,100026,100,,
2019-06-28 09:55:00.000000000,99758,380,99654,380,99864,300,99585,100,99901,44,99447,100,99909,100,99446,100,99964,100,99244,100,99975,100,99170,100,99976,200,98944,100,99992,100,,,100004,100,,,100026,100,,
2019-06-28 09:55:10.000000000,99758,380,99654,380,99864,300,99585,100,99901,44,99447,100,99909,100,99446,100,99964,100,99244,100,99975,100,99170,100,99976,200,98944,100,99992,100,,,100004,100,,,100026,100,,
2019-06-28 09:55:20.000000000,99758,240,99654,240,99864,440,99585,240,99901,44,99447,100,99909,100,99446,100,99964,100,99244,100,99975,100,99170,100,99976,200,98944,100,99992,100,,,100004,100,,,100026,100,,
2019-06-28 09:55:26.802216331,99758,240,99654,240,99864,440,99585,140,99901,44,99447,100,99909,100,99446,100,99964,100,99244,100,99975,100,99170,100,99976,200,98944,100,99992,100,98737,100,100004,100,,,100026,100,,
2019-06-28 09:55:28.858724364,99758,240,99654,140,99864,440,99585,140,99901,44,99447,100,99909,100,99446,100,99964,100,99244,100,99975,100,99170,100,99976,200,98944,100,99992,100,98737,100,100004,100,,,100026,100,,
2019-06-28 09:55:30.000000000,99758,170,99447,170,99864,370,99446,170,99901,114,99244,170,99909,170,99170,170,99964,100,98944,100,99975,100,98737,100,99976,200,,,99992,100,,,100004,100,,,100026,100,,
2019-06-28 09:55:30.010215216,99758,170,99447,170,99864,370,99446,170,99901,114,99244,170,99909,170,99170,170,99964,100,98944,100,99975,100,98737,100,99976,200,98668,100,99992,100,,,100004,100,,,100026,100,,
2019-06-28 09:55:36.377648902,99710,100,99447,170,99758,170,99446,170,99864,370,99244,170,99901,114,99170,170,99909,170,98944,100,99964,100,98737,100,99975,100,98668,100,99976,200,,,99992,100,,,100004,100,,
2019-06-28 09:55:40.000000000,99710,195,99447,195,99758,192,99446,192,99864,392,99244,192,99901,44,99170,100,99909,100,98944,100,99964,100,98737,100,99975,100,98668,100,99976,200,,,99992,100,,,100004,100,,
2019-06-28 09:55:41.312512460,99710,195,99447,195,99758,192,99446,192,99864,392,99244,192,99901,44,99170,100,99909,100,98944,100,99964,100,98766,100,99975,100,98737,100,99976,200,98668,100,99992,100,,,100004,100,,
2019-06-28 09:55:50.000000000,99710,240,99447,240,99758,240,99446,240,99864,300,99244,100,99901,44,99170,100,99909,100,98944,100,99964,100,98766,100,99975,100,98737,100,99976,200,98668,100,99992,100,,,100004,100,,
2019-06-28 09:56:00.000000000,99710,195,99447,195,99758,192,99446,192,99864,392,99244,192,99901,44,99170,100,99909,100,98944,100,99964,100,98766,100,99975,100,98737,100,99976,200,98668,100,99992,100,,,100004,100,,
2019-06-28 09:56:10.000000000,99710,380,99447,380,99758,100,99446,100,99864,300,99244,100,99901,44,99170,100,99909,100,98944,100,99964,100,98766,100,99975,100,98737,100,99976,200,98668,100,99992,100,,,100004,100,,
2019-06-28 09:56:20.000000000,99710,240,99447,240,99758,240,99446,240,99864,300,99244,100,99901,44,99170,100,99909,100,98944,100,99964,100,98766,100,99975,100,98737,100,99976,200,98668,100,99992,100,,,100004,100,,
2019-06-28 09:56:21.565815151,99710,240,99447,240,99758,240,99446,240,99864,300,99244,100,99901,44,99170,100,99909,100,98944,100,99964,100,98766,200,99975,100,98737,100,99976,200,98668,100,99992,100,,,100004,100,,
2019-06-28 09:56:24.592532460,99710,240,99447,140,99758,240,99446,240,99864,300,99244,100,99901,44,99170,100,99909,100,98944,100,99964,100,98766,200,99975,100,98737,100,99976,200,98668,100,99992,100,,,100004,100,,
2019-06-28 09:56:25.963085189,99710,240,99447,40,99758,240,99446,240,99864,300,99244,100,99901,44,99170,100,99909,100,98944,100,99964,100,98766,200,99975,100,98737,100,99976,200,98668,100,99992,100,,,100004,100,,
2019-06-28 09:56:27.368090107,99710,240,99447,40,99758,240,99446,240,99864,300,99244,100,99901,44,99170,100,99909,100,98944,100,99964,100,98766,200,99975,100,98737,100,99976,200,98668,100,99992,100,98546,100,100004,100,,
2019-06-28 09:56:27.490399325,99447,60,99446,240,99710,240,99244,100,99758,240,99170,100,99864,300,98944,100,99901,44,98766,200,99909,100,98737,100,99964,100,98668,100,99975,100,98546,100,99976,200,,,99992,100,,
2019-06-28 09:56:30.000000000,99447,340,99446,380,99710,100,99244,100,99758,100,99170,100,99864,300,98944,100,99901,44,98766,200,99909,100,98737,100,99964,100,98668,100,99975,100,98546,100,99976,200,,,99992,100,,
2019-06-28 09:56:40.000000000,99447,200,99446,240,99710,240,99244,240,99758,100,99170,100,99864,300,98944,100,99901,44,98766,200,99909,100,98737,100,99964,100,98668,100,99975,100,98546,100,99976,200,,,99992,100,,
2019-06-28 09:56:42.529566781,99447,200,99446,140,99710,240,99244,240,99758,100,99170,100,99864,300,98944,100,99901,44,98766,200,99909,100,98737,100,99964,100,98668,100,99975,100,98546,100,99976,200,,,99992,100,,
2019-06-28 09:56:50.000000000,99447,200,99244,240,99710,240,99170,240,99758,100,98944,100,99864,300,98766,200,99901,44,98737,100,99909,100,98668,100,99964,100,98546,100,99975,100,,,99976,200,,,99992,100,,
2019-06-28 09:57:00.000000000,99447,155,99244,195,99710,192,99170,192,99758,192,98944,192,99864,300,98766,200,99901,44,98737,100,99909,100,98668,100,99964,100,98546,100,99975,100,,,99976,200,,,99992,100,,
2019-06-28 09:57:06.682174370,99447,155,99244,195,99710,192,99170,192,99758,192,98944,192,99864,300,98766,200,99901,44,98737,100,99909,100,98668,100,99964,100,98546,100,99975,100,98380,100,99976,200,,,99992,100,,
2019-06-28 09:57:10.000000000,99447,130,99244,170,99710,170,99170,170,99758,170,98944,170,99864,370,98766,270,99901,44,98737,100,99909,100,98668,100,99964,100,98546,100,99975,100,98380,100,99976,200,,,99992,100,,
2019-06-28 09:57:20.000000000,99447,200,99244,240,99710,240,99170,240,99758,100,98944,100,99864,300,98766,200,99901,44,98737,100,99909,100,98668,100,99964,100,98546,100,99975,100,98380,100,99976,200,,,99992,100,,
2019-06-28 09:57:30.000000000,99447,155,99244,195,99710,192,99170,192,99758,192,98944,192,99864,300,98766,200,99901,44,98737,100,99909,100,98668,100,99964,100,98546,100,99975,100,98380,100,99976,200,,,99992,100,,
2019-06-28 09:57:40.000000000,99447,116,99244,156,99710,156,99170,156,99758,156,98944,156,99864,356,98766,256,99901,100,98737,156,99909,100,98668,100,99964,100,98546,100,99975,100,98380,100,99976,200,,,99992,100,,
2019-06-28 09:57:49.815957453,99447,116,99244,56,99710,156,99170,156,99758,156,98944,156,99864,356,98766,256,99901,100,98737,156,99909,100,98668,100,99964,100,98546,100,99975,100,98380,100,99976,200,,,99992,100,,
2019-06-28 09:57:50.000000000,99447,155,99170,195,99710,192,98944,192,99758,192,98766,292,99864,300,98737,100,99901,44,98668,100,99909,100,98546,100,99964,100,98380,100,99975,100,,,99976,200,,,99992,100,,
2019-06-28 09:58:00.000000000,99447,130,99170,170,99710,170,98944,170,99758,170,98766,270,99864,370,98737,170,99901,44,98668,100,99909,100,98546,100,99964,100,98380,100,99975,100,,,99976,200,,,99992,100,,
2019-06-28 09:58:01.381789571,99447,130,99170,70,99710,170,98944,170,99758,170,98766,270,99864,370,98737,170,99901,44,98668,100,99909,100,98546,100,99964,100,98380,100,99975,100,,,99976,200,,,99992,100,,
2019-06-28 09:58:10.000000000,99447,200,98944,240,99710,240,98766,340,99758,100,98737,100,99864,300,98668,100,99901,44,98546,100,99909,100,98380,100,99964,100,,,99975,100,,,99976,200,,,99992,100,,
2019-06-28 09:58:20.000000000,99447,340,98944,380,99710,100,98766,200,99758,100,98737,100,99864,300,98668,100,99901,44,98546,100,99909,100,98380,100,99964,100,,,99975,100,,,99976,200,,,99992,100,,
2019-06-28 09:58:25.002071890,99052,100,98944,380,99447,340,98766,100,99710,100,98737,100,99758,100,98668,100,99864,300,98546,100,99901,44,98380,100,99909,100,,,99964,100,,,99975,100,,,99976,200,,
2019-06-28 09:58:30.000000000,99052,240,98944,240,99447,200,98766,240,99710,100,98737,100,99758,100,98668,100,99864,300,98546,100,99901,44,98380,100,99909,100,,,99964,100,,,99975,100,,,99976,200,,
2019-06-28 09:58:40.000000000,99052,156,98944,156,99447,116,98766,156,99710,156,98737,156,99758,156,98668,156,99864,356,98546,156,99901,44,98380,100,99909,100,,,99964,100,,,99975,100,,,99976,200,,
2019-06-28 09:58:50.000000000,99052,170,98944,170,99447,130,98766,170,99710,170,98737,170,99758,170,98668,170,99864,300,98546,100,99901,44,98380,100,99909,100,,,99964,100,,,99975,100,,,99976,200,,
2019-06-28 09:58:50.489111757,99052,170,98944,170,99447,70,98766,170,99710,170,98737,170,99758,170,98668,170,99864,300,98546,100,99901,44,98419,100,99909,100,98380,100,99964,100,,,99975,100,,,99976,200,,
2019-06-28 09:58:52.879659141,99052,170,98944,70,99447,70,98766,170,99710,170,98737,170,99758,170,98668,170,99864,300,98419,100,99901,44,98380,100,99909,100,,,99964,100,,,99975,100,,,99976,200,,
2019-06-28 09:59:00.000000000,99052,240,98766,240,99710,240,98737,240,99758,100,98668,100,99864,300,98419,100,99901,44,98380,100,99909,100,,,99964,100,,,99975,100,,,99976,200,,,99992,100,,
2019-06-28 09:59:02.934904846,99051,100,98766,240,99052,240,98737,240,99710,240,98668,100,99758,100,98419,100,99864,300,98380,100,99901,44,,,99909,100,,,99964,100,,,99975,100,,,99976,200,,
2019-06-28 09:59:10.000000000,99051,195,98766,195,99052,192,98737,192,99710,192,98668,192,99758,100,98419,100,99864,300,98380,100,99901,44,,,99909,100,,,99964,100,,,99975,100,,,99976,200,,
2019-06-28 09:59:20.000000000,99051,380,98766,380,99052,100,98737,100,99710,100,98668,100,99758,100,98419,100,99864,300,98380,100,99901,44,,,99909,100,,,99964,100,,,99975,100,,,99976,200,,
2019-06-28 09:59:27.265553253,99051,280,98766,380,99052,100,98737,100,99710,100,98668,100,99758,100,98419,100,99864,300,98380,100,99901,44,,,99909,100,,,99964,100,,,99975,100,,,99976,200,,
2019-06-28 09:59:28.695434504,99051,280,98766,380,99052,100,98737,100,99169,100,98668,100,99710,100,98419,100,99758,100,98380,100,99864,300,,,99901,44,,,99909,100,,,99964,100,,,99975,100,,
2019-06-28 09:59:29.440946915,99051,280,98996,100,99052,100,98766,380,99710,100,98737,100,99758,100,98668,100,99864,300,98419,100,99901,44,98380,100,99909,100,,,99964,100,,,99975,100,,,99976,200,,
2019-06-28 09:59:30.000000000,99052,156,98996,156,99710,156,98766,156,99758,156,98737,156,99864,356,98668,156,99901,100,98419,156,99909,100,98380,100,99964,100,,,99975,100,,,99976,200,,,99992,100,,
2019-06-28 09:59:33.010862298,99052,156,98996,156,99710,156,98945,100,99758,156,98766,156,99864,356,98737,156,99901,100,98668,156,99909,100,98419,156,99964,100,98380,100,99975,100,,,99976,200,,,99992,100,,
2019-06-28 09:59:36.647578474,99052,156,98996,156,99068,100,98945,100,99710,156,98766,156,99758,156,98737,156,99864,356,98668,156,99901,100,98419,156,99909,100,98380,100,99964,100,,,99975,100,,,99976,200,,
2019-06-28 09:59:40.000000000,99052,170,98996,170,99068,170,98945,170,99710,170,98766,170,99758,170,98737,170,99864,300,98668,100,99901,44,98419,100,99909,100,98380,100,99964,100,,,99975,100,,,99976,200,,
2019-06-28 09:59:43.257082083,99052,170,98996,170,99068,170,98945,270,99710,170,98766,170,99758,170,98737,170,99864,300,98668,100,99901,44,98419,100,99909,100,98380,100,99975,100,,,99976,200,,,99992,100,,
2019-06-28 09:59:44.028521779,99052,170,98996,170,99055,100,98945,270,99068,170,98766,170,99710,170,98737,170,99758,170,98668,100,99864,300,98419,100,99901,44,98380,100,99909,100,,,99975,100,,,99976,200,,
2019-06-28 09:59:50.000000000,99052,240,98996,240,99055,240,98945,340,99068,100,98766,100,99710,100,98737,100,99758,100,98668,100,99864,300,98419,100,99901,44,98380,100,99909,100,,,99975,100,,,99976,200,,
2019-06-28 10:00:00.000000000,99052,156,98996,156,99055,156,98945,256,99068,156,98766,156,99710,156,98737,156,99758,156,98668,156,99864,300,98419,100,99901,44,98380,100,99909,100,,,99975,100,,,99976,200,,
2019-06-28 10:00:03.567290744,99052,156,98996,156,99055,156,98945,356,99068,156,98766,156,99710,156,98737,156,99758,156,98668,156,99864,300,98419,100,99901,44,98380,100,99909,100,,,99975,100,,,99976,100,,
2019-06-28 10:00:10.000000000,99052,156,98996,156,99055,156,98945,356,99068,156,98766,156,99710,156,98737,156,99758,156,98668,156,99864,300,98419,100,99901,44,98380,100,99909,100,,,99975,100,,,99976,100,,
2019-06-28 10:00:20.000000000,99052,170,98996,170,99055,170,98945,370,99068,170,98766,170,99710,170,98737,170,99758,100,98668,100,99864,300,98419,100,99901,44,98380,100,99909,100,,,99975,100,,,99976,100,,
2019-06-28 10:00:30.000000000,99052,195,98996,195,99055,192,98945,392,99068,192,98766,192,99710,100,98737,100,99758,100,98668,100,99864,300,98419,100,99901,44,98380,100,99909,100,,,99975,100,,,99976,100,,
2019-06-28 10:00:40.000000000,99052,240,98996,240,99055,240,98945,440,99068,100,98766,100,99710,100,98737,100,99758,100,98668,100,99864,300,98419,100,99901,44,98380,100,99909,100,,,99975,100,,,99976,100,,
2019-06-28 10:00:50.000000000,99052,380,98996,380,99055,100,98945,300,99068,100,98766,100,99710,100,98737,100,99758,100,98668,100,99864,300,98419,100,99901,44,98380,100,99909,100,,,99975,100,,,99976,100,,
2019-06-28 10:00:52.842412761,99052,380,98996,380,99055,100,98945,300,99068,100,98766,100,99480,100,98737,100,99710,100,98668,100,99758,100,98419,100,99864,300,98380,100,99901,44,,,99909,100,,,99975,100,,
2019-06-28 10:01:00.000000000,99052,170,98996,170,99055,170,98945,370,99068,170,98766,170,99480,170,98737,170,99710,100,98668,100,99758,100,98419,100,99864,300,98380,100,99901,44,,,99909,100,,,99975,100,,
2019-06-28 10:01:02.615090769,99052,170,98996,170,99055,170,98945,370,99068,170,98766,170,99432,100,98737,170,99480,170,98668,100,99710,100,98419,100,99758,100,98380,100,99864,300,,,99901,44,,,99909,100,,
2019-06-28 10:01:10.000000000,99052,240,98996,240,99055,240,98945,440,99068,100,98766,100,99432,100,98737,100,99480,100,98668,100,99710,100,98419,100,99758,100,98380,100,99864,300,,,99901,44,,,99909,100,,
2019-06-28 10:01:20.000000000,99052,195,98996,195,99055,192,98945,392,99068,192,98766,192,99432,100,98737,100,99480,100,98668,100,99710,100,98419,100,99758,100,98380,100,99864,300,,,99901,44,,,99909,100,,
2019-06-28 10:01:30.000000000,99052,240,98996,240,99055,240,98945,440,99068,100,98766,100,99432,100,98737,100,99480,100,98668,100,99710,100,98419,100,99758,100,98380,100,99864,300,,,99901,44,,,99909,100,,
2019-06-28 10:01:36.702248093,99052,240,98996,240,99055,240,98945,440,99068,100,98766,100,99284,100,98737,100,99432,100,98668,100,99480,100,98419,100,99710,100,98380,100,99758,100,,,99864,300,,,99901,44,,
2019-06-28 10:01:40.000000000,99052,156,98996,156,99055,156,98945,356,99068,156,98766,156,99284,156,98737,156,99432,156,98668,156,99480,100,98419,100,99710,100,98380,100,99758,100,,,99864,300,,,99901,44,,
2019-06-28 10:01:50.000000000,99052,170,98996,170,99055,170,98945,370,99068,170,98766,170,99284,170,98737,170,99432,100,98668,100,99480,100,98419,100,99710,100,98380,100,99758,100,,,99864,300,,,99901,44,,
2019-06-28 10:02:00.000000000,99052,240,98996,240,99055,240,98945,440,99068,100,98766,100,99284,100,98737,100,99432,100,98668,100,99480,100,98419,100,99710,100,98380,100,99758,100,,,99864,300,,,99901,44,,
2019-06-28 10:02:00.064987314,99052,140,98996,240,99055,240,98945,440,99068,100,98766,100,99284,100,98737,100,99432,100,98668,100,99480,100,98419,100,99710,100,98380,100,99758,100,,,99864,300,,,99901,44,,
2019-06-28 10:02:02.716087192,99052,140,99051,100,99055,240,98996,240,99068,100,98945,440,99284,100,98766,100,99432,100,98737,100,99480,100,98668,100,99710,100,98419,100,99758,100,98380,100,99864,300,,,99901,44,,
2019-06-28 10:02:10.000000000,99055,240,99051,240,99068,240,98996,240,99284,100,98945,300,99432,100,98766,100,99480,100,98737,100,99710,100,98668,100,99758,100,98419,100,99864,300,98380,100,99901,44,,,99909,100,,
2019-06-28 10:02:20.000000000,99055,195,99051,195,99068,192,98996,192,99284,192,98945,392,99432,100,98766,100,99480,100,98737,100,99710,100,98668,100,99758,100,98419,100,99864,300,98380,100,99901,44,,,99909,100,,
2019-06-28 10:02:24.169169917,99055,195,99051,195,99068,192,98996,192,99284,192,98945,392,99432,100,98766,100,99480,100,98737,100,99593,100,98668,100,99710,100,98419,100,99758,100,98380,100,99864,300,,,99901,44,,
2019-06-28 10:02:30.000000000,99055,156,99051,156,99068,156,98996,156,99284,156,98945,356,99432,156,98766,156,99480,156,98737,156,99593,100,98668,100,99710,100,98419,100,99758,100,98380,100,99864,300,,,99901,44,,
2019-06-28 10:02:36.947728894,99055,156,99051,156,99068,156,98996,156,99284,156,98945,356,99432,156,98766,156,99480,156,98737,156,99495,100,98668,100,99593,100,98419,100,99710,100,98380,100,99758,100,,,99864,300,,
2019-06-28 10:02:40.000000000,99055,195,99051,195,99068,192,98996,192,99284,192,98945,392,99432,100,98766,100,99480,100,98737,100,99495,100,98668,100,99593,100,98419,100,99710,100,98380,100,99758,100,,,99864,300,,
2019-06-28 10:02:50.000000000,99055,156,99051,156,99068,156,98996,156,99284,156,98945,356,99432,156,98766,156,99480,156,98737,156,99495,100,98668,100,99593,100,98419,100,99710,100,98380,100,99758,100,,,99864,300,,
2019-06-28 10:03:00.000000000,99055,156,99051,156,99068,156,98996,156,99284,156,98945,356,99432,156,98766,156,99480,156,98737,156,99495,100,98668,100,99593,100,98419,100,99710,100,98380,100,99758,100,,,99864,300,,
2019-06-28 10:03:10.000000000,99055,156,99051,156,99068,156,98996,156,99284,156,98945,356,99432,156,98766,156,99480,156,98737,156,99495,100,98668,100,99593,100,98419,100,99710,100,98380,100,99758,100,,,99864,300,,
2019-06-28 10:03:20.000000000,99055,240,99051,240,99068,240,98996,240,99284,100,98945,300,99432,100,98766,100,99480,100,98737,100,99495,100,98668,100,99593,100,98419,100,99710,100,98380,100,99758,100,,,99864,300,,
2019-06-28 10:03:30.000000000,99055,156,99051,156,99068,156,98996,156,99284,156,98945,356,99432,156,98766,156,99480,156,98737,156,99495,100,98668,100,99593,100,98419,100,99710,100,98380,100,99758,100,,,99864,300,,
2019-06-28 10:03:30.363667810,99055,156,99051,156,99068,156,98996,156,99284,156,98945,356,99329,100,98766,156,99432,156,98737,156,99480,156,98668,100,99495,100,98419,100,99593,100,98380,100,99710,100,,,99758,100,,
2019-06-28 10:03:40.000000000,99055,240,99051,240,99068,240,98996,240,99284,100,98945,300,99329,100,98766,100,99432,100,98737,100,99480,100,98668,100,99495,100,98419,100,99593,100,98380,100,99710,100,,,99758,100,,
2019-06-28 10:03:50.000000000,99055,240,99051,240,99068,240,98996,240,99284,100,98945,300,99329,100,98766,100,99432,100,98737,100,99480,100,98668,100,99495,100,98419,100,99593,100,98380,100,99710,100,,,99758,100,,
2019-06-28 10:03:51.107451818,99055,240,99051,340,99068,240,98996,240,99284,100,98945,300,99329,100,98766,100,99432,100,98737,100,99480,100,98668,100,99495,100,98419,100,99593,100,98380,100,99710,100,,,99758,100,,
2019-06-28 10:04:00.000000000,99055,195,99051,295,99068,192,98996,192,99284,192,98945,392,99329,100,98766,100,99432,100,98737,100,99480,100,98668,100,99495,100,98419,100,99593,100,98380,100,99710,100,,,99758,100,,
2019-06-28 10:04:10.000000000,99055,380,99051,480,99068,100,98996,100,99284,100,98945,300,99329,100,98766,100,99432,100,98737,100,99480,100,98668,100,99495,100,98419,100,99593,100,98380,100,99710,100,,,99758,100,,
2019-06-28 10:04:14.787910620,99055,380,99051,580,99068,100,98996,100,99284,100,98945,300,99329,100,98766,100,99432,100,98737,100,99480,100,98668,100,99495,100,98419,100,99593,100,98380,100,99710,100,,,99758,100,,
2019-06-28 10:04:18.731729202,99055,380,99051,580,99068,100,98996,100,99284,100,98945,300,99329,100,98766,100,99432,100,98737,100,99480,100,98668,100,99495,100,98419,100,99593,100,98380,100,99710,100,,,99758,100,,
2019-06-28 10:04:20.000000000,99055,380,99051,580,99068,100,98996,100,99284,100,98945,300,99329,100,98766,100,99432,100,98737,100,99480,100,98668,100,99495,100,98419,100,99593,100,98380,100,99710,100,,,99758,100,,
2019-06-28 10:04:30.000000000,99055,170,99051,370,99068,170,98996,170,99284,170,98945,370,99329,170,98766,170,99432,100,98737,100,99480,100,98668,100,99495,100,98419,100,99593,100,98380,100,99710,100,,,99758,100,,
2019-06-28 10:04:40.000000000,99055,156,99051,356,99068,156,98996,156,99284,156,98945,356,99329,156,98766,156,99432,156,98737,156,99480,100,98668,100,99495,100,98419,100,99593,100,98380,100,99710,100,,,99758,100,,
2019-06-28 10:04:50.000000000,99055,240,99051,440,99068,240,98996,240,99284,100,98945,300,99329,100,98766,100,99432,100,98737,100,99480,100,98668,100,99495,100,98419,100,99593,100,98380,100,99710,100,,,99758,100,,
2019-06-28 10:04:50.262916912,99055,140,99051,440,99068,240,98996,240,99284,100,98945,300,99329,100,98766,100,99432,100,98737,100,99480,100,98668,100,99495,100,98419,100,99593,100,98380,100,99710,100,,,99758,100,,
2019-06-28 10:04:51.474829748,99055,40,99051,440,99068,240,98996,240,99284,100,98945,300,99432,100,98766,100,99480,100,98737,100,99495,100,98668,100,99593,100,98419,100,99710,100,98380,100,99758,100,,,99864,200,,
2019-06-28 10:05:00.000000000,99068,195,99051,395,99284,192,98996,192,99432,192,98945,392,99480,100,98766,100,99495,100,98737,100,99593,100,98668,100,99710,100,98419,100,99758,100,98380,100,99864,200,,,99909,100,,
2019-06-28 10:05:01.916293834,99068,195,99051,395,99284,192,98996,192,99432,192,98945,392,99480,100,98766,100,99495,100,98737,100,99593,100,98668,100,99710,100,98419,100,99758,100,98380,100,99864,200,,,99909,100,,
2019-06-28 10:05:10.000000000,99068,240,99051,440,99284,240,98996,240,99432,100,98945,300,99480,100,98766,100,99495,100,98737,100,99593,100,98668,100,99710,100,98419,100,99758,100,98380,100,99864,200,,,99909,100,,
2019-06-28 10:05:14.706946207,99068,240,99055,100,99284,240,99051,440,99432,100,98996,240,99480,100,98945,300,99495,100,98766,100,99593,100,98737,100,99710,100,98668,100,99758,100,98419,100,99864,200,98380,100,99909,100,,
2019-06-28 10:05:15.643057416,99068,140,99055,100,99284,240,99051,440,99432,100,98996,240,99480,100,98945,300,99495,100,98766,100,99593,100,98737,100,99710,100,98668,100,99758,100,98419,100,99864,200,98380,100,99909,100,,
2019-06-28 10:05:20.000000000,99284,170,99055,170,99432,170,99051,370,99480,170,98996,170,99495,170,98945,370,99593,100,98766,100,99710,100,98737,100,99758,100,98668,100,99864,200,98419,100,99909,100,98380,100,99975,100,,
2019-06-28 10:05:20.418531707,99284,170,99055,170,99432,170,99051,370,99480,170,98996,170,99495,170,98945,370,99593,100,98766,100,99710,100,98737,100,99758,100,98668,100,99864,200,98419,100,99909,100,98380,100,99975,100,,
2019-06-28 10:05:30.000000000,99284,195,99055,195,99432,192,99051,392,99480,192,98996,192,99495,100,98945,300,99593,100,98766,100,99710,100,98737,100,99758,100,98668,100,99864,200,98419,100,99909,100,98380,100,99975,100,,
2019-06-28 10:05:35.500732637,99284,195,99055,195,99432,192,99051,392,99480,192,98996,192,99495,100,98945,300,99593,100,98766,100,99710,100,98737,100,99758,100,98668,100,99864,200,98419,100,99909,100,98380,100,99975,100,,
2019-06-28 10:05:37.893475039,99284,195,99055,195,99432,192,99051,392,99480,192,98996,192,99495,100,98945,300,99593,100,98766,100,99710,100,98737,100,99758,100,98668,100,99864,200,98419,100,99909,100,98380,100,99975,100,,
2019-06-28 10:05:40.000000000,99284,170,99055,170,99432,170,99051,370,99480,170,98996,170,99495,170,98945,370,99593,100,98766,100,99710,100,98737,100,99758,100,98668,100,99864,200,98419,100,99909,100,98380,100,99975,100,,
2019-06-28 10:05:40.441583947,99284,70,99055,170,99432,170,99051,370,99480,170,98996,170,99495,170,98945,370,99593,100,98766,100,99710,100,98737,100,99758,100,98668,100,99864,200,98419,100,99909,100,98380,100,99975,100,,
2019-06-28 10:05:46.972519651,99284,70,99068,100,99432,170,99055,170,99480,170,99051,370,99495,170,98996,170,99593,100,98945,370,99710,100,98766,100,99758,100,98737,100,99864,100,98668,100,99909,100,98419,100,99975,100,98380,100
2019-06-28 10:05:50.000000000,99432,380,99068,380,99480,100,99055,100,99495,100,99051,300,99593,100,98996,100,99710,100,98945,300,99758,100,98766,100,99864,100,98737,100,99909,100,98668,100,99975,100,98419,100,99976,100,98380,100
2019-06-28 10:05:51.246352243,99432,380,99068,380,99480,100,99055,100,99495,100,99051,300,99593,100,98996,100,99710,100,98945,300,99758,100,98766,100,99864,100,98737,100,99909,100,98668,100,99975,100,98419,100,99976,100,98380,100
2019-06-28 10:06:00.000000000,99432,380,99068,380,99480,100,99055,100,99495,100,99051,300,99593,100,98996,100,99710,100,98945,300,99758,100,98766,100,99864,100,98737,100,99909,100,98668,100,99975,100,98419,100,99976,100,98380,100
2019-06-28 10:06:04.837420996,99432,380,99068,380,99480,100,99055,100,99495,100,99051,300,99710,100,98996,100,99758,100,98945,300,99864,100,98766,100,99909,100,98737,100,99975,100,98668,100,99976,100,98419,100,100004,100,98380,100
2019-06-28 10:06:10.000000000,99432,156,99068,156,99480,156,99055,156,99495,156,99051,356,99710,156,98996,156,99758,156,98945,356,99864,100,98766,100,99909,100,98737,100,99975,100,98668,100,99976,100,98419,100,100004,100,98380,100
2019-06-28 10:06:20.000000000,99432,156,99068,156,99480,156,99055,156,99495,156,99051,356,99710,156,98996,156,99758,156,98945,356,99864,100,98766,100,99909,100,98737,100,99975,100,98668,100,99976,100,98419,100,100004,100,98380,100
2019-06-28 10:06:30.000000000,99432,380,99068,380,99480,100,99055,100,99495,100,99051,300,99710,100,98996,100,99758,100,98945,300,99864,100,98766,100,99909,100,98737,100,99975,100,98668,100,99976,100,98419,100,100004,100,98380,100
2019-06-28 10:06:40.000000000,99432,240,99068,240,99480,240,99055,240,99495,100,99051,300,99710,100,98996,100,99758,100,98945,300,99864,100,98766,100,99909,100,98737,100,99975,100,98668,100,99976,100,98419,100,100004,100,98380,100
2019-06-28 10:06:47.699146116,99432,140,99068,240,99480,240,99055,240,99495,100,99051,300,99710,100,98996,100,99758,100,98945,300,99864,100,98766,100,99909,100,98737,100,99975,100,98668,100,99976,100,98419,100,100004,100,98380,100
2019-06-28 10:06:50.000000000,99480,156,99068,156,99495,156,99055,156,99710,156,99051,356,99758,156,98996,156,99864,156,98945,356,99909,100,98766,100,99975,100,98737,100,99976,100,98668,100,100004,100,98419,100,100142,100,98380,100
2019-06-28 10:06:53.781124336,99480,156,99068,156,99495,156,99055,156,99710,156,99051,256,99758,156,98996,156,99864,156,98945,356,99909,100,98766,100,99975,100,98737,100,99976,100,98668,100,100004,100,98419,100,100142,100,98380,100
2019-06-28 10:06:54.888402205,99480,156,99068,156,99495,156,99055,156,99710,156,99051,256,99758,156,98996,156,99864,156,98945,356,99909,100,98766,100,99975,100,98668,100,99976,100,98419,100,100004,100,98380,100,100142,100,,
2019-06-28 10:07:00.000000000,99480,240,99068,240,99495,240,99055,240,99710,100,99051,200,99758,100,98996,100,99864,100,98945,300,99909,100,98766,100,99975,100,98668,100,99976,100,98419,100,100004,100,98380,100,100142,100,,
2019-06-28 10:07:02.828582360,99480,140,99068,240,99495,240,99055,240,99710,100,99051,200,99758,100,98996,100,99864,100,98945,300,99909,100,98766,100,99975,100,98668,100,99976,100,98419,100,100004,100,98380,100,100142,100,,
2019-06-28 10:07:10.000000000,99495,170,99068,170,99710,170,99055,170,99758,170,99051,270,99864,170,98996,170,99909,100,98945,300,99975,100,98766,100,99976,100,98668,100,100004,100,98419,100,100142,100,98380,100,100143,100,,
2019-06-28 10:07:20.000000000,99495,170,99068,170,99710,170,99055,170,99758,170,99051,270,99864,170,98996,170,99909,100,98945,300,99975,100,98766,100,99976,100,98668,100,100004,100,98419,100,100142,100,98380,100,100143,100,,
2019-06-28 10:07:30.000000000,99495,195,99068,195,99710,192,99055,192,99758,192,99051,292,99864,100,98996,100,99909,100,98945,300,99975,100,98766,100,99976,100,98668,100,100004,100,98419,100,100142,100,98380,100,100143,100,,
2019-06-28 10:07:32.727213257,99495,195,99068,195,99710,192,99055,192,99758,192,99051,292,99864,100,98996,100,99909,100,98945,300,99975,100,98766,100,99976,100,98668,100,100004,100,98380,100,100142,100,,,100143,100,,
2019-06-28 10:07:40.000000000,99495,240,99068,240,99710,240,99055,240,99758,100,99051,200,99864,100,98996,100,99909,100,98945,300,99975,100,98766,100,99976,100,98668,100,100004,100,98380,100,100142,100,,,100143,100,,
2019-06-28 10:07:40.794288976,99495,240,99068,240,99710,240,99055,240,99758,100,99051,200,99864,100,98996,100,99909,100,98945,300,99975,100,98766,100,99976,100,98668,100,100004,100,98380,100,100142,100,,,100143,100,,
2019-06-28 10:07:50.000000000,99495,240,99068,240,99710,240,99055,240,99758,100,99051,200,99864,100,98996,100,99909,100,98945,300,99975,100,98766,100,99976,100,98668,100,100004,100,98380,100,100142,100,,,100143,100,,
2019-06-28 10:08:00.000000000,99495,240,99068,240,99710,240,99055,240,99758,100,99051,200,99864,100,98996,100,99909,100,98945,300,99975,100,98766,100,99976,100,98668,100,100004,100,98380,100,100142,100,,,100143,100,,
2019-06-28 10:08:04.607488633,99495,240,99432,100,99710,240,99068,240,99758,100,99055,240,99864,100,99051,200,99909,100,98996,100,99975,100,98945,300,99976,100,98766,100,100004,100,98668,100,100142,100,98380,100,100143,100,,
2019-06-28 10:08:10.000000000,99495,195,99432,195,99710,192,99068,192,99758,192,99055,192,99864,100,99051,200,99909,100,98996,100,99975,100,98945,300,99976,100,98766,100,100004,100,98668,100,100142,100,98380,100,100143,100,,
2019-06-28 10:08:11.044212437,99495,195,99432,195,99710,192,99068,192,99758,192,99055,192,99864,100,99051,200,99909,100,98996,100,99975,100,98945,300,99976,100,98766,100,100004,100,98668,100,100142,100,98380,100,100143,100,,
2019-06-28 10:08:20.000000000,99495,195,99432,195,99710,192,99068,192,99758,192,99055,192,99864,100,99051,200,99909,100,98996,100,99975,100,98945,300,99976,100,98766,100,100004,100,98668,100,100142,100,98380,100,100143,100,,
2019-06-28 10:08:30.000000000,99495,170,99432,170,99710,170,99068,170,99758,170,99055,170,99864,170,99051,270,99909,100,98996,100,99975,100,98945,300,99976,100,98766,100,100004,100,98668,100,100142,100,98380,100,100143,100,,
2019-06-28 10:08:40.000000000,99495,170,99432,170,99710,170,99068,170,99758,170,99055,170,99864,170,99051,270,99909,100,98996,100,99975,100,98945,300,99976,100,98766,100,100004,100,98668,100,100142,100,98380,100,100143,100,,
2019-06-28 10:08:50.000000000,99495,195,99432,195,99710,192,99068,192,99758,192,99055,192,99864,100,99051,200,99909,100,98996,100,99975,100,98945,300,99976,100,98766,100,100004,100,98668,100,100142,100,98380,100,100143,100,,
2019-06-28 10:08:53.781032835,99495,95,99432,195,99710,192,99068,192,99758,192,99055,192,99864,100,99051,200,99909,100,98945,300,99975,100,98766,100,99976,100,98668,100,100004,100,98380,100,100142,100,,,100143,100,,
2019-06-28 10:09:00.000000000,99710,240,99432,240,99758,240,99068,240,99864,100,99055,100,99909,100,99051,200,99975,100,98945,300,99976,100,98766,100,100004,100,98668,100,100142,100,98380,100,100143,100,,,100158,100,,
2019-06-28 10:09:10.000000000,99710,170,99432,170,99758,170,99068,170,99864,170,99055,170,99909,170,99051,270,99975,100,98945,300,99976,100,98766,100,100004,100,98668,100,100142,100,98380,100,100143,100,,,100158,100,,
2019-06-28 10:09:20.000000000,99710,170,99432,170,99758,170,99068,170,99864,170,99055,170,99909,170,99051,270,99975,100,98945,300,99976,100,98766,100,100004,100,98668,100,100142,100,98380,100,100143,100,,,100158,100,,
2019-06-28 10:09:20.742885290,99710,170,99432,70,99758,170,99068,170,99864,170,99055,170,99909,170,99051,270,99975,100,98945,300,99976,100,98766,100,100004,100,98668,100,100142,100,98380,100,100143,100,,,100158,100,,
2019-06-28 10:09:30.000000000,99710,195,99068,195,99758,192,99055,192,99864,192,99051,292,99909,100,98945,300,99975,100,98766,100,99976,100,98668,100,100004,100,98380,100,100142,100,,,100143,100,,,100158,100,,
2019-06-28 10:09:40.000000000,99710,156,99068,156,99758,156,99055,156,99864,156,99051,256,99909,156,98945,356,99975,156,98766,156,99976,100,98668,100,100004,100,98380,100,100142,100,,,100143,100,,,100158,100,,
2019-06-28 10:09:41.897601371,99710,56,99068,156,99758,156,99055,156,99864,156,99051,256,99909,156,98945,356,99975,156,98766,156,99976,100,98668,100,100004,100,98380,100,100142,100,,,100143,100,,,100158,100,,
2019-06-28 10:09:50.000000000,99758,170,99068,170,99864,170,99055,170,99909,170,99051,270,99975,170,98945,370,99976,100,98766,100,100004,100,98668,100,100142,100,98380,100,100143,100,,,100158,100,,,100282,100,,
2019-06-28 10:10:00.000000000,99758,195,99068,195,99864,192,99055,192,99909,192,99051,292,99975,100,98945,300,99976,100,98766,100,100004,100,98668,100,100142,100,98380,100,100143,100,,,100158,100,,,100282,100,,
2019-06-28 10:10:00.815312509,99758,195,99495,100,99864,192,99068,195,99909,192,99055,192,99975,100,99051,292,99976,100,98945,300,100004,100,98766,100,100142,100,98668,100,100143,100,98380,100,100158,100,,,100282,100,,
2019-06-28 10:10:07.524808885,99758,95,99495,100,99864,192,99068,195,99909,192,99055,192,99975,100,99051,292,99976,100,98945,300,100142,100,98766,100,100143,100,98668,100,100158,100,98380,100,100282,100,,,100299,100,,
2019-06-28 10:10:10.000000000,99864,380,99495,380,99909,100,99068,100,99975,100,99055,100,99976,100,99051,200,100142,100,98945,300,100143,100,98766,100,100158,100,98668,100,100282,100,98380,100,100299,100,,,100347,100,,
