,ask_price_1,ask_size_1,bid_price_1,bid_size_1,ask_price_2,ask_size_2,bid_price_2,bid_size_2,ask_price_3,ask_size_3,bid_price_3,bid_size_3,ask_price_4,ask_size_4,bid_price_4,bid_size_4,ask_price_5,ask_size_5,bid_price_5,bid_size_5,ask_price_6,ask_size_6,bid_price_6,bid_size_6,ask_price_7,ask_size_7,bid_price_7,bid_size_7,ask_price_8,ask_size_8,bid_price_8,bid_size_8,ask_price_9,ask_size_9,bid_price_9,bid_size_9,ask_price_10,ask_size_10,bid_price_10,bid_size_10
2019-06-28 09:30:00.000000001,100071,100,,,,,,,,,,,,,,,,,,,,,,,,,,,,,,,,,,,,,,
2019-06-28 09:30:00.000000007,100020,100,,,100071,100,,,,,,,,,,,,,,,,,,,,,,,,,,,,,,,,,,
2019-06-28 09:30:00.000000008,100020,100,99995,100,100071,100,99940,100,100166,100,,,,,,,,,,,,,,,,,,,,,,,,,,,,,,
2019-06-28 09:30:00.000000009,100020,100,99995,100,100071,100,99982,100,100166,100,99940,100,,,,,,,,,,,,,,,,,,,,,,,,,,,,
2019-06-28 09:30:00.000000010,100020,100,99995,100,100071,100,99985,100,100166,100,99982,100,,,99940,100,,,,,,,,,,,,,,,,,,,,,,,,
2019-06-28 09:30:00.000000011,100020,100,99995,100,100071,100,99985,100,100075,100,99982,100,100166,100,99940,100,,,99932,100,,,,,,,,,,,,,,,,,,,,
2019-06-28 09:30:00.000000014,100071,100,99995,100,100075,100,99985,100,100166,100,99982,100,,,99940,100,,,99932,100,,,,,,,,,,,,,,,,,,,,
2019-06-28 09:30:00.000000015,100071,100,99995,100,100075,100,99985,100,100089,100,99982,100,100166,100,99940,100,,,99932,100,,,,,,,,,,,,,,,,,,,,
2019-06-28 09:30:00.000000017,100035,100,99995,100,100047,100,99985,100,100071,100,99982,100,100075,100,99940,100,100089,100,99932,100,100166,100,,,,,,,,,,,,,,,,,,
2019-06-28 09:30:00.000000019,100035,100,99995,100,100047,100,99985,100,100071,100,99982,100,100075,100,99967,100,100089,100,99940,100,100166,100,99932,100,,,,,,,,,,,,,,,,
2019-06-28 09:30:00.000000020,100035,100,99995,100,100037,100,99985,100,100047,100,99982,100,100071,100,99967,100,100075,100,99940,100,100089,100,99932,100,100166,100,,,,,,,,,,,,,,
2019-06-28 09:30:00.000000022,100035,100,99995,100,100037,100,99985,100,100047,100,99982,100,100071,100,99967,100,100075,100,99940,100,100089,100,99932,100,100166,100,99919,100,,,,,,,,,,,,
2019-06-28 09:30:00.000000023,100035,100,99995,100,100037,100,99985,100,100047,100,99982,100,100071,100,99967,100,100075,100,99940,100,100089,100,99932,100,100166,100,99919,100,,,99917,100,,,,,,,,
2019-06-28 09:30:00.000000024,100035,100,99995,100,100037,100,99985,100,100047,100,99982,100,100071,100,99967,100,100075,100,99940,100,100089,100,99932,100,100166,100,99919,100,100213,100,99917,100,,,,,,,,
2019-06-28 09:30:00.000000025,100035,100,99995,100,100037,100,99985,100,100047,100,99982,100,100071,100,99967,100,100075,100,99940,100,100089,100,99932,100,100114,100,99926,100,100166,100,99919,100,100213,100,99917,100,,,,
2019-06-28 09:30:00.000000030,100035,100,99995,100,100037,100,99985,100,100047,100,99982,100,100071,100,99967,100,100075,100,99940,100,100089,100,99932,100,100114,100,99926,100,100158,100,99919,100,100166,100,99917,100,100213,100,99916,100
2019-06-28 09:30:00.000000032,100035,100,100006,100,100037,100,99995,100,100047,100,99985,100,100071,100,99982,100,100075,100,99967,100,100089,100,99940,100,100114,100,99932,100,100158,100,99926,100,100166,100,99919,100,100213,100,99917,100
2019-06-28 09:30:00.000000035,100035,100,99995,100,100037,100,99985,100,100047,100,99982,100,100071,100,99967,100,100075,100,99940,100,100089,100,99932,100,100114,100,99926,100,100158,100,99919,100,100166,100,99917,100,100213,100,99916,100
2019-06-28 09:30:00.000000036,100035,100,99995,100,100037,100,99985,100,100047,100,99982,100,100071,100,99967,100,100075,100,99940,100,100089,100,99932,100,100114,100,99926,100,100158,100,99924,100,100166,100,99919,100,100213,100,99917,100
2019-06-28 09:30:00.000000039,100035,100,99995,100,100037,100,99985,100,100047,100,99982,100,100071,100,99967,100,100075,100,99947,100,100089,100,99940,100,100114,100,99932,100,100158,100,99926,100,100166,100,99924,100,100213,100,99919,100
2019-06-28 09:30:00.000000042,100024,100,99995,100,100035,100,99985,100,100037,100,99982,100,100047,100,99967,100,100050,100,99947,100,100071,100,99940,100,100075,100,99932,100,100089,100,99926,100,100114,100,99924,100,100158,100,99919,100
2019-06-28 09:30:00.000000043,100024,100,99995,100,100035,100,99985,100,100037,100,99982,100,100047,100,99967,100,100050,100,99947,100,100071,100,99940,100,100075,100,99932,100,100089,100,99926,100,100114,100,99924,100,100158,100,99919,100
2019-06-28 09:30:00.000000047,100020,100,99995,100,100024,100,99985,100,100035,100,99982,100,100037,100,99967,100,100047,100,99947,100,100050,100,99940,100,100071,100,99932,100,100075,100,99926,100,100089,100,99924,100,100114,100,99919,100
2019-06-28 09:30:00.000000049,100020,100,99995,100,100024,100,99985,100,100035,100,99982,100,100037,100,99973,100,100047,100,99967,100,100050,100,99947,100,100071,100,99940,100,100075,100,99932,100,100089,100,99926,100,100114,100,99924,100
2019-06-28 09:30:00.000000050,100020,100,100006,100,100024,100,99995,100,100035,100,99985,100,100037,100,99982,100,100047,100,99973,100,100050,100,99967,100,100071,100,99947,100,100075,100,99946,100,100089,100,99940,100,100114,100,99932,100
2019-06-28 09:30:00.000000051,100020,100,100006,100,100024,100,99995,100,100035,100,99985,100,100037,100,99982,100,100047,100,99973,100,100050,200,99967,100,100071,100,99947,100,100075,100,99946,100,100089,100,99940,100,100114,100,99932,100
2019-06-28 09:30:00.000000052,100020,100,100006,100,100024,100,99995,100,100035,100,99985,100,100037,100,99982,100,100047,100,99973,100,100050,200,99967,100,100071,100,99947,100,100075,100,99946,100,100089,100,99940,100,100114,100,99932,100
2019-06-28 09:30:00.000000053,100015,100,100006,100,100020,100,99995,100,100024,100,99985,100,100035,100,99982,100,100037,100,99973,100,100047,100,99967,100,100050,200,99947,100,100071,100,99946,100,100075,100,99940,100,100089,100,99932,100
2019-06-28 09:30:00.000000054,100015,100,100006,100,100020,100,99995,100,100024,100,99985,100,100035,100,99982,100,100037,100,99973,100,100047,100,99969,100,100050,200,99967,100,100071,100,99947,100,100075,100,99946,100,100089,100,99940,100
2019-06-28 09:30:00.000000056,100015,100,100006,200,100020,100,99995,100,100024,100,99985,100,100035,100,99982,100,100037,100,99973,100,100047,100,99969,100,100050,200,99967,100,100071,100,99947,100,100075,100,99946,100,100089,100,99940,100
2019-06-28 09:30:00.000000059,100015,100,100006,100,100020,100,99995,100,100024,100,99985,100,100035,100,99982,100,100037,100,99973,100,100047,100,99969,100,100050,200,99967,100,100071,100,99947,100,100075,100,99946,100,100089,100,99940,100
2019-06-28 09:30:00.000000063,100015,100,100006,100,100020,100,99995,100,100024,100,99985,100,100035,100,99982,100,100037,100,99975,100,100047,100,99973,100,100050,200,99969,100,100071,100,99967,100,100075,100,99947,100,100089,100,99946,100
2019-06-28 09:30:00.000000064,100015,100,100006,100,100020,100,99995,100,100024,100,99985,100,100035,100,99982,100,100037,100,99975,100,100047,100,99973,100,100050,200,99969,100,100071,100,99967,100,100075,100,99947,100,100089,100,99946,100
2019-06-28 09:30:00.000000067,100015,100,100006,100,100020,100,99995,100,100024,100,99985,100,100035,100,99982,100,100037,100,99975,100,100047,100,99973,100,100050,200,99969,100,100071,100,99967,100,100075,100,99947,100,100089,100,99946,100
2019-06-28 09:30:00.000000068,100015,100,100006,100,100020,100,99995,100,100024,100,99985,100,100035,100,99982,100,100037,100,99975,100,100047,100,99973,100,100050,200,99969,100,100071,100,99967,100,100075,100,99947,100,100089,100,99946,100
2019-06-28 09:30:00.000000069,100015,100,100006,100,100020,100,99995,100,100024,200,99985,100,100035,100,99982,100,100037,100,99975,100,100047,100,99973,100,100050,200,99969,100,100071,100,99967,100,100075,100,99947,100,100089,100,99946,100
2019-06-28 09:30:00.000000071,100020,100,100006,100,100024,200,99995,100,100035,100,99985,100,100037,100,99982,100,100047,100,99975,100,100050,200,99973,100,100071,100,99969,100,100075,100,99967,100,100089,100,99947,100,100109,100,99946,100
2019-06-28 09:30:00.000000072,100020,100,100006,100,100024,200,99995,100,100035,100,99985,100,100037,100,99982,100,100047,100,99975,100,100050,200,99973,100,100071,100,99969,100,100075,100,99967,100,100089,100,99961,100,100109,100,99947,100
2019-06-28 09:30:00.000000073,100016,100,100006,100,100020,100,99995,100,100024,200,99985,100,100035,100,99982,100,100037,100,99975,100,100047,100,99973,100,100050,200,99969,100,100071,100,99967,100,100075,100,99961,100,100088,100,99947,100
2019-06-28 09:30:00.000000079,100015,100,100006,100,100016,100,99995,100,100020,100,99985,100,100024,200,99982,100,100035,100,99975,100,100037,100,99973,100,100047,100,99969,100,100050,200,99967,100,100071,100,99961,100,100075,100,99947,100
2019-06-28 09:30:00.000000080,100015,100,100006,100,100016,100,99995,100,100020,100,99985,100,100024,200,99982,100,100035,100,99975,100,100037,100,99973,100,100047,100,99969,100,100050,200,99967,100,100071,100,99965,100,100075,100,99961,100
2019-06-28 09:30:00.000000081,100015,100,100007,100,100016,100,100006,100,100020,100,99995,100,100024,200,99985,100,100035,100,99982,100,100037,100,99975,100,100047,100,99973,100,100050,200,99969,100,100071,100,99967,100,100075,100,99965,100
2019-06-28 09:30:00.000000082,100015,100,100006,100,100016,100,99995,100,100020,100,99985,100,100024,200,99982,100,100035,100,99975,100,100037,100,99973,100,100047,100,99969,100,100050,200,99967,100,100071,100,99965,100,100075,100,99961,100
2019-06-28 09:30:00.000000083,100015,100,100006,100,100016,100,99995,100,100020,100,99985,100,100024,200,99984,100,100035,100,99982,100,100037,100,99975,100,100047,100,99973,100,100050,200,99969,100,100071,100,99967,100,100075,100,99965,100
2019-06-28 09:30:00.000000084,100015,100,100006,100,100016,100,99995,100,100020,100,99985,100,100024,200,99984,100,100035,100,99982,100,100037,100,99975,100,100047,100,99973,100,100050,200,99969,100,100071,100,99967,100,100075,100,99965,100
2019-06-28 09:30:00.000000089,100015,100,100006,100,100016,100,99995,100,100020,100,99985,100,100024,200,99984,100,100035,100,99982,100,100037,100,99975,100,100047,100,99973,100,100050,200,99969,100,100071,100,99967,100,100075,100,99965,100
2019-06-28 09:30:00.000000092,100014,100,100006,100,100015,100,99995,100,100016,100,99985,100,100020,100,99984,100,100024,200,99982,100,100035,100,99975,100,100037,100,99973,100,100047,100,99969,100,100050,200,99967,100,100071,100,99965,100
2019-06-28 09:30:00.000000093,100014,100,100006,100,100015,100,99995,100,100016,100,99985,100,100020,100,99984,100,100024,200,99982,100,100033,100,99975,100,100035,100,99973,100,100037,100,99969,100,100047,100,99967,100,100050,200,99965,100
2019-06-28 09:30:00.000000096,100014,100,100006,100,100015,100,99995,100,100016,100,99985,100,100020,100,99984,100,100024,200,99982,100,100033,100,99975,100,100035,100,99973,100,100037,100,99969,100,100047,100,99967,100,100050,200,99965,100
2019-06-28 09:30:10.000000000,100014,248,100006,248,100015,244,99995,244,100016,244,99985,244,100020,100,99984,100,100024,200,99982,100,100033,100,99975,100,100035,100,99973,100,100037,100,99969,100,100047,100,99967,100,100050,200,99965,100
2019-06-28 09:30:20.000000000,100014,318,100006,318,100015,318,99995,318,100016,100,99985,100,100020,100,99984,100,100024,200,99982,100,100033,100,99975,100,100035,100,99973,100,100037,100,99969,100,100047,100,99967,100,100050,200,99965,100
2019-06-28 09:30:30.000000000,100014,187,100006,187,100015,187,99995,187,100016,187,99985,187,100020,187,99984,187,100024,287,99982,187,100033,100,99975,100,100035,100,99973,100,100037,100,99969,100,100047,100,99967,100,100050,200,99965,100
2019-06-28 09:30:40.000000000,100014,248,100006,248,100015,244,99995,244,100016,244,99985,244,100020,100,99984,100,100024,200,99982,100,100033,100,99975,100,100035,100,99973,100,100037,100,99969,100,100047,100,99967,100,100050,200,99965,100
2019-06-28 09:30:50.000000000,100014,318,100006,318,100015,318,99995,318,100016,100,99985,100,100020,100,99984,100,100024,200,99982,100,100033,100,99975,100,100035,100,99973,100,100037,100,99969,100,100047,100,99967,100,100050,200,99965,100
2019-06-28 09:31:00.000000000,100014,187,100006,187,100015,187,99995,187,100016,187,99985,187,100020,187,99984,187,100024,287,99982,187,100033,100,99975,100,100035,100,99973,100,100037,100,99969,100,100047,100,99967,100,100050,200,99965,100
2019-06-28 09:31:05.644015179,100014,187,100006,87,100015,187,99995,187,100016,187,99985,187,100020,187,99984,187,100024,287,99982,187,100033,100,99975,100,100035,100,99973,100,100037,100,99969,100,100047,100,99967,100,100050,100,99965,100
2019-06-28 09:31:08.302168564,100014,187,100006,87,100015,187,99995,187,100016,187,99985,187,100020,187,99984,187,100024,287,99982,187,100035,100,99975,100,100037,100,99973,100,100047,100,99969,100,100050,100,99967,100,100071,100,99965,100
2019-06-28 09:31:10.000000000,100014,248,99995,248,100015,244,99985,244,100016,244,99984,244,100020,100,99982,100,100024,200,99975,100,100035,100,99973,100,100037,100,99969,100,100047,100,99967,100,100050,100,99965,100,100071,100,99961,100
2019-06-28 09:31:10.822780223,100014,248,99995,148,100015,244,99985,244,100016,244,99984,244,100020,100,99982,100,100024,200,99975,100,100035,100,99973,100,100037,100,99969,100,100047,100,99967,100,100050,100,99965,100,100071,100,99961,100
2019-06-28 09:31:20.000000000,100014,318,99985,318,100015,318,99984,318,100016,100,99982,100,100020,100,99975,100,100024,200,99973,100,100035,100,99969,100,100037,100,99967,100,100047,100,99965,100,100050,100,99961,100,100071,100,99947,100
2019-06-28 09:31:30.000000000,100014,187,99985,187,100015,187,99984,187,100016,187,99982,187,100020,187,99975,187,100024,287,99973,187,100035,100,99969,100,100037,100,99967,100,100047,100,99965,100,100050,100,99961,100,100071,100,99947,100
2019-06-28 09:31:35.802282764,100006,100,99985,187,100014,187,99984,187,100015,187,99982,87,100016,187,99975,187,100020,187,99973,187,100024,287,99969,100,100035,100,99967,100,100037,100,99965,100,100047,100,99961,100,100050,100,99947,100
2019-06-28 09:31:40.000000000,100006,536,99985,536,100014,100,99984,100,100015,100,99975,100,100016,100,99973,100,100020,100,99969,100,100024,200,99967,100,100035,100,99965,100,100037,100,99961,100,100047,100,99947,100,100050,100,99946,100
2019-06-28 09:31:42.312924391,100006,536,99985,436,100014,100,99984,100,100015,100,99975,100,100016,100,99973,100,100020,100,99969,100,100024,200,99967,100,100035,100,99965,100,100037,100,99961,100,100047,100,99947,100,100050,100,99946,100
2019-06-28 09:31:50.000000000,100006,536,99984,536,100014,100,99975,100,100015,100,99973,100,100016,100,99969,100,100020,100,99967,100,100024,200,99965,100,100035,100,99961,100,100037,100,99947,100,100047,100,99946,100,100050,100,99940,100
2019-06-28 09:31:50.471402970,100006,536,99984,536,100014,100,99975,100,100015,100,99973,100,100016,100,99969,100,100020,100,99967,100,100024,100,99965,100,100035,100,99961,100,100036,100,99947,100,100037,100,99946,100,100047,100,99940,100
2019-06-28 09:31:50.921726519,100006,436,99984,536,100014,100,99975,100,100015,100,99973,100,100016,100,99969,100,100020,100,99967,100,100024,100,99965,100,100035,100,99961,100,100036,100,99947,100,100037,100,99946,100,100047,100,99940,100
2019-06-28 09:31:56.672966038,100006,336,99984,536,100014,100,99973,100,100015,100,99969,100,100016,100,99967,100,100020,100,99965,100,100024,100,99961,100,100035,100,99947,100,100036,100,99946,100,100037,100,99940,100,100047,100,99932,100
2019-06-28 09:32:00.000000000,100014,209,99984,209,100015,209,99973,209,100016,209,99969,209,100020,209,99967,209,100024,100,99965,100,100035,100,99961,100,100036,100,99947,100,100037,100,99946,100,100047,100,99940,100,100050,100,99932,100
2019-06-28 09:32:10.000000000,100014,209,99984,209,100015,209,99973,209,100016,209,99969,209,100020,209,99967,209,100024,100,99965,100,100035,100,99961,100,100036,100,99947,100,100037,100,99946,100,100047,100,99940,100,100050,100,99932,100
2019-06-28 09:32:20.000000000,100014,248,99984,248,100015,244,99973,244,100016,244,99969,244,100020,100,99967,100,100024,100,99965,100,100035,100,99961,100,100036,100,99947,100,100037,100,99946,100,100047,100,99940,100,100050,100,99932,100
2019-06-28 09:32:26.962829999,100014,248,100006,100,100015,244,99984,248,100016,244,99973,244,100024,100,99969,244,100035,100,99967,100,100036,100,99965,100,100037,100,99961,100,100047,100,99947,100,100050,100,99946,100,100071,100,99940,100
2019-06-28 09:32:30.000000000,100014,318,100006,318,100015,318,99984,318,100016,100,99973,100,100024,100,99969,100,100035,100,99967,100,100036,100,99965,100,100037,100,99961,100,100047,100,99947,100,100050,100,99946,100,100071,100,99940,100
2019-06-28 09:32:38.609013258,100014,218,100006,318,100015,318,99984,318,100016,100,99973,100,100024,100,99969,100,100035,100,99967,100,100036,100,99965,100,100037,100,99961,100,100047,100,99947,100,100050,100,99946,100,100071,100,99940,100
2019-06-28 09:32:40.000000000,100015,318,100006,318,100016,318,99984,318,100024,100,99973,100,100035,100,99969,100,100036,100,99967,100,100037,100,99965,100,100047,100,99961,100,100050,100,99947,100,100071,100,99946,100,100075,100,99940,100
2019-06-28 09:32:50.000000000,100015,209,100006,209,100016,209,99984,209,100024,209,99973,209,100035,209,99969,209,100036,100,99967,100,100037,100,99965,100,100047,100,99961,100,100050,100,99947,100,100071,100,99946,100,100075,100,99940,100
2019-06-28 09:32:54.430935372,100015,109,100006,209,100016,209,99984,209,100024,209,99973,209,100035,209,99969,209,100036,100,99967,100,100037,100,99965,100,100047,100,99961,100,100050,100,99947,100,100071,100,99946,100,100075,100,99940,100
2019-06-28 09:33:00.000000000,100016,187,100006,187,100024,187,99984,187,100035,187,99973,187,100036,187,99969,187,100037,187,99967,187,100047,100,99965,100,100050,100,99961,100,100071,100,99947,100,100075,100,99946,100,100088,100,99940,100
2019-06-28 09:33:10.000000000,100016,187,100006,187,100024,187,99984,187,100035,187,99973,187,100036,187,99969,187,100037,187,99967,187,100047,100,99965,100,100050,100,99961,100,100071,100,99947,100,100075,100,99946,100,100088,100,99940,100
2019-06-28 09:33:12.879820620,100016,187,100006,187,100024,187,99984,187,100035,187,99973,187,100036,187,99969,187,100037,187,99967,187,100047,100,99965,100,100050,100,99961,100,100071,100,99947,100,100075,100,99946,100,100088,100,99940,100
2019-06-28 09:33:19.295950948,100016,187,100014,100,100024,187,100006,187,100035,187,99984,187,100036,187,99973,187,100037,187,99969,187,100047,100,99967,187,100050,100,99965,100,100071,100,99961,100,100075,100,99947,100,100088,100,99946,100
2019-06-28 09:33:20.000000000,100016,536,100014,536,100024,100,100006,100,100035,100,99984,100,100036,100,99973,100,100037,100,99969,100,100047,100,99967,100,100050,100,99965,100,100071,100,99961,100,100075,100,99947,100,100088,100,99946,100
2019-06-28 09:33:21.353445070,100016,536,100014,536,100024,100,100006,100,100035,100,99984,100,100036,100,99973,100,100037,100,99969,100,100047,100,99967,100,100050,100,99965,100,100071,100,99961,100,100075,100,99947,100,100088,100,99946,100
2019-06-28 09:33:27.102982921,100016,536,100014,536,100024,100,100006,100,100035,100,99984,100,100036,100,99973,100,100037,100,99969,100,100047,100,99967,100,100050,100,99965,100,100071,100,99961,100,100075,100,99947,100,100088,100,99946,100
2019-06-28 09:33:30.000000000,100016,318,100014,318,100024,318,100006,318,100035,100,99984,100,100036,100,99973,100,100037,100,99969,100,100047,100,99967,100,100050,100,99965,100,100071,100,99961,100,100075,100,99947,100,100088,100,99946,100
2019-06-28 09:33:32.520053706,100016,218,100014,318,100024,318,100006,318,100035,100,99984,100,100036,100,99973,100,100037,100,99969,100,100047,100,99967,100,100050,100,99965,100,100071,100,99961,100,100075,100,99947,100,100088,100,99946,100
2019-06-28 09:33:40.000000000,100024,187,100014,187,100035,187,100006,187,100036,187,99984,187,100037,187,99973,187,100047,187,99969,187,100050,100,99967,100,100071,100,99965,100,100075,100,99961,100,100088,100,99947,100,100109,100,99946,100
2019-06-28 09:33:50.000000000,100024,536,100014,536,100035,100,100006,100,100036,100,99984,100,100037,100,99973,100,100047,100,99969,100,100050,100,99967,100,100071,100,99965,100,100075,100,99961,100,100088,100,99947,100,100109,100,99946,100
2019-06-28 09:34:00.000000000,100024,248,100014,248,100035,244,100006,244,100036,244,99984,244,100037,100,99973,100,100047,100,99969,100,100050,100,99967,100,100071,100,99965,100,100075,100,99961,100,100088,100,99947,100,100109,100,99946,100
2019-06-28 09:34:10.000000000,100024,536,100014,536,100035,100,100006,100,100036,100,99984,100,100037,100,99973,100,100047,100,99969,100,100050,100,99967,100,100071,100,99965,100,100075,100,99961,100,100088,100,99947,100,100109,100,99946,100
2019-06-28 09:34:20.000000000,100024,248,100014,248,100035,244,100006,244,100036,244,99984,244,100037,100,99973,100,100047,100,99969,100,100050,100,99967,100,100071,100,99965,100,100075,100,99961,100,100088,100,99947,100,100109,100,99946,100
2019-06-28 09:34:30.000000000,100024,209,100014,209,100035,209,100006,209,100036,209,99984,209,100037,209,99973,209,100047,100,99969,100,100050,100,99967,100,100071,100,99965,100,100075,100,99961,100,100088,100,99947,100,100109,100,99946,100
2019-06-28 09:34:34.587057235,100024,209,100014,209,100035,209,100006,209,100036,209,99984,209,100037,209,99973,209,100047,100,99969,100,100050,100,99967,100,100071,100,99965,100,100075,100,99961,100,100088,100,99947,100,100109,100,99946,100
2019-06-28 09:34:40.000000000,100024,318,100014,318,100035,318,100006,318,100036,100,99984,100,100037,100,99973,100,100047,100,99969,100,100050,100,99967,100,100071,100,99965,100,100075,100,99961,100,100088,100,99947,100,100109,100,99946,100
2019-06-28 09:34:40.190358743,100024,218,100014,318,100035,318,100006,318,100036,100,99984,100,100037,100,99973,100,100047,100,99969,100,100050,100,99967,100,100071,100,99965,100,100088,100,99961,100,100109,100,99947,100,100114,100,99946,100
2019-06-28 09:34:50.000000000,100035,187,100014,187,100036,187,100006,187,100037,187,99984,187,100047,187,99973,187,100050,187,99969,187,100071,100,99967,100,100088,100,99965,100,100109,100,99961,100,100114,100,99947,100,100158,100,99946,100
2019-06-28 09:34:50.294467312,100035,187,100016,100,100036,187,100014,187,100037,187,100006,187,100047,187,99984,187,100050,187,99973,187,100071,100,99969,187,100088,100,99967,100,100109,100,99965,100,100114,100,99961,100,100158,100,99947,100
2019-06-28 09:34:51.035301439,100035,87,100016,100,100036,187,100014,187,100037,187,100006,187,100047,187,99984,187,100050,187,99973,187,100071,100,99969,187,100088,100,99967,100,100109,100,99965,100,100114,100,99961,100,100158,100,99947,100
2019-06-28 09:35:00.000000000,100036,187,100016,187,100037,187,100014,187,100047,187,100006,187,100050,187,99984,187,100071,187,99973,187,100088,100,99969,100,100109,100,99967,100,100114,100,99965,100,100158,100,99961,100,100166,100,99947,100
2019-06-28 09:35:10.000000000,100036,318,100016,318,100037,318,100014,318,100047,100,100006,100,100050,100,99984,100,100071,100,99973,100,100088,100,99969,100,100109,100,99967,100,100114,100,99965,100,100158,100,99961,100,100166,100,99947,100
2019-06-28 09:35:20.000000000,100036,248,100016,248,100037,244,100014,244,100047,244,100006,244,100050,100,99984,100,100071,100,99973,100,100088,100,99969,100,100109,100,99967,100,100114,100,99965,100,100158,100,99961,100,100166,100,99947,100
2019-06-28 09:35:22.825892718,100036,248,100016,248,100037,244,100014,244,100047,244,100006,244,100050,100,99984,100,100071,100,99973,100,100088,100,99969,100,100109,100,99967,100,100114,100,99965,100,100158,100,99961,100,100166,100,99946,100
2019-06-28 09:35:30.000000000,100036,536,100016,536,100037,100,100014,100,100047,100,100006,100,100050,100,99984,100,100071,100,99973,100,100088,100,99969,100,100109,100,99967,100,100114,100,99965,100,100158,100,99961,100,100166,100,99946,100
2019-06-28 09:35:40.000000000,100036,318,100016,318,100037,318,100014,318,100047,100,100006,100,100050,100,99984,100,100071,100,99973,100,100088,100,99969,100,100109,100,99967,100,100114,100,99965,100,100158,100,99961,100,100166,100,99946,100
2019-06-28 09:35:45.857796115,100036,318,100016,318,100037,318,100014,318,100047,100,100006,100,100050,100,99984,100,100071,100,99973,100,100088,100,99969,100,100109,100,99967,100,100114,100,99965,100,100158,100,99961,100,100166,100,99946,100
2019-06-28 09:35:50.000000000,100036,209,100016,209,100037,209,100014,209,100047,209,100006,209,100050,209,99984,209,100071,100,99973,100,100088,100,99969,100,100109,100,99967,100,100114,100,99965,100,100158,100,99961,100,100166,100,99946,100
2019-06-28 09:35:54.701911816,100036,109,100016,209,100037,209,100014,209,100047,209,100006,209,100050,209,99984,209,100071,100,99973,100,100088,100,99967,100,100109,100,99965,100,100114,100,99961,100,100158,100,99946,100,100166,100,99940,100
2019-06-28 09:36:00.000000000,100037,209,100016,209,100047,209,100014,209,100050,209,100006,209,100071,209,99984,209,100088,100,99973,100,100109,100,99967,100,100114,100,99965,100,100158,100,99961,100,100166,100,99946,100,100180,100,99940,100
2019-06-28 09:36:10.000000000,100037,209,100016,209,100047,209,100014,209,100050,209,100006,209,100071,209,99984,209,100088,100,99973,100,100109,100,99967,100,100114,100,99965,100,100158,100,99961,100,100166,100,99946,100,100180,100,99940,100
2019-06-28 09:36:20.000000000,100037,248,100016,248,100047,244,100014,244,100050,244,100006,244,100071,100,99984,100,100088,100,99973,100,100109,100,99967,100,100114,100,99965,100,100158,100,99961,100,100166,100,99946,100,100180,100,99940,100
2019-06-28 09:36:30.000000000,100037,248,100016,248,100047,244,100014,244,100050,244,100006,244,100071,100,99984,100,100088,100,99973,100,100109,100,99967,100,100114,100,99965,100,100158,100,99961,100,100166,100,99946,100,100180,100,99940,100
2019-06-28 09:36:40.000000000,100037,187,100016,187,100047,187,100014,187,100050,187,100006,187,100071,187,99984,187,100088,187,99973,187,100109,100,99967,100,100114,100,99965,100,100158,100,99961,100,100166,100,99946,100,100180,100,99940,100
2019-06-28 09:36:50.000000000,100037,536,100016,536,100047,100,100014,100,100050,100,100006,100,100071,100,99984,100,100088,100,99973,100,100109,100,99967,100,100114,100,99965,100,100158,100,99961,100,100166,100,99946,100,100180,100,99940,100
2019-06-28 09:37:00.000000000,100037,536,100016,536,100047,100,100014,100,100050,100,100006,100,100071,100,99984,100,100088,100,99973,100,100109,100,99967,100,100114,100,99965,100,100158,100,99961,100,100166,100,99946,100,100180,100,99940,100
2019-06-28 09:37:04.562848161,100037,436,100016,536,100047,100,100014,100,100050,100,100006,100,100088,100,99984,100,100109,100,99973,100,100114,100,99967,100,100158,100,99965,100,100166,100,99961,100,100180,100,99946,100,100666,100,99940,100
2019-06-28 09:37:10.000000000,100047,248,100016,248,100050,244,100014,244,100088,244,100006,244,100109,100,99984,100,100114,100,99973,100,100158,100,99967,100,100166,100,99965,100,100180,100,99961,100,100666,100,99946,100,100787,100,99940,100
2019-06-28 09:37:20.000000000,100047,209,100016,209,100050,209,100014,209,100088,209,100006,209,100109,209,99984,209,100114,100,99973,100,100158,100,99967,100,100166,100,99965,100,100180,100,99961,100,100666,100,99946,100,100787,100,99940,100
2019-06-28 09:37:30.000000000,100047,187,100016,187,100050,187,100014,187,100088,187,100006,187,100109,187,99984,187,100114,187,99973,187,100158,100,99967,100,100166,100,99965,100,100180,100,99961,100,100666,100,99946,100,100787,100,99940,100
2019-06-28 09:37:32.943375440,100047,87,100016,187,100050,187,100014,187,100088,187,100006,187,100109,187,99984,187,100114,187,99973,87,100158,100,99967,100,100166,100,99965,100,100180,100,99961,100,100666,100,99946,100,100787,100,99940,100
2019-06-28 09:37:35.371623538,100047,87,100016,187,100050,187,100014,187,100088,187,100006,187,100109,187,99984,87,100114,187,99973,87,100158,100,99967,100,100166,100,99965,100,100180,100,99961,100,100666,100,99946,100,100787,100,99940,100
2019-06-28 09:37:37.287660891,100047,87,100016,187,100050,187,100014,187,100088,187,100006,187,100109,187,99984,87,100114,187,99973,87,100158,100,99967,100,100166,100,99965,100,100180,100,99961,100,100666,100,99946,100,100787,100,99940,100
2019-06-28 09:37:40.000000000,100050,209,100016,209,100088,209,100014,209,100109,209,100006,209,100114,209,99967,209,100158,100,99965,100,100166,100,99961,100,100180,100,99946,100,100666,100,99940,100,100787,100,99932,100,101090,100,99926,100
2019-06-28 09:37:50.000000000,100050,209,100016,209,100088,209,100014,209,100109,209,100006,209,100114,209,99967,209,100158,100,99965,100,100166,100,99961,100,100180,100,99946,100,100666,100,99940,100,100787,100,99932,100,101090,100,99926,100
2019-06-28 09:38:00.000000000,100050,536,100016,536,100088,100,100014,100,100109,100,100006,100,100114,100,99967,100,100158,100,99965,100,100166,100,99961,100,100180,100,99946,100,100666,100,99940,100,100787,100,99932,100,101090,100,99926,100
2019-06-28 09:38:01.172016177,100050,536,100016,436,100088,100,100014,100,100109,100,100006,100,100114,100,99967,100,100158,100,99965,100,100166,100,99961,100,100180,100,99946,100,100666,100,99940,100,100787,100,99932,100,101090,100,99926,100
2019-06-28 09:38:10.000000000,100050,209,100014,209,100088,209,100006,209,100109,209,99967,209,100114,209,99965,209,100158,100,99961,100,100166,100,99946,100,100180,100,99940,100,100666,100,99932,100,100787,100,99926,100,101090,100,99924,100
2019-06-28 09:38:20.000000000,100050,536,100014,536,100088,100,100006,100,100109,100,99967,100,100114,100,99965,100,100158,100,99961,100,100166,100,99946,100,100180,100,99940,100,100666,100,99932,100,100787,100,99926,100,101090,100,99924,100
2019-06-28 09:38:27.585552605,100050,536,100014,436,100088,100,100006,100,100109,100,99967,100,100114,100,99965,100,100158,100,99961,100,100166,100,99946,100,100180,100,99940,100,100666,100,99926,100,100787,100,99924,100,101090,100,99921,100
2019-06-28 09:38:27.620298990,100050,536,100014,336,100088,100,100006,100,100109,100,99965,100,100114,100,99961,100,100158,100,99946,100,100166,100,99940,100,100180,100,99926,100,100666,100,99924,100,100787,100,99921,100,101090,100,99919,100
2019-06-28 09:38:29.448159184,100050,536,100014,236,100088,100,100006,100,100109,100,99965,100,100114,100,99961,100,100158,100,99946,100,100166,100,99940,100,100180,100,99926,100,100666,100,99924,100,100787,100,99921,100,101090,100,99919,100
2019-06-28 09:38:30.000000000,100050,318,100006,318,100088,318,99965,318,100109,100,99961,100,100114,100,99946,100,100158,100,99940,100,100166,100,99926,100,100180,100,99924,100,100666,100,99921,100,100787,100,99919,100,101090,100,99917,100
2019-06-28 09:38:40.000000000,100050,248,100006,248,100088,244,99965,244,100109,244,99961,244,100114,100,99946,100,100158,100,99940,100,100166,100,99926,100,100180,100,99924,100,100666,100,99921,100,100787,100,99919,100,101090,100,99917,100
2019-06-28 09:38:41.168937209,100014,100,100006,248,100050,248,99965,244,100088,244,99961,244,100109,244,99946,100,100114,100,99940,100,100158,100,99926,100,100166,100,99924,100,100180,100,99921,100,100666,100,99919,100,100787,100,99917,100
2019-06-28 09:38:50.000000000,100014,318,100006,318,100050,318,99965,318,100088,100,99961,100,100109,100,99946,100,100114,100,99940,100,100158,100,99926,100,100166,100,99924,100,100180,100,99921,100,100666,100,99919,100,100787,100,99917,100
2019-06-28 09:38:50.814733660,100014,318,100006,318,100050,318,99965,318,100088,100,99961,100,100109,100,99946,100,100114,100,99940,100,100158,100,99926,100,100166,100,99924,100,100180,100,99921,100,100666,100,99919,100,100787,100,99917,100
2019-06-28 09:38:59.482250161,100014,318,100006,218,100050,318,99965,318,100088,100,99961,100,100109,100,99946,100,100114,100,99940,100,100158,100,99926,100,100166,100,99924,100,100180,100,99921,100,100666,100,99919,100,100787,100,99917,100
2019-06-28 09:39:00.000000000,100014,318,99965,318,100050,318,99961,318,100088,100,99946,100,100109,100,99940,100,100114,100,99926,100,100158,100,99924,100,100166,100,99921,100,100180,100,99919,100,100666,100,99917,100,100787,100,99916,100
2019-06-28 09:39:02.276816341,100014,318,99965,218,100050,318,99961,318,100088,100,99946,100,100109,100,99940,100,100114,100,99926,100,100158,100,99924,100,100166,100,99921,100,100180,100,99919,100,100666,100,99917,100,100787,100,99916,100
2019-06-28 09:39:05.220261741,100014,318,99965,218,100050,318,99961,318,100088,100,99946,100,100109,100,99940,100,100114,100,99926,100,100158,100,99921,100,100166,100,99919,100,100180,100,99917,100,100666,100,99916,100,100787,100,99886,100
2019-06-28 09:39:08.800063764,100014,318,99965,118,100050,318,99961,318,100088,100,99946,100,100109,100,99940,100,100114,100,99926,100,100158,100,99921,100,100166,100,99919,100,100180,100,99917,100,100666,100,99916,100,100787,100,99886,100
2019-06-28 09:39:10.000000000,100014,248,99961,248,100050,244,99946,244,100088,244,99940,244,100109,100,99926,100,100114,100,99921,100,100158,100,99919,100,100166,100,99917,100,100180,100,99916,100,100666,100,99886,100,100787,100,99879,100
2019-06-28 09:39:20.000000000,100014,318,99961,318,100050,318,99946,318,100088,100,99940,100,100109,100,99926,100,100114,100,99921,100,100158,100,99919,100,100166,100,99917,100,100180,100,99916,100,100666,100,99886,100,100787,100,99879,100
2019-06-28 09:39:30.000000000,100014,187,99961,187,100050,187,99946,187,100088,187,99940,187,100109,187,99926,187,100114,187,99921,187,100158,100,99919,100,100166,100,99917,100,100180,100,99916,100,100666,100,99886,100,100787,100,99879,100
2019-06-28 09:39:37.747253837,100014,87,99961,187,100050,187,99946,87,100088,187,99940,187,100109,187,99926,187,100114,187,99921,187,100158,100,99919,100,100166,100,99917,100,100180,100,99916,100,100666,100,99886,100,100787,100,99879,100
2019-06-28 09:39:40.000000000,100050,209,99961,209,100088,209,99940,209,100109,209,99926,209,100114,209,99921,209,100158,100,99919,100,100166,100,99917,100,100180,100,99916,100,100666,100,99886,100,100787,100,99879,100,101090,100,99873,100
2019-06-28 09:39:46.019820752,100050,209,99965,100,100088,209,99961,209,100109,209,99940,209,100114,209,99926,209,100158,100,99921,209,100166,100,99919,100,100180,100,99917,100,100666,100,99886,100,100787,100,99879,100,101090,100,99873,100
2019-06-28 09:39:50.000000000,100050,248,99965,248,100088,244,99961,244,100109,244,99940,244,100114,100,99926,100,100158,100,99921,100,100166,100,99919,100,100180,100,99917,100,100666,100,99886,100,100787,100,99879,100,101090,100,99873,100
2019-06-28 09:39:54.376963006,100050,148,99965,248,100088,244,99961,244,100109,244,99940,244,100114,100,99926,100,100158,100,99919,100,100166,100,99917,100,100180,100,99886,100,100666,100,99879,100,100787,100,99873,100,101090,100,99855,100
2019-06-28 09:40:00.000000000,100088,248,99965,248,100109,244,99961,244,100114,244,99940,244,100158,100,99926,100,100166,100,99919,100,100180,100,99917,100,100666,100,99886,100,100787,100,99879,100,101090,100,99873,100,,,99855,100
2019-06-28 09:40:10.000000000,100088,536,99965,536,100109,100,99961,100,100114,100,99940,100,100158,100,99926,100,100166,100,99919,100,100180,100,99917,100,100666,100,99886,100,100787,100,99879,100,101090,100,99873,100,,,99855,100
2019-06-28 09:40:20.000000000,100088,536,99965,536,100109,100,99961,100,100114,100,99940,100,100158,100,99926,100,100166,100,99919,100,100180,100,99917,100,100666,100,99886,100,100787,100,99879,100,101090,100,99873,100,,,99855,100
2019-06-28 09:40:30.000000000,100088,536,99965,536,100109,100,99961,100,100114,100,99940,100,100158,100,99926,100,100166,100,99919,100,100180,100,99917,100,100666,100,99886,100,100787,100,99879,100,101090,100,99873,100,,,99855,100
2019-06-28 09:40:40.000000000,100088,209,99965,209,100109,209,99961,209,100114,209,99940,209,100158,209,99926,209,100166,100,99919,100,100180,100,99917,100,100666,100,99886,100,100787,100,99879,100,101090,100,99873,100,,,99855,100
2019-06-28 09:40:49.026384657,100088,209,99965,209,100109,209,99961,209,100114,209,99940,209,100158,209,99926,209,100166,100,99919,100,100180,100,99917,100,100666,100,99886,100,100787,100,99879,100,100971,100,99873,100,101090,100,99855,100
2019-06-28 09:40:50.000000000,100088,536,99965,536,100109,100,99961,100,100114,100,99940,100,100158,100,99926,100,100166,100,99919,100,100180,100,99917,100,100666,100,99886,100,100787,100,99879,100,100971,100,99873,100,101090,100,99855,100
2019-06-28 09:40:56.242788780,100088,536,100014,100,100109,100,99965,536,100158,100,99961,100,100166,100,99940,100,100180,100,99926,100,100666,100,99919,100,100787,100,99917,100,100971,100,99886,100,101090,100,99879,100,,,99873,100
2019-06-28 09:41:00.000000000,100088,536,100014,536,100109,100,99965,100,100158,100,99961,100,100166,100,99940,100,100180,100,99926,100,100666,100,99919,100,100787,100,99917,100,100971,100,99886,100,101090,100,99879,100,,,99873,100
2019-06-28 09:41:07.730891083,100088,536,100014,536,100109,100,99965,100,100158,100,99961,100,100166,100,99940,100,100180,100,99926,100,100666,100,99919,100,100787,100,99917,100,100878,100,99886,100,100971,100,99879,100,101090,100,99873,100
2019-06-28 09:41:10.000000000,100088,536,100014,536,100109,100,99965,100,100158,100,99961,100,100166,100,99940,100,100180,100,99926,100,100666,100,99919,100,100787,100,99917,100,100878,100,99886,100,100971,100,99879,100,101090,100,99873,100
2019-06-28 09:41:20.000000000,100088,536,100014,536,100109,100,99965,100,100158,100,99961,100,100166,100,99940,100,100180,100,99926,100,100666,100,99919,100,100787,100,99917,100,100878,100,99886,100,100971,100,99879,100,101090,100,99873,100
2019-06-28 09:41:26.554254384,100088,436,100014,536,100109,100,99965,100,100166,100,99961,100,100180,100,99940,100,100666,100,99926,100,100787,100,99919,100,100878,100,99917,100,100971,100,99886,100,101090,100,99879,100,,,99873,100
2019-06-28 09:41:30.000000000,100109,209,100014,209,100166,209,99965,209,100180,209,99961,209,100666,209,99940,209,100787,100,99926,100,100878,100,99919,100,100971,100,99917,100,101090,100,99886,100,,,99879,100,,,99873,100
2019-06-28 09:41:40.000000000,100109,209,100014,209,100166,209,99965,209,100180,209,99961,209,100666,209,99940,209,100787,100,99926,100,100878,100,99919,100,100971,100,99917,100,101090,100,99886,100,,,99879,100,,,99873,100
2019-06-28 09:41:43.666084586,100109,209,100014,209,100166,209,99965,209,100180,209,99961,209,100666,209,99940,209,100787,100,99926,100,100878,100,99919,100,100971,100,99917,100,101090,100,99886,100,101100,100,99879,100,,,99873,100
2019-06-28 09:41:50.000000000,100109,187,100014,187,100166,187,99965,187,100180,187,99961,187,100666,187,99940,187,100787,187,99926,187,100878,100,99919,100,100971,100,99917,100,101090,100,99886,100,101100,100,99879,100,,,99873,100
2019-06-28 09:41:59.249509551,100109,87,100014,187,100166,187,99965,187,100180,187,99961,187,100666,187,99940,187,100787,187,99926,187,100878,100,99919,100,100971,100,99917,100,101090,100,99886,100,101100,100,99879,100,,,99873,100
2019-06-28 09:42:00.000000000,100166,209,100014,209,100180,209,99965,209,100666,209,99961,209,100787,209,99940,209,100878,100,99926,100,100971,100,99919,100,101090,100,99917,100,101100,100,99886,100,,,99879,100,,,99873,100
2019-06-28 09:42:10.000000000,100166,209,100014,209,100180,209,99965,209,100666,209,99961,209,100787,209,99940,209,100878,100,99926,100,100971,100,99919,100,101090,100,99917,100,101100,100,99886,100,,,99879,100,,,99873,100
2019-06-28 09:42:20.000000000,100166,209,100014,209,100180,209,99965,209,100666,209,99961,209,100787,209,99940,209,100878,100,99926,100,100971,100,99919,100,101090,100,99917,100,101100,100,99886,100,,,99879,100,,,99873,100
2019-06-28 09:42:30.000000000,100166,318,100014,318,100180,318,99965,318,100666,100,99961,100,100787,100,99940,100,100878,100,99926,100,100971,100,99919,100,101090,100,99917,100,101100,100,99886,100,,,99879,100,,,99873,100
2019-06-28 09:42:32.961603009,100166,318,100014,318,100180,318,99965,318,100666,200,99961,100,100787,100,99940,100,100878,100,99926,100,100971,100,99919,100,101090,100,99917,100,101100,100,99886,100,,,99879,100,,,99873,100
2019-06-28 09:42:36.055641282,100166,318,100014,318,100180,318,99965,318,100624,100,99961,100,100666,200,99940,100,100787,100,99926,100,100878,100,99919,100,100971,100,99917,100,101090,100,99886,100,101100,100,99879,100,,,99873,100
2019-06-28 09:42:40.000000000,100166,209,100014,209,100180,209,99965,209,100624,209,99961,209,100666,309,99940,209,100787,100,99926,100,100878,100,99919,100,100971,100,99917,100,101090,100,99886,100,101100,100,99879,100,,,99873,100
2019-06-28 09:42:40.630070710,100166,109,100014,209,100180,209,99965,209,100624,209,99961,209,100666,309,99940,209,100787,100,99926,100,100878,100,99919,100,100971,100,99917,100,101090,100,99886,100,101100,100,99879,100,,,99873,100
2019-06-28 09:42:47.722455487,100166,9,100014,209,100180,209,99965,209,100624,209,99961,209,100666,209,99940,209,100787,100,99926,100,100878,100,99919,100,100971,100,99917,100,101090,100,99886,100,101100,100,99879,100,,,99873,100
2019-06-28 09:42:48.834553370,100166,9,100014,209,100180,209,99965,209,100624,209,99961,209,100666,209,99940,209,100787,100,99919,100,100878,100,99917,100,100971,100,99886,100,101090,100,99879,100,101100,100,99873,100,101392,100,99855,100
2019-06-28 09:42:50.000000000,100180,318,100014,318,100624,318,99965,318,100666,100,99961,100,100787,100,99940,100,100878,100,99919,100,100971,100,99917,100,101090,100,99886,100,101100,100,99879,100,101392,100,99873,100,,,99855,100
2019-06-28 09:43:00.000000000,100180,248,100014,248,100624,244,99965,244,100666,244,99961,244,100787,100,99940,100,100878,100,99919,100,100971,100,99917,100,101090,100,99886,100,101100,100,99879,100,101392,100,99873,100,,,99855,100
2019-06-28 09:43:10.000000000,100180,209,100014,209,100624,209,99965,209,100666,209,99961,209,100787,209,99940,209,100878,100,99919,100,100971,100,99917,100,101090,100,99886,100,101100,100,99879,100,101392,100,99873,100,,,99855,100
2019-06-28 09:43:11.668108661,100180,109,100014,209,100624,209,99965,209,100666,209,99961,209,100787,209,99940,209,100878,100,99919,100,100971,100,99917,100,101090,100,99886,100,101100,100,99879,100,101392,100,99873,100,,,99855,100
2019-06-28 09:43:20.000000000,100624,248,100014,248,100666,244,99965,244,100787,244,99961,244,100878,100,99940,100,100971,100,99919,100,101090,100,99917,100,101100,100,99886,100,101392,100,99879,100,,,99873,100,,,99855,100
2019-06-28 09:43:25.403136761,100624,148,100014,248,100666,244,99965,244,100787,244,99961,244,100878,100,99940,100,100971,100,99919,100,101090,100,99917,100,101100,100,99886,100,101392,100,99879,100,,,99873,100,,,99855,100
2019-06-28 09:43:30.000000000,100666,187,100014,187,100787,187,99965,187,100878,187,99961,187,100971,187,99940,187,101090,187,99919,187,101100,100,99917,100,101392,100,99886,100,,,99879,100,,,99873,100,,,99855,100
2019-06-28 09:43:30.831920122,100666,187,100014,187,100787,187,99965,187,100878,187,99961,187,100971,187,99940,187,101090,187,99919,187,101100,100,99917,100,101308,100,99886,100,101392,100,99879,100,,,99855,100,,,99807,100
2019-06-28 09:43:40.000000000,100666,536,100014,536,100787,100,99965,100,100878,100,99961,100,100971,100,99940,100,101090,100,99919,100,101100,100,99917,100,101308,100,99886,100,101392,100,99879,100,,,99855,100,,,99807,100
2019-06-28 09:43:50.000000000,100666,318,100014,318,100787,318,99965,318,100878,100,99961,100,100971,100,99940,100,101090,100,99919,100,101100,100,99917,100,101308,100,99886,100,101392,100,99879,100,,,99855,100,,,99807,100
2019-06-28 09:44:00.000000000,100666,536,100014,536,100787,100,99965,100,100878,100,99961,100,100971,100,99940,100,101090,100,99919,100,101100,100,99917,100,101308,100,99886,100,101392,100,99879,100,,,99855,100,,,99807,100
2019-06-28 09:44:05.348929832,100666,536,100180,100,100787,100,100014,536,100878,100,99965,100,100971,100,99961,100,101090,100,99940,100,101100,100,99919,100,101308,100,99917,100,101392,100,99886,100,,,99879,100,,,99855,100
2019-06-28 09:44:10.000000000,100666,248,100180,248,100787,244,100014,244,100878,244,99965,244,100971,100,99961,100,101090,100,99940,100,101100,100,99919,100,101308,100,99917,100,101392,100,99886,100,,,99879,100,,,99855,100
2019-06-28 09:44:20.000000000,100666,248,100180,248,100787,244,100014,244,100878,244,99965,244,100971,100,99961,100,101090,100,99940,100,101100,100,99919,100,101308,100,99917,100,101392,100,99886,100,,,99879,100,,,99855,100
2019-06-28 09:44:30.000000000,100666,209,100180,209,100787,209,100014,209,100878,209,99965,209,100971,209,99961,209,101090,100,99940,100,101100,100,99919,100,101308,100,99917,100,101392,100,99886,100,,,99879,100,,,99855,100
2019-06-28 09:44:40.000000000,100666,318,100180,318,100787,318,100014,318,100878,100,99965,100,100971,100,99961,100,101090,100,99940,100,101100,100,99919,100,101308,100,99917,100,101392,100,99886,100,,,99879,100,,,99855,100
2019-06-28 09:44:50.000000000,100666,209,100180,209,100787,209,100014,209,100878,209,99965,209,100971,209,99961,209,101090,100,99940,100,101100,100,99919,100,101308,100,99917,100,101392,100,99886,100,,,99879,100,,,99855,100
2019-06-28 09:45:00.000000000,100666,187,100180,187,100787,187,100014,187,100878,187,99965,187,100971,187,99961,187,101090,187,99940,187,101100,100,99919,100,101308,100,99917,100,101392,100,99886,100,,,99879,100,,,99855,100
2019-06-28 09:45:10.000000000,100666,187,100180,187,100787,187,100014,187,100878,187,99965,187,100971,187,99961,187,101090,187,99940,187,101100,100,99919,100,101308,100,99917,100,101392,100,99886,100,,,99879,100,,,99855,100
2019-06-28 09:45:16.110534879,100666,87,100180,187,100787,187,100014,187,100878,87,99965,187,100971,187,99961,187,101090,187,99940,187,101100,100,99919,100,101308,100,99917,100,101392,100,99886,100,,,99879,100,,,99855,100
2019-06-28 09:45:20.000000000,100787,248,100180,248,100971,244,100014,244,101090,244,99965,244,101100,100,99961,100,101308,100,99940,100,101392,100,99919,100,,,99917,100,,,99886,100,,,99879,100,,,99855,100
2019-06-28 09:45:30.000000000,100787,248,100180,248,100971,244,100014,244,101090,244,99965,244,101100,100,99961,100,101308,100,99940,100,101392,100,99919,100,,,99917,100,,,99886,100,,,99879,100,,,99855,100
2019-06-28 09:45:40.000000000,100787,318,100180,318,100971,318,100014,318,101090,100,99965,100,101100,100,99961,100,101308,100,99940,100,101392,100,99919,100,,,99917,100,,,99886,100,,,99879,100,,,99855,100
2019-06-28 09:45:46.588426831,100787,318,100180,318,100971,318,100014,318,101090,100,99965,100,101100,100,99961,100,101308,100,99940,100,101392,100,99919,100,102538,100,99917,100,,,99886,100,,,99879,100,,,99855,100
2019-06-28 09:45:50.000000000,100787,209,100180,209,100971,209,100014,209,101090,209,99965,209,101100,209,99961,209,101308,100,99940,100,101392,100,99919,100,102538,100,99917,100,,,99886,100,,,99879,100,,,99855,100
2019-06-28 09:45:59.933469028,100787,209,100180,209,100971,209,100014,209,101090,209,99965,209,101100,209,99961,209,101308,100,99940,100,101392,100,99919,100,101927,100,99917,100,102538,100,99886,100,,,99879,100,,,99855,100
2019-06-28 09:46:00.000000000,100787,248,100180,248,100971,244,100014,244,101090,244,99965,244,101100,100,99961,100,101308,100,99940,100,101392,100,99919,100,101927,100,99917,100,102538,100,99886,100,,,99879,100,,,99855,100
2019-06-28 09:46:10.000000000,100787,187,100180,187,100971,187,100014,187,101090,187,99965,187,101100,187,99961,187,101308,187,99940,187,101392,100,99919,100,101927,100,99917,100,102538,100,99886,100,,,99879,100,,,99855,100
2019-06-28 09:46:13.639029149,100787,87,100180,187,100971,187,100014,187,101090,187,99965,187,101100,187,99961,187,101308,187,99940,187,101392,100,99919,100,101927,100,99917,100,102538,100,99886,100,,,99879,100,,,99855,100
2019-06-28 09:46:14.740421769,100787,87,100666,100,100971,187,100180,187,101090,187,100014,187,101100,187,99965,187,101308,187,99961,187,101392,100,99940,187,101927,100,99919,100,102538,100,99917,100,,,99886,100,,,99879,100
2019-06-28 09:46:20.000000000,100971,536,100666,536,101090,100,100180,100,101100,100,100014,100,101308,100,99965,100,101392,100,99961,100,101927,100,99940,100,102538,100,99919,100,,,99917,100,,,99886,100,,,99879,100
2019-06-28 09:46:22.313677838,100971,436,100666,536,101090,100,100180,100,101100,100,100014,100,101308,100,99965,100,101392,100,99961,100,101927,100,99940,100,102538,100,99919,100,,,99917,100,,,99886,100,,,99879,100
2019-06-28 09:46:30.000000000,101090,318,100666,318,101100,318,100180,318,101308,100,100014,100,101392,100,99965,100,101927,100,99961,100,102538,100,99940,100,,,99919,100,,,99917,100,,,99886,100,,,99879,100
2019-06-28 09:46:40.000000000,101090,248,100666,248,101100,244,100180,244,101308,244,100014,244,101392,100,99965,100,101927,100,99961,100,102538,100,99940,100,,,99919,100,,,99917,100,,,99886,100,,,99879,100
2019-06-28 09:46:50.000000000,101090,187,100666,187,101100,187,100180,187,101308,187,100014,187,101392,187,99965,187,101927,187,99961,187,102538,100,99940,100,,,99919,100,,,99917,100,,,99886,100,,,99879,100
2019-06-28 09:46:54.746246532,101090,187,100666,187,101100,187,100180,187,101308,187,100014,187,101392,187,99965,187,101927,187,99961,187,102109,100,99940,100,102538,100,99919,100,,,99917,100,,,99886,100,,,99879,100
2019-06-28 09:47:00.000000000,101090,536,100666,536,101100,100,100180,100,101308,100,100014,100,101392,100,99965,100,101927,100,99961,100,102109,100,99940,100,102538,100,99919,100,,,99917,100,,,99886,100,,,99879,100
2019-06-28 09:47:10.000000000,101090,187,100666,187,101100,187,100180,187,101308,187,100014,187,101392,187,99965,187,101927,187,99961,187,102109,100,99940,100,102538,100,99919,100,,,99917,100,,,99886,100,,,99879,100
2019-06-28 09:47:20.000000000,101090,536,100666,536,101100,100,100180,100,101308,100,100014,100,101392,100,99965,100,101927,100,99961,100,102109,100,99940,100,102538,100,99919,100,,,99917,100,,,99886,100,,,99879,100
2019-06-28 09:47:30.000000000,101090,187,100666,187,101100,187,100180,187,101308,187,100014,187,101392,187,99965,187,101927,187,99961,187,102109,100,99940,100,102538,100,99919,100,,,99917,100,,,99886,100,,,99879,100
2019-06-28 09:47:40.000000000,101090,187,100666,187,101100,187,100180,187,101308,187,100014,187,101392,187,99965,187,101927,187,99961,187,102109,100,99940,100,102538,100,99919,100,,,99917,100,,,99886,100,,,99879,100
2019-06-28 09:47:40.305487237,101090,187,100787,100,101100,187,100666,187,101308,187,100180,187,101392,187,100014,187,101927,187,99965,87,102109,100,99961,187,102538,100,99940,100,,,99919,100,,,99917,100,,,99886,100
2019-06-28 09:47:50.000000000,101090,248,100787,248,101100,244,100666,244,101308,244,100180,244,101392,100,100014,100,101927,100,99961,100,102109,100,99940,100,102538,100,99919,100,,,99917,100,,,99886,100,,,99879,100
2019-06-28 09:48:00.000000000,101090,187,100787,187,101100,187,100666,187,101308,187,100180,187,101392,187,100014,187,101927,187,99961,187,102109,100,99940,100,102538,100,99919,100,,,99917,100,,,99886,100,,,99879,100
2019-06-28 09:48:10.000000000,101090,318,100787,318,101100,318,100666,318,101308,100,100180,100,101392,100,100014,100,101927,100,99961,100,102109,100,99940,100,102538,100,99919,100,,,99917,100,,,99886,100,,,99879,100
2019-06-28 09:48:15.796339234,101090,318,100787,218,101100,318,100666,318,101308,100,100180,100,101392,100,100014,100,101927,100,99961,100,102109,100,99940,100,102538,100,99919,100,,,99917,100,,,99886,100,,,99879,100
2019-06-28 09:48:20.000000000,101090,536,100666,536,101100,100,100180,100,101308,100,100014,100,101392,100,99961,100,101927,100,99940,100,102109,100,99919,100,102538,100,99917,100,,,99886,100,,,99879,100,,,99855,100
2019-06-28 09:48:30.000000000,101090,209,100666,209,101100,209,100180,209,101308,209,100014,209,101392,209,99961,209,101927,100,99940,100,102109,100,99919,100,102538,100,99917,100,,,99886,100,,,99879,100,,,99855,100
2019-06-28 09:48:40.000000000,101090,248,100666,248,101100,244,100180,244,101308,244,100014,244,101392,100,99961,100,101927,100,99940,100,102109,100,99919,100,102538,100,99917,100,,,99886,100,,,99879,100,,,99855,100
2019-06-28 09:48:50.000000000,101090,209,100666,209,101100,209,100180,209,101308,209,100014,209,101392,209,99961,209,101927,100,99940,100,102109,100,99919,100,102538,100,99917,100,,,99886,100,,,99879,100,,,99855,100
2019-06-28 09:48:58.018945526,101090,209,100666,209,101100,209,100180,209,101308,209,100014,209,101392,209,100004,100,101927,100,99961,209,102109,100,99940,100,102538,100,99919,100,,,99917,100,,,99886,100,,,99879,100
2019-06-28 09:49:00.000000000,101090,536,100666,536,101100,100,100180,100,101308,100,100014,100,101392,100,100004,100,101927,100,99961,100,102109,100,99940,100,102538,100,99919,100,,,99917,100,,,99886,100,,,99879,100
2019-06-28 09:49:10.000000000,101090,318,100666,318,101100,318,100180,318,101308,100,100014,100,101392,100,100004,100,101927,100,99961,100,102109,100,99940,100,102538,100,99919,100,,,99917,100,,,99886,100,,,99879,100
2019-06-28 09:49:20.000000000,101090,248,100666,248,101100,244,100180,244,101308,244,100014,244,101392,100,100004,100,101927,100,99961,100,102109,100,99940,100,102538,100,99919,100,,,99917,100,,,99886,100,,,99879,100
2019-06-28 09:49:30.000000000,101090,318,100666,318,101100,318,100180,318,101308,100,100014,100,101392,100,100004,100,101927,100,99961,100,102109,100,99940,100,102538,100,99919,100,,,99917,100,,,99886,100,,,99879,100
2019-06-28 09:49:33.290999616,101090,318,100666,318,101100,318,100180,318,101308,100,100014,100,101392,100,100004,100,101927,100,99961,100,102109,100,99940,100,102538,100,99919,100,,,99917,100,,,99886,100,,,99879,100
2019-06-28 09:49:36.678176124,100970,100,100666,318,101090,318,100180,318,101100,318,100014,100,101308,100,100004,100,101392,100,99961,100,101927,100,99940,100,102109,100,99919,100,102538,100,99917,100,,,99886,100,,,99879,100
2019-06-28 09:49:40.000000000,100970,536,100666,536,101090,100,100180,100,101100,100,100014,100,101308,100,100004,100,101392,100,99961,100,101927,100,99940,100,102109,100,99919,100,102538,100,99917,100,,,99886,100,,,99879,100
2019-06-28 09:49:50.000000000,100970,248,100666,248,101090,244,100180,244,101100,244,100014,244,101308,100,100004,100,101392,100,99961,100,101927,100,99940,100,102109,100,99919,100,102538,100,99917,100,,,99886,100,,,99879,100
2019-06-28 09:50:00.000000000,100970,187,100666,187,101090,187,100180,187,101100,187,100014,187,101308,187,100004,187,101392,187,99961,187,101927,100,99940,100,102109,100,99919,100,102538,100,99917,100,,,99886,100,,,99879,100
2019-06-28 09:50:10.000000000,100970,318,100666,318,101090,318,100180,318,101100,100,100014,100,101308,100,100004,100,101392,100,99961,100,101927,100,99940,100,102109,100,99919,100,102538,100,99917,100,,,99886,100,,,99879,100
2019-06-28 09:50:16.845243216,100970,318,100666,318,101090,318,100180,318,101100,100,100014,100,101392,100,100004,100,101927,100,99961,100,102109,100,99940,100,102538,100,99919,100,,,99917,100,,,99886,100,,,99885,100
2019-06-28 09:50:20.000000000,100970,318,100666,318,101090,318,100180,318,101100,100,100014,100,101392,100,100004,100,101927,100,99961,100,102109,100,99940,100,102538,100,99919,100,,,99917,100,,,99886,100,,,99885,100
2019-06-28 09:50:30.000000000,100970,187,100666,187,101090,187,100180,187,101100,187,100014,187,101392,187,100004,187,101927,187,99961,187,102109,100,99940,100,102538,100,99919,100,,,99917,100,,,99886,100,,,99885,100
2019-06-28 09:50:40.000000000,100970,318,100666,318,101090,318,100180,318,101100,100,100014,100,101392,100,100004,100,101927,100,99961,100,102109,100,99940,100,102538,100,99919,100,,,99917,100,,,99886,100,,,99885,100
2019-06-28 09:50:47.449672440,100970,318,100666,218,101090,318,100180,318,101100,100,100014,100,101392,100,100004,100,101927,100,99961,100,102109,100,99940,100,102538,100,99919,100,,,99917,100,,,99886,100,,,99885,100
2019-06-28 09:50:50.000000000,100970,536,100180,536,101090,100,100014,100,101100,100,100004,100,101392,100,99961,100,101927,100,99940,100,102109,100,99919,100,102538,100,99917,100,,,99886,100,,,99885,100,,,99879,100
2019-06-28 09:51:00.000000000,100970,318,100180,318,101090,318,100014,318,101100,100,100004,100,101392,100,99961,100,101927,100,99940,100,102109,100,99919,100,102538,100,99917,100,,,99886,100,,,99885,100,,,99879,100
2019-06-28 09:51:01.195742930,100970,318,100180,318,101090,318,100014,318,101100,100,100004,100,101392,100,99961,100,101927,100,99940,100,102109,100,99919,100,102538,100,99917,100,,,99886,100,,,99885,100,,,99879,100
2019-06-28 09:51:01.694831317,100970,318,100180,218,101090,318,100014,318,101100,100,100004,100,101392,100,99961,100,101927,100,99940,100,102109,100,99919,100,102538,100,99917,100,,,99886,100,,,99885,100,,,99879,100
2019-06-28 09:51:08.414679421,100970,318,100180,218,101090,318,100014,318,101100,100,100004,100,101392,100,99961,100,101927,100,99940,100,102109,100,99919,100,102538,100,99917,100,,,99886,100,,,99885,100,,,99879,100
2019-06-28 09:51:10.000000000,100970,536,100014,536,101090,100,100004,100,101100,100,99961,100,101392,100,99940,100,101927,100,99919,100,102109,100,99917,100,102538,100,99886,100,,,99885,100,,,99879,100,,,99855,100
2019-06-28 09:51:10.877840225,100970,536,100014,436,101090,100,100004,100,101100,100,99961,100,101392,100,99940,100,101927,100,99919,100,102109,100,99917,100,102538,100,99886,100,,,99885,100,,,99879,100,,,99855,100
2019-06-28 09:51:18.354681678,100970,536,100014,336,101090,100,100004,100,101100,100,99961,100,101392,100,99940,100,101927,100,99919,100,102538,100,99917,100,,,99886,100,,,99885,100,,,99879,100,,,99855,100
2019-06-28 09:51:18.717578996,100970,536,100014,236,101090,100,100004,100,101100,100,99961,100,101392,100,99940,100,101927,100,99919,100,102538,100,99917,100,,,99886,100,,,99885,100,,,99879,100,,,99855,100
2019-06-28 09:51:20.000000000,100970,248,100004,248,101090,244,99961,244,101100,244,99940,244,101392,100,99919,100,101927,100,99917,100,102538,100,99886,100,,,99885,100,,,99879,100,,,99855,100,,,99807,100
2019-06-28 09:51:21.195141408,100970,248,100004,148,101090,244,99961,244,101100,244,99940,244,101392,100,99919,100,101927,100,99917,100,102538,100,99886,100,,,99885,100,,,99879,100,,,99855,100,,,99807,100
2019-06-28 09:51:26.640545885,100970,248,100004,148,101090,244,99961,244,101100,244,99940,244,101392,100,99919,100,101927,100,99917,100,102538,100,99886,100,,,99885,100,,,99879,100,,,99855,100,,,99807,100
2019-06-28 09:51:30.000000000,100970,536,99961,536,101090,100,99940,100,101100,100,99919,100,101392,100,99917,100,101927,100,99886,100,102538,100,99885,100,,,99879,100,,,99855,100,,,99807,100,,,99783,100
2019-06-28 09:51:40.000000000,100970,209,99961,209,101090,209,99940,209,101100,209,99919,209,101392,209,99917,209,101927,100,99886,100,102538,100,99885,100,,,99879,100,,,99855,100,,,99807,100,,,99783,100
2019-06-28 09:51:42.256261750,100970,209,99961,109,101090,209,99940,209,101100,209,99919,209,101392,209,99917,209,101927,100,99886,100,102538,100,99885,100,,,99879,100,,,99855,100,,,99807,100,,,99783,100
2019-06-28 09:51:50.000000000,100970,536,99940,536,101090,100,99919,100,101100,100,99917,100,101392,100,99886,100,101927,100,99885,100,102538,100,99879,100,,,99855,100,,,99807,100,,,99783,100,,,99775,100
2019-06-28 09:52:00.000000000,100970,536,99940,536,101090,100,99919,100,101100,100,99917,100,101392,100,99886,100,101927,100,99885,100,102538,100,99879,100,,,99855,100,,,99807,100,,,99783,100,,,99775,100
2019-06-28 09:52:09.589000573,100970,536,99940,436,101090,100,99919,100,101100,100,99917,100,101392,100,99886,100,101927,100,99885,100,102538,100,99879,100,,,99855,100,,,99807,100,,,99783,100,,,99775,100
2019-06-28 09:52:10.000000000,100970,187,99919,187,101090,187,99917,187,101100,187,99886,187,101392,187,99885,187,101927,187,99879,187,102538,100,99855,100,,,99807,100,,,99783,100,,,99775,100,,,99708,100
2019-06-28 09:52:13.432706263,100970,187,99919,87,101090,187,99917,187,101100,187,99886,187,101392,187,99885,187,101927,187,99879,187,102538,100,99855,100,,,99807,100,,,99783,100,,,99775,100,,,99708,100
2019-06-28 09:52:20.000000000,100970,209,99917,209,101090,209,99886,209,101100,209,99885,209,101392,209,99879,209,101927,100,99855,100,102538,100,99807,100,,,99783,100,,,99775,100,,,99708,100,,,99590,100
2019-06-28 09:52:27.610254020,100970,209,99917,109,101090,209,99886,209,101100,209,99885,209,101392,209,99879,209,101927,100,99855,100,102538,100,99807,100,,,99783,100,,,99775,100,,,99708,100,,,99590,100
2019-06-28 09:52:28.069507115,100970,209,99917,9,101090,209,99886,209,101100,209,99885,209,101392,209,99879,209,101927,100,99855,100,102538,100,99807,100,,,99783,100,,,99775,100,,,99708,100,,,99590,100
2019-06-28 09:52:30.000000000,100970,187,99886,187,101090,187,99885,187,101100,187,99879,187,101392,187,99855,187,101927,187,99807,187,102538,100,99783,100,,,99775,100,,,99708,100,,,99590,100,,,99582,100
2019-06-28 09:52:40.000000000,100970,536,99886,536,101090,100,99885,100,101100,100,99879,100,101392,100,99855,100,101927,100,99807,100,102538,100,99783,100,,,99775,100,,,99708,100,,,99590,100,,,99582,100
2019-06-28 09:52:46.173465719,99923,100,99886,536,100970,536,99885,100,101090,100,99879,100,101100,100,99855,100,101392,100,99807,100,101927,100,99783,100,102538,100,99775,100,,,99708,100,,,99590,100,,,99582,100
2019-06-28 09:52:50.000000000,99923,209,99886,209,100970,209,99885,209,101090,209,99879,209,101100,209,99855,209,101392,100,99807,100,101927,100,99783,100,102538,100,99775,100,,,99708,100,,,99590,100,,,99582,100
2019-06-28 09:53:00.000000000,99923,187,99886,187,100970,187,99885,187,101090,187,99879,187,101100,187,99855,187,101392,187,99807,187,101927,100,99783,100,102538,100,99775,100,,,99708,100,,,99590,100,,,99582,100
2019-06-28 09:53:05.881893780,99923,187,99886,87,100970,187,99885,187,101090,187,99879,187,101100,187,99855,187,101392,187,99807,187,101927,100,99783,100,102538,100,99775,100,,,99708,100,,,99590,100,,,99582,100
2019-06-28 09:53:05.993799813,99886,13,99885,187,99923,187,99879,187,100970,187,99855,187,101090,187,99807,187,101100,187,99783,100,101392,187,99775,100,101927,100,99708,100,102538,100,99590,100,,,99582,100,,,,
2019-06-28 09:53:10.000000000,99886,231,99885,318,99923,318,99879,318,100970,100,99855,100,101090,100,99807,100,101100,100,99783,100,101392,100,99775,100,101927,100,99708,100,102538,100,99590,100,,,99582,100,,,,
2019-06-28 09:53:12.619211225,99886,231,99885,218,99923,218,99879,318,100970,100,99855,100,101090,100,99807,100,101100,100,99783,100,101392,100,99775,100,101927,100,99708,100,102538,100,99590,100,,,99582,100,,,,
2019-06-28 09:53:14.055715896,99886,231,99885,118,99923,218,99879,218,100970,100,99855,100,101090,100,99807,100,101100,100,99783,100,101392,100,99775,100,101927,100,99708,100,102538,100,99590,100,,,99582,100,,,,
2019-06-28 09:53:20.000000000,99886,161,99855,248,100970,244,99807,244,101090,244,99783,244,101100,100,99775,100,101392,100,99708,100,101927,100,99590,100,102538,100,99582,100,,,,,,,,,,,,
2019-06-28 09:53:21.418759034,99886,161,99855,148,100970,244,99807,244,101090,244,99783,244,101100,100,99775,100,101927,100,99708,100,102538,100,99590,100,,,99582,100,,,,,,,,,,,,
2019-06-28 09:53:24.851355014,99886,161,99855,148,100970,244,99807,244,101090,244,99783,244,101100,100,99775,100,101927,100,99708,100,102538,100,99678,100,,,99590,100,,,99582,100,,,,,,,,
2019-06-28 09:53:30.000000000,99886,449,99807,536,100970,100,99783,100,101090,100,99775,100,101100,100,99708,100,101927,100,99678,100,102538,100,99590,100,,,99582,100,,,,,,,,,,,,
2019-06-28 09:53:40.000000000,99886,100,99807,187,100970,187,99783,187,101090,187,99775,187,101100,187,99708,187,101927,187,99678,187,102538,100,99590,100,,,99582,100,,,,,,,,,,,,
2019-06-28 09:53:50.000000000,99886,122,99807,209,100970,209,99783,209,101090,209,99775,209,101100,209,99708,209,101927,100,99678,100,102538,100,99590,100,,,99582,100,,,,,,,,,,,,
2019-06-28 09:54:00.000000000,99886,122,99807,209,100970,209,99783,209,101090,209,99775,209,101100,209,99708,209,101927,100,99678,100,102538,100,99590,100,,,99582,100,,,,,,,,,,,,
2019-06-28 09:54:09.422445793,99885,100,99807,209,99886,122,99783,209,100970,209,99775,209,101090,209,99708,209,101100,209,99678,100,101927,100,99590,100,102538,100,99582,100,,,,,,,,,,,,
2019-06-28 09:54:10.000000000,99885,318,99807,318,99886,231,99783,318,100970,100,99775,100,101090,100,99708,100,101100,100,99678,100,101927,100,99590,100,102538,100,99582,100,,,,,,,,,,,,
2019-06-28 09:54:20.000000000,99885,248,99807,248,99886,157,99783,244,100970,244,99775,244,101090,100,99708,100,101100,100,99678,100,101927,100,99590,100,102538,100,99582,100,,,,,,,,,,,,
2019-06-28 09:54:30.000000000,99885,536,99807,536,99886,13,99783,100,100970,100,99775,100,101090,100,99708,100,101100,100,99678,100,101927,100,99590,100,102538,100,99582,100,,,,,,,,,,,,
2019-06-28 09:54:40.000000000,99885,318,99807,318,99886,231,99783,318,100970,100,99775,100,101090,100,99708,100,101100,100,99678,100,101927,100,99590,100,102538,100,99582,100,,,,,,,,,,,,
2019-06-28 09:54:47.868458932,99885,318,99807,218,99886,231,99783,318,100970,100,99775,100,101090,100,99708,100,101100,100,99678,100,101927,100,99590,100,102538,100,99582,100,,,,,,,,,,,,
2019-06-28 09:54:50.000000000,99885,318,99783,318,99886,231,99775,318,100970,100,99708,100,101090,100,99678,100,101100,100,99590,100,101927,100,99582,100,102538,100,,,,,,,,,,,,,,
2019-06-28 09:55:00.000000000,99885,318,99783,318,99886,231,99775,318,100970,100,99708,100,101090,100,99678,100,101100,100,99590,100,101927,100,99582,100,102538,100,,,,,,,,,,,,,,
2019-06-28 09:55:10.000000000,99885,209,99783,209,99886,122,99775,209,100970,209,99708,209,101090,209,99678,209,101100,100,99590,100,101927,100,99582,100,102538,100,,,,,,,,,,,,,,
2019-06-28 09:55:20.000000000,99885,187,99783,187,99886,100,99775,187,100970,187,99708,187,101090,187,99678,187,101100,187,99590,187,101927,100,99582,100,102538,100,,,,,,,,,,,,,,
2019-06-28 09:55:28.544396114,99885,87,99783,187,99886,100,99775,187,100970,187,99708,187,101090,187,99678,187,101100,187,99590,187,101927,100,99582,100,102538,100,,,,,,,,,,,,,,
2019-06-28 09:55:30.000000000,99886,161,99783,248,100970,244,99775,244,101090,244,99708,244,101100,100,99678,100,101927,100,99590,100,102538,100,99582,100,,,,,,,,,,,,,,,,
2019-06-28 09:55:36.882583206,99886,161,99783,148,100970,244,99775,244,101090,244,99708,244,101100,100,99678,100,101927,100,99608,100,102538,100,99590,100,,,99582,100,,,,,,,,,,,,
2019-06-28 09:55:37.750969536,99886,161,99783,48,100970,244,99775,244,101090,244,99708,244,101100,100,99678,100,101927,100,99608,100,102538,100,99590,100,,,99582,100,,,,,,,,,,,,
2019-06-28 09:55:40.000000000,99886,161,99775,248,100970,244,99708,244,101090,244,99678,244,101100,100,99608,100,101927,100,99590,100,102538,100,99582,100,,,,,,,,,,,,,,,,
2019-06-28 09:55:50.000000000,99886,100,99775,187,100970,187,99708,187,101090,187,99678,187,101100,187,99608,187,101927,187,99590,187,102538,100,99582,100,,,,,,,,,,,,,,,,
2019-06-28 09:56:00.000000000,99886,231,99775,318,100970,318,99708,318,101090,100,99678,100,101100,100,99608,100,101927,100,99590,100,102538,100,99582,100,,,,,,,,,,,,,,,,
2019-06-28 09:56:05.244780885,99886,231,99775,318,100970,318,99708,318,101090,100,99678,100,101100,100,99608,100,101927,100,99590,100,102538,100,99582,100,,,99568,100,,,,,,,,,,,,
2019-06-28 09:56:10.000000000,99886,122,99775,209,100970,209,99708,209,101090,209,99678,209,101100,209,99608,209,101927,100,99590,100,102538,100,99582,100,,,99568,100,,,,,,,,,,,,
2019-06-28 09:56:19.308707562,99886,122,99775,209,100970,209,99708,209,101090,209,99678,209,101100,209,99617,100,101927,100,99608,209,102538,100,99590,100,,,99582,100,,,99568,100,,,,,,,,
2019-06-28 09:56:19.672416665,99807,100,99775,209,99886,122,99708,209,100970,209,99678,209,101090,209,99617,100,101100,209,99608,209,101927,100,99590,100,102538,100,99582,100,,,99568,100,,,,,,,,
2019-06-28 09:56:20.000000000,99807,187,99775,187,99886,100,99708,187,100970,187,99678,187,101090,187,99617,187,101100,187,99608,187,101927,100,99590,100,102538,100,99582,100,,,99568,100,,,,,,,,
2019-06-28 09:56:22.626125953,99807,187,99775,87,99886,100,99708,187,100970,187,99678,187,101090,187,99617,187,101100,187,99608,187,101927,100,99590,100,102538,100,99582,100,,,99568,100,,,,,,,,
2019-06-28 09:56:30.000000000,99807,318,99708,318,99886,231,99678,318,100970,100,99617,100,101090,100,99608,100,101100,100,99590,100,101927,100,99582,100,102538,100,99568,100,,,,,,,,,,,,
2019-06-28 09:56:35.183039032,99783,100,99708,318,99807,218,99678,318,99886,231,99617,100,100970,100,99608,100,101090,100,99590,100,101100,100,99582,100,101927,100,99568,100,102538,100,,,,,,,,,,
2019-06-28 09:56:40.000000000,99783,318,99708,318,99886,231,99678,318,100970,100,99617,100,101090,100,99608,100,101100,100,99590,100,101927,100,99582,100,102538,100,99568,100,,,,,,,,,,,,
2019-06-28 09:56:50.000000000,99783,187,99708,187,99886,100,99678,187,100970,187,99617,187,101090,187,99608,187,101100,187,99590,187,101927,100,99582,100,102538,100,99568,100,,,,,,,,,,,,
2019-06-28 09:56:56.294938283,99783,187,99708,87,99886,100,99678,187,100970,187,99617,187,101090,187,99608,187,101100,187,99590,187,101927,100,99582,100,102538,100,99568,100,,,,,,,,,,,,
2019-06-28 09:57:00.000000000,99783,318,99678,318,99886,231,99617,318,100970,100,99608,100,101090,100,99590,100,101100,100,99582,100,101927,100,99568,100,102538,100,,,,,,,,,,,,,,
2019-06-28 09:57:06.207354568,99783,318,99678,318,99886,231,99617,318,100970,100,99608,100,101090,100,99590,100,101100,100,99582,100,101927,100,99568,100,102538,100,99155,100,,,,,,,,,,,,
2019-06-28 09:57:10.000000000,99783,209,99678,209,99886,122,99617,209,100970,209,99608,209,101090,209,99590,209,101100,100,99582,100,101927,100,99568,100,102538,100,99155,100,,,,,,,,,,,,
2019-06-28 09:57:20.000000000,99783,209,99678,209,99886,122,99617,209,100970,209,99608,209,101090,209,99590,209,101100,100,99582,100,101927,100,99568,100,102538,100,99155,100,,,,,,,,,,,,
2019-06-28 09:57:24.697034872,99783,209,99678,209,99886,122,99617,209,100970,209,99608,209,101090,209,99590,209,101100,100,99582,100,101927,100,99568,100,102538,100,99155,100,,,98992,100,,,,,,,,
2019-06-28 09:57:30.000000000,99783,209,99678,209,99886,122,99617,209,100970,209,99608,209,101090,209,99590,209,101100,100,99582,100,101927,100,99568,100,102538,100,99155,100,,,98992,100,,,,,,,,
2019-06-28 09:57:40.000000000,99783,536,99678,536,99886,13,99617,100,100970,100,99608,100,101090,100,99590,100,101100,100,99582,100,101927,100,99568,100,102538,100,99155,100,,,98992,100,,,,,,,,
2019-06-28 09:57:48.396088082,99783,536,99678,536,99886,13,99617,100,100970,100,99608,100,101090,100,99590,100,101100,100,99582,100,101927,100,99568,100,102538,100,99400,100,,,99155,100,,,98992,100,,,,
2019-06-28 09:57:50.000000000,99783,536,99678,536,99886,13,99617,100,100970,100,99608,100,101090,100,99590,100,101100,100,99582,100,101927,100,99568,100,102538,100,99400,100,,,99155,100,,,98992,100,,,,
2019-06-28 09:57:55.918779506,99783,536,99678,536,99886,13,99617,100,100970,100,99608,100,101090,100,99590,100,101100,100,99582,100,101927,100,99568,100,102538,100,99538,100,,,99400,100,,,99155,100,,,98992,100
2019-06-28 09:58:00.000000000,99783,536,99678,536,99886,13,99617,100,100970,100,99608,100,101090,100,99590,100,101100,100,99582,100,101927,100,99568,100,102538,100,99538,100,,,99400,100,,,99155,100,,,98992,100
2019-06-28 09:58:01.838546743,99783,536,99678,436,99886,13,99617,100,100970,100,99608,100,101090,100,99590,100,101100,100,99582,100,101927,100,99568,100,102538,100,99538,100,,,99400,100,,,99155,100,,,98992,100
2019-06-28 09:58:10.000000000,99783,209,99617,209,99886,122,99608,209,100970,209,99590,209,101090,209,99582,209,101100,100,99568,100,101927,100,99538,100,102538,100,99400,100,,,99155,100,,,98992,100,,,,
2019-06-28 09:58:20.000000000,99783,187,99617,187,99886,100,99608,187,100970,187,99590,187,101090,187,99582,187,101100,187,99568,187,101927,100,99538,100,102538,100,99400,100,,,99155,100,,,98992,100,,,,
2019-06-28 09:58:30.000000000,99783,536,99617,536,99886,13,99608,100,100970,100,99590,100,101090,100,99582,100,101100,100,99568,100,101927,100,99538,100,102538,100,99400,100,,,99155,100,,,98992,100,,,,
2019-06-28 09:58:34.425932434,99708,100,99617,536,99783,536,99608,100,99886,13,99590,100,100970,100,99582,100,101090,100,99568,100,101100,100,99538,100,101927,100,99400,100,102538,100,99155,100,,,98992,100,,,,
2019-06-28 09:58:40.000000000,99708,536,99617,536,99783,100,99608,100,99886,13,99590,100,100970,100,99582,100,101090,100,99568,100,101100,100,99538,100,101927,100,99400,100,102538,100,99155,100,,,98992,100,,,,
2019-06-28 09:58:50.000000000,99708,248,99617,248,99783,244,99608,244,99886,157,99590,244,100970,100,99582,100,101090,100,99568,100,101100,100,99538,100,101927,100,99400,100,102538,100,99155,100,,,98992,100,,,,
2019-06-28 09:59:00.000000000,99708,187,99617,187,99783,187,99608,187,99886,100,99590,187,100970,187,99582,187,101090,187,99568,187,101100,100,99538,100,101927,100,99400,100,102538,100,99155,100,,,98992,100,,,,
2019-06-28 09:59:09.262253300,99708,187,99617,87,99783,187,99608,187,99886,100,99590,187,100970,187,99582,187,101090,187,99568,187,101100,100,99538,100,101927,100,99400,100,102538,100,99155,100,,,98992,100,,,,
2019-06-28 09:59:10.000000000,99708,536,99608,536,99783,100,99590,100,99886,13,99582,100,100970,100,99568,100,101090,100,99538,100,101100,100,99400,100,101927,100,99155,100,102538,100,98992,100,,,,,,,,
2019-06-28 09:59:17.635859831,99708,536,99608,436,99783,100,99590,100,99886,13,99582,100,100970,100,99568,100,101090,100,99538,100,101100,100,99400,100,101927,100,99155,100,102538,100,98992,100,,,,,,,,
2019-06-28 09:59:20.000000000,99708,536,99590,536,99783,100,99582,100,99886,13,99568,100,100970,100,99538,100,101090,100,99400,100,101100,100,99155,100,101927,100,98992,100,102538,100,,,,,,,,,,
2019-06-28 09:59:30.000000000,99708,187,99590,187,99783,187,99582,187,99886,100,99568,187,100970,187,99538,187,101090,187,99400,187,101100,100,99155,100,101927,100,98992,100,102538,100,,,,,,,,,,
2019-06-28 09:59:40.000000000,99708,248,99590,248,99783,244,99582,244,99886,157,99568,244,100970,100,99538,100,101090,100,99400,100,101100,100,99155,100,101927,100,98992,100,102538,100,,,,,,,,,,
2019-06-28 09:59:50.000000000,99708,248,99590,248,99783,244,99582,244,99886,157,99568,244,100970,100,99538,100,101090,100,99400,100,101100,100,99155,100,101927,100,98992,100,102538,100,,,,,,,,,,
2019-06-28 10:00:00.000000000,99708,209,99590,209,99783,209,99582,209,99886,122,99568,209,100970,209,99538,209,101090,100,99400,100,101100,100,99155,100,101927,100,98992,100,102538,100,,,,,,,,,,
2019-06-28 10:00:00.927675190,99708,209,99618,100,99783,109,99590,209,99886,122,99582,209,100970,209,99568,209,101090,100,99538,209,101100,100,99400,100,101927,100,99155,100,102538,100,98992,100,,,,,,,,
2019-06-28 10:00:10.000000000,99708,187,99618,187,99886,100,99590,187,100970,187,99582,187,101090,187,99568,187,101100,187,99538,187,101927,100,99400,100,102538,100,99155,100,,,98992,100,,,,,,,,
2019-06-28 10:00:10.620193426,99708,187,99618,187,99886,100,99590,187,100330,100,99582,187,100970,187,99568,187,101090,187,99538,187,101100,187,99400,100,101927,100,99155,100,102538,100,98992,100,,,,,,,,
2019-06-28 10:00:20.000000000,99708,318,99618,318,99886,231,99590,318,100330,100,99582,100,100970,100,99568,100,101090,100,99538,100,101100,100,99400,100,101927,100,99155,100,102538,100,98992,100,,,,,,,,
2019-06-28 10:00:27.410797882,99708,318,99618,318,99886,231,99590,318,100244,100,99582,100,100330,100,99568,100,100970,100,99538,100,101090,100,99400,100,101100,100,99155,100,101927,100,98992,100,102538,100,,,,,,
2019-06-28 10:00:30.000000000,99708,187,99618,187,99886,100,99590,187,100244,187,99582,187,100330,187,99568,187,100970,187,99538,187,101090,100,99400,100,101100,100,99155,100,101927,100,98992,100,102538,100,,,,,,
2019-06-28 10:00:37.830698697,99708,187,99618,187,99886,100,99590,187,100244,87,99582,187,100330,187,99568,187,100614,100,99538,187,100970,187,99400,100,101090,100,99155,100,101100,100,98992,100,101927,100,,,102538,100,,
2019-06-28 10:00:40.000000000,99708,536,99618,536,99886,13,99590,100,100330,100,99582,100,100614,100,99568,100,100970,100,99538,100,101090,100,99400,100,101100,100,99155,100,101927,100,98992,100,102538,100,,,,,,
2019-06-28 10:00:50.000000000,99708,248,99618,248,99886,157,99590,244,100330,244,99582,244,100614,100,99568,100,100970,100,99538,100,101090,100,99400,100,101100,100,99155,100,101927,100,98992,100,102538,100,,,,,,
2019-06-28 10:01:00.000000000,99708,187,99618,187,99886,100,99590,187,100330,187,99582,187,100614,187,99568,187,100970,187,99538,187,101090,100,99400,100,101100,100,99155,100,101927,100,98992,100,102538,100,,,,,,
2019-06-28 10:01:07.605214940,99708,187,99618,287,99886,100,99590,187,100330,187,99582,187,100614,187,99568,187,100970,187,99538,187,101090,100,99400,100,101100,100,99155,100,101927,100,98992,100,102538,100,,,,,,
2019-06-28 10:01:10.000000000,99708,209,99618,309,99886,122,99590,209,100330,209,99582,209,100614,209,99568,209,100970,100,99538,100,101090,100,99400,100,101100,100,99155,100,101927,100,98992,100,102538,100,,,,,,
2019-06-28 10:01:20.000000000,99708,536,99618,636,99886,13,99590,100,100330,100,99582,100,100614,100,99568,100,100970,100,99538,100,101090,100,99400,100,101100,100,99155,100,101927,100,98992,100,102538,100,,,,,,
2019-06-28 10:01:30.000000000,99708,248,99618,348,99886,157,99590,244,100330,244,99582,244,100614,100,99568,100,100970,100,99538,100,101090,100,99400,100,101100,100,99155,100,101927,100,98992,100,102538,100,,,,,,
2019-06-28 10:01:40.000000000,99708,536,99618,636,99886,13,99590,100,100330,100,99582,100,100614,100,99568,100,100970,100,99538,100,101090,100,99400,100,101100,100,99155,100,101927,100,98992,100,102538,100,,,,,,
2019-06-28 10:01:44.646107413,99708,536,99618,636,99886,13,99590,100,100330,100,99582,100,100614,100,99568,100,100970,100,99538,100,101090,100,99400,100,101100,100,99359,100,101927,100,99155,100,102538,100,,,,,,
2019-06-28 10:01:50.000000000,99708,187,99618,287,99886,100,99590,187,100330,187,99582,187,100614,187,99568,187,100970,187,99538,187,101090,100,99400,100,101100,100,99359,100,101927,100,99155,100,102538,100,,,,,,
2019-06-28 10:01:54.370962707,99708,187,99699,100,99886,100,99618,287,100330,187,99590,187,100614,187,99582,187,100970,187,99568,187,101090,100,99538,87,101100,100,99400,100,101927,100,99359,100,102538,100,99155,100,,,,
2019-06-28 10:02:00.000000000,99708,318,99699,318,99886,231,99618,418,100330,100,99590,100,100614,100,99582,100,100970,100,99568,100,101090,100,99400,100,101100,100,99359,100,101927,100,99155,100,102538,100,,,,,,
2019-06-28 10:02:05.349809289,99708,318,99699,318,99886,231,99618,418,100330,100,99590,100,100614,100,99582,100,101090,100,99568,100,101100,100,99400,100,101927,100,99359,100,102538,100,99155,100,,,,,,,,
2019-06-28 10:02:10.000000000,99708,318,99699,318,99886,231,99618,418,100330,100,99590,100,100614,100,99582,100,101090,100,99568,100,101100,100,99400,100,101927,100,99359,100,102538,100,99155,100,,,,,,,,
2019-06-28 10:02:20.000000000,99708,536,99699,536,99886,13,99618,200,100330,100,99590,100,100614,100,99582,100,101090,100,99568,100,101100,100,99400,100,101927,100,99359,100,102538,100,99155,100,,,,,,,,
2019-06-28 10:02:28.122853262,99708,436,99699,536,99886,13,99618,200,100330,100,99590,100,100614,100,99582,100,101090,100,99568,100,101100,100,99400,100,101927,100,99359,100,102538,100,99155,100,,,,,,,,
2019-06-28 10:02:30.000000000,99886,161,99699,248,100330,244,99618,344,100614,244,99590,244,101090,100,99582,100,101100,100,99568,100,101927,100,99400,100,102538,100,99359,100,,,99155,100,,,,,,,,
2019-06-28 10:02:34.396135077,99886,161,99700,100,100330,244,99699,248,100614,244,99618,344,101090,100,99590,244,101100,100,99582,100,101927,100,99568,100,102538,100,99400,100,,,99359,100,,,99155,100,,,,
2019-06-28 10:02:40.000000000,99886,231,99700,318,100330,318,99699,318,100614,100,99618,200,101090,100,99590,100,101100,100,99582,100,101927,100,99568,100,102538,100,99400,100,,,99359,100,,,99155,100,,,,
2019-06-28 10:02:50.000000000,99886,231,99700,318,100330,318,99699,318,100614,100,99618,200,101090,100,99590,100,101100,100,99582,100,101927,100,99568,100,102538,100,99400,100,,,99359,100,,,99155,100,,,,
2019-06-28 10:03:00.000000000,99886,449,99700,536,100330,100,99699,100,100614,100,99618,200,101090,100,99590,100,101100,100,99582,100,101927,100,99568,100,102538,100,99400,100,,,99359,100,,,99155,100,,,,
2019-06-28 10:03:00.034709848,99886,449,99750,100,100330,100,99700,536,100614,100,99699,100,101090,100,99618,200,101100,100,99590,100,101927,100,99582,100,102538,100,99568,100,,,99400,100,,,99359,100,,,99155,100
2019-06-28 10:03:05.894405679,99886,449,99750,100,100330,100,99733,100,100614,100,99700,536,101090,100,99699,100,101100,100,99618,200,101927,100,99590,100,102538,100,99582,100,,,99568,100,,,99400,100,,,99359,100
2019-06-28 10:03:10.000000000,99886,161,99750,248,100330,244,99733,244,100614,244,99700,244,101090,100,99699,100,101100,100,99618,200,101927,100,99590,100,102538,100,99582,100,,,99568,100,,,99400,100,,,99359,100
2019-06-28 10:03:20.000000000,99886,449,99750,536,100330,100,99733,100,100614,100,99700,100,101090,100,99699,100,101100,100,99618,200,101927,100,99590,100,102538,100,99582,100,,,99568,100,,,99400,100,,,99359,100
2019-06-28 10:03:24.268791283,99886,449,99750,536,100153,100,99733,100,100330,100,99700,100,100614,100,99699,100,101090,100,99618,200,101100,100,99590,100,101927,100,99582,100,,,99568,100,,,99400,100,,,99359,100
2019-06-28 10:03:30.000000000,99886,231,99750,318,100153,318,99733,318,100330,100,99700,100,100614,100,99699,100,101090,100,99618,200,101100,100,99590,100,101927,100,99582,100,,,99568,100,,,99400,100,,,99359,100
2019-06-28 10:03:32.201133953,99886,231,99750,318,100153,318,99733,318,100297,100,99700,100,100614,100,99699,100,101090,100,99618,200,101100,100,99590,100,101927,100,99582,100,,,99568,100,,,99400,100,,,99359,100
2019-06-28 10:03:35.261446980,99886,231,99750,318,100001,100,99733,318,100153,318,99700,100,100297,100,99699,100,100614,100,99618,200,101090,100,99590,100,101100,100,99582,100,101927,100,99568,100,,,99400,100,,,99359,100
2019-06-28 10:03:39.435021080,99886,231,99750,318,100001,100,99733,318,100125,100,99700,100,100153,318,99699,100,100297,100,99618,200,100614,100,99590,100,101090,100,99582,100,101927,100,99568,100,,,99400,100,,,99359,100
2019-06-28 10:03:40.000000000,99886,231,99750,318,100001,318,99733,318,100125,100,99700,100,100153,100,99699,100,100297,100,99618,200,100614,100,99590,100,101090,100,99582,100,101927,100,99568,100,,,99400,100,,,99359,100
2019-06-28 10:03:50.000000000,99886,161,99750,248,100001,244,99733,244,100125,244,99700,244,100153,100,99699,100,100297,100,99618,200,100614,100,99590,100,101090,100,99582,100,101927,100,99568,100,,,99400,100,,,99359,100
2019-06-28 10:04:00.000000000,99886,161,99750,248,100001,244,99733,244,100125,244,99700,244,100153,100,99699,100,100297,100,99618,200,100614,100,99590,100,101090,100,99582,100,101927,100,99568,100,,,99400,100,,,99359,100
2019-06-28 10:04:00.328756032,99886,161,99750,248,100001,244,99733,244,100039,100,99700,244,100125,244,99699,100,100153,100,99618,200,100614,100,99590,100,101090,100,99582,100,101927,100,99568,100,,,99400,100,,,99359,100
2019-06-28 10:04:08.749906834,99886,161,99750,248,100001,244,99733,244,100039,100,99700,344,100125,244,99699,100,100153,100,99618,200,100614,100,99590,100,101090,100,99582,100,101927,100,99568,100,,,99400,100,,,99359,100
2019-06-28 10:04:10.000000000,99886,161,99750,248,100001,244,99733,244,100039,244,99700,344,100125,100,99699,100,100153,100,99618,200,100614,100,99590,100,101090,100,99582,100,101927,100,99568,100,,,99400,100,,,99359,100
2019-06-28 10:04:20.000000000,99886,231,99750,318,100001,318,99733,318,100039,100,99700,200,100125,100,99699,100,100153,100,99618,200,100614,100,99590,100,101090,100,99582,100,101927,100,99568,100,,,99400,100,,,99359,100
2019-06-28 10:04:30.000000000,99886,100,99750,187,100001,187,99733,187,100039,187,99700,287,100125,187,99699,187,100153,187,99618,287,100614,100,99590,100,101090,100,99582,100,101927,100,99568,100,,,99400,100,,,99359,100
2019-06-28 10:04:36.891007777,100001,187,99750,187,100039,187,99733,187,100125,187,99700,287,100153,187,99699,187,100614,100,99618,287,101090,100,99590,100,101927,100,99582,100,,,99568,100,,,99400,100,,,99155,100
2019-06-28 10:04:37.170001559,100001,187,99750,187,100039,187,99733,187,100125,187,99700,287,100147,100,99699,187,100153,187,99618,287,100614,100,99590,100,101090,100,99582,100,101927,100,99568,100,,,99400,100,,,99155,100
2019-06-28 10:04:40.000000000,100001,209,99750,209,100039,209,99733,209,100125,209,99700,309,100147,209,99699,209,100153,100,99618,200,100614,100,99590,100,101090,100,99582,100,101927,100,99568,100,,,99400,100,,,99155,100
2019-06-28 10:04:42.765891270,100001,209,99751,100,100039,209,99750,209,100125,209,99733,209,100147,209,99700,309,100153,100,99699,209,100614,100,99618,200,101090,100,99590,100,101927,100,99582,100,,,99568,100,,,99400,100
2019-06-28 10:04:43.626613019,100001,209,99751,100,100004,100,99750,209,100039,209,99733,209,100125,209,99700,309,100147,209,99699,209,100153,100,99618,200,100614,100,99590,100,101090,100,99582,100,101927,100,99568,100,,,99400,100
2019-06-28 10:04:50.000000000,100001,209,99751,209,100004,209,99750,209,100039,209,99733,209,100125,209,99700,309,100147,100,99699,100,100153,100,99618,200,100614,100,99590,100,101090,100,99582,100,101927,100,99568,100,,,99400,100
2019-06-28 10:04:51.448355103,100001,209,99751,309,100004,209,99750,209,100039,209,99733,209,100125,209,99700,309,100147,100,99699,100,100153,100,99618,200,100614,100,99590,100,101090,100,99582,100,101927,100,99568,100,,,99400,100
2019-06-28 10:05:00.000000000,100001,318,99751,418,100004,318,99750,318,100039,100,99733,100,100125,100,99700,200,100147,100,99699,100,100153,100,99618,200,100614,100,99590,100,101090,100,99582,100,101927,100,99568,100,,,99400,100
2019-06-28 10:05:10.000000000,100001,248,99751,348,100004,244,99750,244,100039,244,99733,244,100125,100,99700,200,100147,100,99699,100,100153,100,99618,200,100614,100,99590,100,101090,100,99582,100,101927,100,99568,100,,,99400,100
2019-06-28 10:05:13.205434136,100001,248,99751,448,100004,244,99750,244,100039,244,99733,244,100125,100,99700,200,100147,100,99699,100,100153,100,99618,200,100614,100,99590,100,101090,100,99582,100,101927,100,99568,100,,,99400,100
2019-06-28 10:05:17.653962177,100001,248,99751,448,100004,244,99750,244,100039,244,99733,244,100108,100,99700,200,100125,100,99699,100,100147,100,99618,200,100153,100,99590,100,100614,100,99582,100,101090,100,99568,100,101927,100,99400,100
2019-06-28 10:05:20.000000000,100001,318,99751,518,100004,318,99750,318,100039,100,99733,100,100108,100,99700,200,100125,100,99699,100,100147,100,99618,200,100153,100,99590,100,100614,100,99582,100,101090,100,99568,100,101927,100,99400,100
2019-06-28 10:05:23.249432889,99842,100,99751,518,100001,318,99750,318,100004,318,99733,100,100039,100,99700,200,100108,100,99699,100,100125,100,99618,200,100147,100,99590,100,100153,100,99582,100,100614,100,99568,100,101090,100,99400,100
2019-06-28 10:05:30.000000000,99842,209,99751,409,100001,209,99750,209,100004,209,99733,209,100039,209,99700,309,100108,100,99699,100,100125,100,99618,200,100147,100,99590,100,100153,100,99582,100,100614,100,99568,100,101090,100,99400,100
2019-06-28 10:05:40.000000000,99842,209,99751,409,100001,209,99750,209,100004,209,99733,209,100039,209,99700,309,100108,100,99699,100,100125,100,99618,200,100147,100,99590,100,100153,100,99582,100,100614,100,99568,100,101090,100,99400,100
2019-06-28 10:05:50.000000000,99842,209,99751,409,100001,209,99750,209,100004,209,99733,209,100039,209,99700,309,100108,100,99699,100,100125,100,99618,200,100147,100,99590,100,100153,100,99582,100,100614,100,99568,100,101090,100,99400,100
2019-06-28 10:05:56.312780694,99842,209,99751,509,100001,209,99750,209,100004,209,99733,209,100039,209,99700,309,100108,100,99699,100,100125,100,99618,200,100147,100,99590,100,100153,100,99582,100,100614,100,99568,100,101090,100,99400,100
2019-06-28 10:06:00.000000000,99842,248,99751,548,100001,244,99750,244,100004,244,99733,244,100039,100,99700,200,100108,100,99699,100,100125,100,99618,200,100147,100,99590,100,100153,100,99582,100,100614,100,99568,100,101090,100,99400,100
2019-06-28 10:06:10.000000000,99842,318,99751,618,100001,318,99750,318,100004,100,99733,100,100039,100,99700,200,100108,100,99699,100,100125,100,99618,200,100147,100,99590,100,100153,100,99582,100,100614,100,99568,100,101090,100,99400,100
2019-06-28 10:06:17.970109036,99842,318,99752,100,100001,318,99751,618,100004,100,99750,318,100039,100,99733,100,100108,100,99700,200,100125,100,99699,100,100147,100,99618,200,100153,100,99590,100,100614,100,99582,100,101090,100,99568,100
2019-06-28 10:06:20.000000000,99842,248,99752,248,100001,244,99751,544,100004,244,99750,244,100039,100,99733,100,100108,100,99700,200,100125,100,99699,100,100147,100,99618,200,100153,100,99590,100,100614,100,99582,100,101090,100,99568,100
2019-06-28 10:06:25.136559539,99842,148,99752,248,100001,244,99751,544,100004,244,99750,244,100039,100,99733,100,100108,100,99700,200,100125,100,99699,100,100147,100,99618,200,100153,100,99590,100,100614,100,99582,100,101090,100,99568,100
2019-06-28 10:06:27.061127922,99842,148,99752,248,99959,100,99751,544,100001,244,99750,244,100004,244,99733,100,100039,100,99700,200,100108,100,99699,100,100125,100,99618,200,100147,100,99590,100,100153,100,99582,100,100614,100,99568,100
2019-06-28 10:06:30.000000000,99959,318,99752,318,100001,318,99751,618,100004,100,99750,100,100039,100,99733,100,100108,100,99700,200,100125,100,99699,100,100147,100,99618,200,100153,100,99590,100,100614,100,99582,100,101090,100,99568,100
2019-06-28 10:06:40.000000000,99959,209,99752,209,100001,209,99751,509,100004,209,99750,209,100039,209,99733,209,100108,100,99700,200,100125,100,99699,100,100147,100,99618,200,100153,100,99590,100,100614,100,99582,100,101090,100,99568,100
2019-06-28 10:06:50.000000000,99959,536,99752,536,100001,100,99751,400,100004,100,99750,100,100039,100,99733,100,100108,100,99700,200,100125,100,99699,100,100147,100,99618,200,100153,100,99590,100,100614,100,99582,100,101090,100,99568,100
2019-06-28 10:06:52.216725951,99959,536,99752,536,100001,100,99751,400,100004,100,99750,100,100039,100,99733,100,100108,100,99700,200,100125,100,99699,100,100130,100,99618,200,100147,100,99590,100,100153,100,99582,100,100614,100,99568,100
2019-06-28 10:07:00.000000000,99959,248,99752,248,100001,244,99751,544,100004,244,99750,244,100039,100,99733,100,100108,100,99700,200,100125,100,99699,100,100130,100,99618,200,100147,100,99590,100,100153,100,99582,100,100614,100,99568,100
2019-06-28 10:07:04.879540053,99959,148,99752,248,100001,244,99751,544,100004,244,99750,244,100039,100,99733,100,100125,100,99700,200,100130,100,99699,100,100147,100,99618,200,100153,100,99590,100,100614,100,99582,100,101090,100,99568,100
2019-06-28 10:07:06.402271606,99959,148,99842,100,100001,244,99752,248,100004,244,99751,444,100039,100,99750,244,100125,100,99733,100,100130,100,99700,200,100147,100,99699,100,100153,100,99618,200,100614,100,99590,100,101090,100,99582,100
2019-06-28 10:07:10.000000000,100001,187,99842,187,100004,187,99752,187,100039,187,99751,387,100125,187,99750,187,100130,187,99733,187,100147,100,99700,200,100153,100,99699,100,100614,100,99618,200,101090,100,99590,100,101927,100,99582,100
2019-06-28 10:07:10.671189375,100001,187,99842,187,100004,187,99752,187,100039,187,99751,387,100125,187,99750,187,100130,187,99733,187,100147,100,99700,200,100153,100,99699,100,100275,100,99618,200,100614,100,99590,100,101090,100,99582,100
2019-06-28 10:07:17.298076554,99958,100,99842,187,100001,187,99752,187,100004,187,99751,287,100039,187,99750,187,100125,187,99733,187,100130,187,99700,200,100147,100,99699,100,100153,100,99618,200,100275,100,99590,100,100614,100,99582,100
2019-06-28 10:07:20.000000000,99958,209,99842,209,100001,209,99752,209,100004,209,99751,309,100039,209,99750,209,100125,100,99733,100,100130,100,99700,200,100147,100,99699,100,100153,100,99618,200,100275,100,99590,100,100614,100,99582,100
2019-06-28 10:07:30.000000000,99958,318,99842,318,100001,318,99752,318,100004,100,99751,200,100039,100,99750,100,100125,100,99733,100,100130,100,99700,200,100147,100,99699,100,100153,100,99618,200,100275,100,99590,100,100614,100,99582,100
2019-06-28 10:07:31.626539653,99958,318,99842,318,100001,318,99752,318,100004,100,99751,200,100039,100,99750,100,100125,100,99733,100,100130,100,99700,200,100147,100,99699,100,100153,100,99618,100,100275,100,99590,100,100614,100,99582,100
2019-06-28 10:07:32.806316825,99958,218,99842,318,100001,318,99752,318,100004,100,99751,200,100125,100,99750,100,100130,100,99733,100,100147,100,99700,200,100153,100,99699,100,100275,100,99618,100,100614,100,99590,100,101090,100,99582,100
2019-06-28 10:07:40.000000000,100001,248,99842,248,100004,244,99752,244,100125,244,99751,344,100130,100,99750,100,100147,100,99733,100,100153,100,99700,200,100275,100,99699,100,100614,100,99618,100,101090,100,99590,100,101927,100,99582,100
2019-06-28 10:07:50.000000000,100001,187,99842,187,100004,187,99752,187,100125,187,99751,287,100130,187,99750,187,100147,187,99733,187,100153,100,99700,200,100275,100,99699,100,100614,100,99618,100,101090,100,99590,100,101927,100,99582,100
2019-06-28 10:07:50.889311336,100001,187,99842,187,100004,187,99752,187,100125,187,99751,287,100130,187,99750,187,100147,187,99733,187,100153,100,99700,200,100275,100,99699,100,100418,100,99618,100,100614,100,99590,100,101090,100,99582,100
2019-06-28 10:08:00.000000000,100001,536,99842,536,100004,100,99752,100,100125,100,99751,200,100130,100,99750,100,100147,100,99733,100,100153,100,99700,200,100275,100,99699,100,100418,100,99618,100,100614,100,99590,100,101090,100,99582,100
2019-06-28 10:08:06.482367294,100001,536,99842,536,100004,100,99752,100,100125,100,99751,200,100130,100,99750,100,100147,100,99733,100,100153,100,99700,200,100275,100,99699,100,100429,100,99618,100,100614,100,99590,100,101090,100,99582,100
2019-06-28 10:08:08.760893306,100001,436,99842,536,100004,100,99752,100,100125,100,99751,200,100130,100,99750,100,100147,100,99733,100,100153,100,99700,200,100275,100,99699,100,100429,100,99618,100,100614,100,99590,100,101090,100,99582,100
2019-06-28 10:08:10.000000000,100004,187,99842,187,100125,187,99752,187,100130,187,99751,287,100147,187,99750,187,100153,187,99733,187,100275,100,99700,200,100429,100,99699,100,100614,100,99618,100,101090,100,99590,100,101927,100,99582,100
2019-06-28 10:08:17.413772537,100004,187,99842,187,100125,187,99752,187,100130,187,99751,287,100147,187,99750,187,100153,87,99733,187,100275,100,99700,200,100429,100,99699,100,100451,100,99618,100,100614,100,99590,100,101090,100,99582,100
2019-06-28 10:08:20.000000000,100004,536,99842,536,100125,100,99752,100,100130,100,99751,200,100147,100,99750,100,100275,100,99733,100,100429,100,99700,200,100451,100,99699,100,100614,100,99618,100,101090,100,99590,100,101927,100,99582,100
2019-06-28 10:08:30.000000000,100004,536,99842,536,100125,100,99752,100,100130,100,99751,200,100147,100,99750,100,100275,100,99733,100,100429,100,99700,200,100451,100,99699,100,100614,100,99618,100,101090,100,99590,100,101927,100,99582,100
2019-06-28 10:08:40.000000000,100004,318,99842,318,100125,318,99752,318,100130,100,99751,200,100147,100,99750,100,100275,100,99733,100,100429,100,99700,200,100451,100,99699,100,100614,100,99618,100,101090,100,99590,100,101927,100,99582,100
2019-06-28 10:08:50.000000000,100004,187,99842,187,100125,187,99752,187,100130,187,99751,287,100147,187,99750,187,100275,187,99733,187,100429,100,99700,200,100451,100,99699,100,100614,100,99618,100,101090,100,99590,100,101927,100,99582,100
2019-06-28 10:08:51.328942877,100004,187,99842,187,100125,187,99752,187,100130,187,99751,287,100147,187,99750,187,100275,187,99733,187,100429,100,99700,200,100451,100,99699,100,100592,100,99618,100,100614,100,99590,100,101090,100,99582,100
2019-06-28 10:09:00.000000000,100004,536,99842,536,100125,100,99752,100,100130,100,99751,200,100147,100,99750,100,100275,100,99733,100,100429,100,99700,200,100451,100,99699,100,100592,100,99618,100,100614,100,99590,100,101090,100,99582,100
2019-06-28 10:09:10.000000000,100004,209,99842,209,100125,209,99752,209,100130,209,99751,309,100147,209,99750,209,100275,100,99733,100,100429,100,99700,200,100451,100,99699,100,100592,100,99618,100,100614,100,99590,100,101090,100,99582,100
2019-06-28 10:09:20.000000000,100004,536,99842,536,100125,100,99752,100,100130,100,99751,200,100147,100,99750,100,100275,100,99733,100,100429,100,99700,200,100451,100,99699,100,100592,100,99618,100,100614,100,99590,100,101090,100,99582,100
2019-06-28 10:09:30.000000000,100004,318,99842,318,100125,318,99752,318,100130,100,99751,200,100147,100,99750,100,100275,100,99733,100,100429,100,99700,200,100451,100,99699,100,100592,100,99618,100,100614,100,99590,100,101090,100,99582,100
2019-06-28 10:09:39.776881315,100004,318,99958,100,100125,318,99842,318,100130,100,99752,318,100147,100,99751,200,100275,100,99750,100,100429,100,99733,100,100451,100,99700,200,100592,100,99699,100,100614,100,99618,100,101090,100,99590,100
2019-06-28 10:09:40.000000000,100004,187,99958,187,100125,187,99842,187,100130,187,99752,187,100147,187,99751,287,100275,187,99750,187,100429,100,99733,100,100451,100,99700,200,100592,100,99699,100,100614,100,99618,100,101090,100,99590,100
2019-06-28 10:09:50.000000000,100004,536,99958,536,100125,100,99842,100,100130,100,99752,100,100147,100,99751,200,100275,100,99750,100,100429,100,99733,100,100451,100,99700,200,100592,100,99699,100,100614,100,99618,100,101090,100,99590,100
2019-06-28 10:09:53.053042955,100004,536,99958,536,100125,100,99842,100,100130,100,99752,100,100147,100,99751,200,100275,100,99750,100,100429,100,99733,100,100451,100,99700,200,100592,100,99699,100,100614,100,99618,100,100819,100,99590,100
2019-06-28 10:10:00.000000000,100004,187,99958,187,100125,187,99842,187,100130,187,99752,187,100147,187,99751,287,100275,187,99750,187,100429,100,99733,100,100451,100,99700,200,100592,100,99699,100,100614,100,99618,100,100819,100,99590,100
2019-06-28 10:10:03.446078405,100004,87,99958,187,100125,187,99842,187,100130,187,99752,187,100147,187,99751,287,100275,187,99750,187,100429,100,99733,100,100451,100,99700,200,100592,100,99699,100,100614,100,99618,100,100819,100,99590,100
2019-06-28 10:10:10.000000000,100125,536,99958,536,100130,100,99842,100,100147,100,99752,100,100275,100,99751,200,100429,100,99750,100,100451,100,99733,100,100592,100,99700,200,100614,100,99699,100,100819,100,99618,100,101090,100,99590,100
2019-06-28 10:10:13.763236758,100125,536,99958,536,100130,100,99842,100,100147,100,99752,100,100275,100,99751,200,100429,100,99750,100,100451,100,99733,100,100614,100,99700,200,100819,100,99699,100,101090,100,99618,100,101126,100,99590,100
2019-06-28 10:10:20.000000000,100125,209,99958,209,100130,209,99842,209,100147,209,99752,209,100275,209,99751,309,100429,100,99750,100,100451,100,99733,100,100614,100,99700,200,100819,100,99699,100,101090,100,99618,100,101126,100,99590,100
2019-06-28 10:10:20.326844167,100125,209,99958,209,100130,209,99842,209,100147,209,99752,209,100275,209,99751,309,100429,100,99750,100,100451,100,99733,100,100614,100,99700,200,100819,100,99699,100,100999,100,99618,100,101090,100,99590,100
2019-06-28 10:10:20.987493497,100125,209,100001,100,100130,209,99958,209,100147,209,99842,209,100275,209,99752,209,100429,100,99751,309,100451,100,99750,100,100614,100,99733,100,100819,100,99700,200,100999,100,99699,100,101090,100,99618,100
2019-06-28 10:10:23.353206581,100125,109,100001,100,100130,209,99958,209,100147,209,99842,209,100275,209,99752,209,100429,100,99751,309,100451,100,99750,100,100614,100,99733,100,100819,100,99700,200,100999,100,99699,100,101090,100,99618,100
2019-06-28 10:10:30.000000000,100130,187,100001,187,100147,187,99958,187,100275,187,99842,187,100429,187,99752,187,100451,187,99751,287,100614,100,99750,100,100819,100,99733,100,100999,100,99700,200,101090,100,99699,100,101126,100,99618,100
