,ask_price_1,ask_size_1,bid_price_1,bid_size_1,ask_price_2,ask_size_2,bid_price_2,bid_size_2,ask_price_3,ask_size_3,bid_price_3,bid_size_3,ask_price_4,ask_size_4,bid_price_4,bid_size_4,ask_price_5,ask_size_5,bid_price_5,bid_size_5,ask_price_6,ask_size_6,bid_price_6,bid_size_6,ask_price_7,ask_size_7,bid_price_7,bid_size_7,ask_price_8,ask_size_8,bid_price_8,bid_size_8,ask_price_9,ask_size_9,bid_price_9,bid_size_9,ask_price_10,ask_size_10,bid_price_10,bid_size_10
2019-06-28 09:30:00.000000000,,,99917,100,,,,,,,,,,,,,,,,,,,,,,,,,,,,,,,,,,,,
2019-06-28 09:30:00.000000002,99975,100,99962,100,,,99917,100,,,,,,,,,,,,,,,,,,,,,,,,,,,,,,,,
2019-06-28 09:30:00.000000003,99975,100,99962,100,100088,100,99917,100,,,99910,100,,,99876,100,,,,,,,,,,,,,,,,,,,,,,,,
2019-06-28 09:30:00.000000006,99975,100,99962,100,100088,100,99917,100,100145,100,99910,100,,,99876,100,,,,,,,,,,,,,,,,,,,,,,,,
2019-06-28 09:30:00.000000008,99975,100,99962,100,100088,100,99917,100,100145,100,99910,100,,,99878,100,,,99876,100,,,,,,,,,,,,,,,,,,,,
2019-06-28 09:30:00.000000009,99975,100,99962,100,100088,100,99934,100,100145,100,99917,100,,,99910,100,,,99878,100,,,99876,100,,,,,,,,,,,,,,,,
2019-06-28 09:30:00.000000011,99975,100,99962,100,100088,100,99934,100,100109,100,99917,100,100145,100,99910,100,,,99878,100,,,99876,100,,,,,,,,,,,,,,,,
2019-06-28 09:30:00.000000012,99975,100,99962,100,100088,100,99940,100,100109,100,99934,100,100145,100,99917,100,,,99910,100,,,99878,100,,,99876,100,,,,,,,,,,,,
2019-06-28 09:30:00.000000015,99975,100,99964,100,100088,100,99962,100,100109,100,99940,100,100145,100,99934,100,,,99917,100,,,99910,100,,,99878,100,,,99876,100,,,,,,,,
2019-06-28 09:30:00.000000016,99975,100,99964,100,99980,100,99962,100,100088,100,99940,100,100109,100,99934,100,100145,100,99917,100,,,99910,100,,,99878,100,,,99876,100,,,,,,,,
2019-06-28 09:30:00.000000017,99975,100,99964,100,99980,100,99962,100,100080,100,99940,100,100088,100,99934,100,100109,100,99917,100,100145,200,99910,100,,,99878,100,,,99876,100,,,,,,,,
2019-06-28 09:30:00.000000019,99975,100,99964,100,99980,100,99962,100,99990,100,99940,100,100080,100,99934,100,100088,100,99917,100,100109,100,99910,100,100145,200,99878,100,,,99876,100,,,,,,,,
2019-06-28 09:30:00.000000020,99975,100,99964,100,99980,100,99962,100,99990,100,99944,100,100080,100,99940,100,100088,100,99934,100,100109,100,99917,100,100145,200,99910,100,100176,100,99878,100,,,99876,100,,,,
2019-06-28 09:30:00.000000022,99975,100,99962,100,99980,100,99944,100,99990,100,99940,100,100080,100,99934,100,100088,100,99917,100,100109,100,99910,100,100145,200,99878,100,100176,100,99876,100,,,,,,,,
2019-06-28 09:30:00.000000024,99975,100,99962,100,99980,100,99944,100,99990,100,99940,100,100080,100,99934,100,100088,100,99917,100,100109,100,99910,100,100145,200,99878,100,100176,100,99876,100,,,99768,100,,,,
2019-06-28 09:30:00.000000026,99980,100,99962,100,99990,100,99944,100,100080,100,99940,100,100088,100,99934,100,100105,100,99917,100,100109,100,99910,100,100145,200,99878,100,100176,100,99876,100,,,99768,100,,,,
2019-06-28 09:30:00.000000031,99980,100,99964,200,99990,100,99962,100,100075,100,99944,100,100080,100,99940,100,100088,100,99934,100,100105,100,99917,100,100109,100,99910,100,100145,200,99878,100,100176,100,99876,100,,,99768,100
2019-06-28 09:30:00.000000036,99980,100,99964,200,99990,100,99962,100,100075,100,99954,100,100080,100,99944,100,100088,100,99940,100,100105,100,99934,100,100109,100,99917,100,100145,200,99910,100,100176,100,99878,100,,,99876,100
2019-06-28 09:30:00.000000037,99980,100,99964,200,99990,100,99962,100,100075,100,99954,100,100080,100,99944,100,100088,100,99940,100,100105,100,99934,100,100109,100,99917,100,100145,200,99910,100,100163,100,99878,100,100176,100,99876,100
2019-06-28 09:30:00.000000038,99990,100,99964,200,100075,100,99962,100,100080,100,99954,100,100088,100,99944,100,100105,100,99940,100,100109,100,99934,100,100145,200,99917,100,100163,100,99910,100,100176,100,99878,100,,,99876,100
2019-06-28 09:30:00.000000046,99990,100,99964,200,100075,100,99962,100,100080,100,99954,100,100088,100,99944,100,100105,100,99940,100,100109,100,99934,100,100145,200,99918,100,100163,100,99917,100,100176,100,99910,100,,,99878,100
2019-06-28 09:30:00.000000048,99990,100,99964,200,100044,100,99962,100,100075,100,99954,100,100080,100,99944,100,100088,100,99940,100,100105,100,99934,100,100109,100,99918,100,100145,200,99917,100,100163,100,99910,100,100176,100,99878,100
2019-06-28 09:30:00.000000049,99990,100,99964,200,100044,100,99962,100,100075,100,99954,100,100080,100,99944,100,100088,100,99940,100,100105,100,99934,100,100109,100,99918,100,100145,200,99917,100,100163,100,99910,100,100176,100,99897,100
2019-06-28 09:30:00.000000051,99990,100,99964,200,100044,100,99962,100,100056,100,99954,100,100075,100,99944,100,100080,100,99940,100,100088,100,99934,100,100105,100,99918,100,100109,100,99917,100,100145,200,99910,100,100163,100,99897,100
2019-06-28 09:30:00.000000052,99980,100,99964,200,99990,100,99962,100,100044,100,99954,100,100056,100,99944,100,100064,100,99940,100,100075,100,99934,100,100080,100,99918,100,100088,100,99917,100,100105,100,99910,100,100109,100,99897,100
2019-06-28 09:30:00.000000053,99980,100,99964,200,99990,100,99962,100,100035,100,99954,100,100044,100,99944,100,100056,100,99940,100,100064,100,99934,100,100075,100,99918,100,100080,100,99917,100,100088,100,99910,100,100105,100,99897,100
2019-06-28 09:30:00.000000054,99980,100,99975,100,99990,100,99964,200,100035,100,99962,100,100044,100,99954,100,100056,100,99944,100,100064,100,99940,100,100075,100,99934,100,100080,100,99918,100,100088,100,99917,100,100105,100,99910,100
2019-06-28 09:30:00.000000056,99980,100,99975,200,99990,100,99964,200,100035,100,99962,100,100044,100,99954,100,100056,100,99944,100,100064,100,99940,100,100075,100,99934,100,100080,100,99918,100,100088,100,99917,100,100105,100,99910,100
2019-06-28 09:30:00.000000064,99980,100,99975,200,99990,100,99964,200,100035,100,99962,100,100044,100,99954,100,100056,100,99944,100,100064,100,99940,100,100075,100,99934,100,100080,100,99918,100,100088,100,99917,100,100105,100,99910,100
2019-06-28 09:30:00.000000065,99990,100,99975,200,100035,100,99964,200,100044,100,99962,100,100056,100,99954,100,100064,100,99944,100,100075,100,99940,100,100080,100,99934,100,100088,100,99918,100,100105,100,99917,100,100109,100,99910,100
2019-06-28 09:30:00.000000066,99990,100,99975,200,100006,100,99964,200,100035,100,99962,100,100044,100,99954,100,100056,100,99944,100,100064,100,99940,100,100075,100,99934,100,100080,100,99918,100,100088,100,99917,100,100105,100,99910,100
2019-06-28 09:30:00.000000067,99990,100,99975,100,100006,100,99964,200,100035,100,99962,100,100044,100,99954,100,100056,100,99944,100,100064,100,99940,100,100075,100,99934,100,100080,100,99918,100,100088,100,99917,100,100105,100,99910,100
2019-06-28 09:30:00.000000070,99990,100,99975,100,100006,100,99964,200,100035,100,99962,100,100044,100,99954,100,100056,100,99944,100,100064,100,99940,100,100075,100,99934,100,100080,100,99918,100,100088,100,99917,100,100105,100,99910,100
2019-06-28 09:30:00.000000071,99990,100,99964,200,100006,100,99962,100,100035,100,99954,100,100044,100,99944,100,100056,100,99940,100,100064,100,99934,100,100075,100,99925,100,100080,100,99918,100,100088,100,99917,100,100105,100,99910,100
2019-06-28 09:30:00.000000072,99990,100,99964,200,100006,100,99962,100,100035,100,99954,100,100044,100,99944,100,100056,100,99940,100,100057,100,99934,100,100064,100,99925,100,100075,100,99918,100,100080,100,99917,100,100088,100,99910,100
2019-06-28 09:30:00.000000073,99990,100,99964,200,100006,100,99962,100,100035,100,99954,100,100044,100,99944,100,100056,100,99940,100,100057,100,99934,100,100064,100,99925,100,100075,100,99920,100,100080,100,99918,100,100088,100,99917,100
2019-06-28 09:30:00.000000080,100006,100,99964,200,100035,100,99962,100,100044,100,99954,100,100056,100,99944,100,100057,100,99940,100,100064,100,99934,100,100075,100,99925,100,100080,100,99920,100,100088,100,99918,100,100105,100,99917,100
2019-06-28 09:30:00.000000081,99979,100,99964,200,100006,100,99962,100,100035,100,99954,100,100044,100,99944,100,100056,100,99940,100,100057,100,99934,100,100064,100,99925,100,100075,100,99920,100,100080,100,99918,100,100088,100,99917,100
2019-06-28 09:30:00.000000082,100006,100,99964,200,100035,100,99962,100,100044,100,99954,100,100056,100,99944,100,100057,100,99940,100,100064,200,99934,100,100075,100,99925,100,100080,100,99920,100,100088,100,99918,100,100105,100,99917,100
2019-06-28 09:30:00.000000085,100006,100,99964,200,100035,100,99962,100,100044,100,99954,100,100056,100,99944,100,100057,100,99940,100,100064,200,99934,100,100075,100,99925,100,100080,100,99920,100,100088,100,99918,100,100105,100,99917,100
2019-06-28 09:30:00.000000086,100006,100,99964,200,100035,100,99962,100,100044,100,99954,100,100056,100,99944,100,100057,100,99940,100,100064,200,99934,100,100075,100,99925,100,100080,100,99920,100,100088,100,99918,100,100105,100,99917,100
2019-06-28 09:30:00.000000087,100035,100,99964,200,100044,100,99962,100,100056,100,99954,100,100057,100,99944,100,100064,200,99940,100,100075,100,99934,100,100080,100,99925,100,100088,100,99920,100,100105,100,99918,100,100109,100,99917,100
2019-06-28 09:30:00.000000088,100006,100,99964,200,100035,100,99962,100,100044,100,99954,100,100056,100,99944,100,100057,100,99940,100,100064,200,99934,100,100075,100,99925,100,100080,100,99920,100,100088,100,99918,100,100105,100,99917,100
2019-06-28 09:30:00.000000092,100006,100,99964,200,100035,100,99962,100,100044,100,99954,100,100056,100,99944,100,100057,100,99940,100,100064,200,99934,100,100075,100,99925,100,100080,100,99920,100,100088,100,99918,100,100099,100,99917,100
2019-06-28 09:30:00.000000094,100006,200,99964,200,100035,100,99962,100,100044,100,99954,100,100056,100,99944,100,100057,100,99940,100,100064,200,99934,100,100075,100,99925,100,100080,100,99920,100,100088,100,99918,100,100099,100,99917,100
2019-06-28 09:30:00.000000096,100006,200,99964,200,100035,100,99962,100,100036,100,99954,100,100044,100,99944,100,100056,100,99940,100,100057,100,99934,100,100064,200,99925,100,100075,100,99920,100,100080,100,99918,100,100088,100,99917,100
2019-06-28 09:30:00.000000097,100006,200,99964,200,100035,100,99962,100,100036,100,99954,200,100044,100,99944,100,100056,100,99940,100,100057,100,99934,100,100064,200,99925,100,100075,100,99920,100,100080,100,99918,100,100088,100,99917,100
2019-06-28 09:30:00.000000098,100006,100,99964,200,100035,100,99962,100,100036,100,99954,200,100044,100,99944,100,100056,100,99940,100,100057,100,99934,100,100064,200,99925,100,100075,100,99920,100,100080,100,99918,100,100088,100,99917,100
2019-06-28 09:30:10.000000000,100006,566,99964,666,100035,100,99962,100,100036,100,99954,200,100044,100,99944,100,100056,100,99940,100,100057,100,99934,100,100064,200,99925,100,100075,100,99920,100,100080,100,99918,100,100088,100,99917,100
2019-06-28 09:30:11.309592684,100006,566,99964,666,100035,100,99962,100,100036,100,99954,200,100044,100,99944,100,100056,100,99940,100,100057,100,99934,100,100064,200,99925,100,100075,100,99920,100,100080,100,99918,100,100088,100,99917,100
2019-06-28 09:30:20.000000000,100006,566,99964,666,100035,100,99962,100,100036,100,99954,200,100044,100,99944,100,100056,100,99940,100,100057,100,99934,100,100064,200,99925,100,100075,100,99920,100,100080,100,99918,100,100088,100,99917,100
2019-06-28 09:30:30.000000000,100006,216,99964,316,100035,216,99962,216,100036,216,99954,316,100044,216,99944,216,100056,100,99940,100,100057,100,99934,100,100064,200,99925,100,100075,100,99920,100,100080,100,99918,100,100088,100,99917,100
2019-06-28 09:30:40.000000000,100006,258,99964,358,100035,254,99962,254,100036,254,99954,354,100044,100,99944,100,100056,100,99940,100,100057,100,99934,100,100064,200,99925,100,100075,100,99920,100,100080,100,99918,100,100088,100,99917,100
2019-06-28 09:30:50.000000000,100006,216,99964,316,100035,216,99962,216,100036,216,99954,316,100044,216,99944,216,100056,100,99940,100,100057,100,99934,100,100064,200,99925,100,100075,100,99920,100,100080,100,99918,100,100088,100,99917,100
2019-06-28 09:30:57.232536816,100006,216,99964,316,100035,216,99962,216,100036,216,99954,316,100044,216,99944,216,100055,100,99940,100,100056,100,99934,100,100057,100,99925,100,100064,200,99920,100,100075,100,99918,100,100080,100,99917,100
2019-06-28 09:31:00.000000000,100006,193,99964,293,100035,193,99962,193,100036,193,99954,293,100044,193,99944,193,100055,193,99940,193,100056,100,99934,100,100057,100,99925,100,100064,200,99920,100,100075,100,99918,100,100080,100,99917,100
2019-06-28 09:31:10.000000000,100006,333,99964,433,100035,333,99962,333,100036,100,99954,200,100044,100,99944,100,100055,100,99940,100,100056,100,99934,100,100057,100,99925,100,100064,200,99920,100,100075,100,99918,100,100080,100,99917,100
2019-06-28 09:31:20.000000000,100006,193,99964,293,100035,193,99962,193,100036,193,99954,293,100044,193,99944,193,100055,193,99940,193,100056,100,99934,100,100057,100,99925,100,100064,200,99920,100,100075,100,99918,100,100080,100,99917,100
2019-06-28 09:31:25.835409777,100006,93,99964,293,100035,193,99962,193,100036,193,99954,293,100044,193,99944,193,100055,193,99940,193,100056,100,99934,100,100057,100,99925,100,100064,200,99920,100,100075,100,99918,100,100080,100,99917,100
2019-06-28 09:31:30.000000000,100035,216,99964,316,100036,216,99962,216,100044,216,99954,316,100055,216,99944,216,100056,100,99940,100,100057,100,99934,100,100064,200,99925,100,100075,100,99920,100,100080,100,99918,100,100088,100,99917,100
2019-06-28 09:31:30.828642044,100032,100,99964,316,100035,216,99962,216,100036,216,99954,316,100044,216,99944,216,100055,216,99940,100,100056,100,99934,100,100057,100,99925,100,100064,200,99920,100,100075,100,99918,100,100080,100,99917,100
2019-06-28 09:31:40.000000000,100032,566,99964,666,100035,100,99962,100,100036,100,99954,200,100044,100,99944,100,100055,100,99940,100,100056,100,99934,100,100057,100,99925,100,100064,200,99920,100,100075,100,99918,100,100080,100,99917,100
2019-06-28 09:31:50.000000000,100032,333,99964,433,100035,333,99962,333,100036,100,99954,200,100044,100,99944,100,100055,100,99940,100,100056,100,99934,100,100057,100,99925,100,100064,200,99920,100,100075,100,99918,100,100080,100,99917,100
2019-06-28 09:31:53.457634477,100032,333,99964,433,100035,333,99962,333,100036,100,99954,200,100044,100,99944,100,100055,100,99940,100,100056,100,99934,100,100057,100,99925,100,100064,200,99920,100,100075,100,99918,100,100080,100,99917,100
2019-06-28 09:32:00.000000000,100032,333,99964,433,100035,333,99962,333,100036,100,99954,200,100044,100,99944,100,100055,100,99940,100,100056,100,99934,100,100057,100,99925,100,100064,200,99920,100,100075,100,99918,100,100080,100,99917,100
2019-06-28 09:32:05.174446348,100032,333,99964,433,100035,233,99962,333,100036,100,99954,200,100044,100,99944,100,100055,100,99940,100,100056,100,99934,100,100057,100,99925,100,100064,200,99920,100,100075,100,99918,100,100080,100,99917,100
2019-06-28 09:32:10.000000000,100032,566,99964,666,100036,100,99962,100,100044,100,99954,200,100055,100,99944,100,100056,100,99940,100,100057,100,99934,100,100064,200,99925,100,100075,100,99920,100,100080,100,99918,100,100088,100,99917,100
2019-06-28 09:32:17.507744344,100032,566,99964,666,100036,100,99962,100,100044,100,99954,200,100055,100,99944,100,100056,100,99940,100,100057,100,99934,100,100064,200,99925,100,100075,100,99920,100,100080,100,99918,100,100088,100,99917,100
2019-06-28 09:32:20.000000000,100032,333,99964,433,100036,333,99962,333,100044,100,99954,200,100055,100,99944,100,100056,100,99940,100,100057,100,99934,100,100064,200,99925,100,100075,100,99920,100,100080,100,99918,100,100088,100,99917,100
2019-06-28 09:32:30.000000000,100032,333,99964,433,100036,333,99962,333,100044,100,99954,200,100055,100,99944,100,100056,100,99940,100,100057,100,99934,100,100064,200,99925,100,100075,100,99920,100,100080,100,99918,100,100088,100,99917,100
2019-06-28 09:32:39.649749680,100032,233,99964,433,100036,333,99962,333,100044,100,99954,100,100055,100,99944,100,100056,100,99940,100,100057,100,99934,100,100064,200,99925,100,100075,100,99920,100,100080,100,99918,100,100088,100,99917,100
2019-06-28 09:32:40.000000000,100036,333,99964,433,100044,333,99962,333,100055,100,99954,100,100056,100,99944,100,100057,100,99940,100,100064,200,99934,100,100075,100,99925,100,100080,100,99920,100,100088,100,99918,100,100099,100,99917,100
2019-06-28 09:32:41.151127279,100036,333,100006,100,100044,333,99964,433,100055,100,99962,333,100056,100,99954,100,100057,100,99944,100,100064,200,99940,100,100075,100,99934,100,100080,100,99925,100,100088,100,99920,100,100099,100,99918,100
2019-06-28 09:32:50.000000000,100036,333,100006,333,100044,333,99964,433,100055,100,99962,100,100056,100,99954,100,100057,100,99944,100,100064,200,99940,100,100075,100,99934,100,100080,100,99925,100,100088,100,99920,100,100099,100,99918,100
2019-06-28 09:32:56.544730295,100036,333,100006,333,100044,333,99964,433,100055,100,99962,100,100056,100,99954,100,100057,100,99944,100,100064,200,99940,100,100075,100,99934,100,100080,100,99925,100,100088,100,99920,100,100099,100,99918,100
2019-06-28 09:32:57.227454798,100036,333,100006,433,100044,333,99964,433,100055,100,99962,100,100056,100,99954,100,100057,100,99944,100,100064,200,99940,100,100075,100,99934,100,100080,100,99925,100,100088,100,99920,100,100099,100,99918,100
2019-06-28 09:33:00.000000000,100036,216,100006,316,100044,216,99964,316,100055,216,99962,216,100056,216,99954,216,100057,100,99944,100,100064,200,99940,100,100075,100,99934,100,100080,100,99925,100,100088,100,99920,100,100099,100,99918,100
2019-06-28 09:33:09.687217131,100036,116,100006,316,100044,216,99964,316,100055,216,99962,216,100056,216,99954,216,100057,100,99944,100,100064,200,99940,100,100075,100,99934,100,100080,100,99925,100,100088,100,99920,100,100099,100,99918,100
2019-06-28 09:33:10.000000000,100044,258,100006,358,100055,254,99964,354,100056,254,99962,254,100057,100,99954,100,100064,200,99944,100,100075,100,99940,100,100080,100,99934,100,100088,100,99925,100,100099,100,99920,100,100105,100,99918,100
2019-06-28 09:33:20.000000000,100044,333,100006,433,100055,333,99964,433,100056,100,99962,100,100057,100,99954,100,100064,200,99944,100,100075,100,99940,100,100080,100,99934,100,100088,100,99925,100,100099,100,99920,100,100105,100,99918,100
2019-06-28 09:33:30.000000000,100044,258,100006,358,100055,254,99964,354,100056,254,99962,254,100057,100,99954,100,100064,200,99944,100,100075,100,99940,100,100080,100,99934,100,100088,100,99925,100,100099,100,99920,100,100105,100,99918,100
2019-06-28 09:33:40.000000000,100044,258,100006,358,100055,254,99964,354,100056,254,99962,254,100057,100,99954,100,100064,200,99944,100,100075,100,99940,100,100080,100,99934,100,100088,100,99925,100,100099,100,99920,100,100105,100,99918,100
2019-06-28 09:33:50.000000000,100044,193,100006,293,100055,193,99964,293,100056,193,99962,193,100057,193,99954,193,100064,293,99944,193,100075,100,99940,100,100080,100,99934,100,100088,100,99925,100,100099,100,99920,100,100105,100,99918,100
2019-06-28 09:34:00.000000000,100044,193,100006,293,100055,193,99964,293,100056,193,99962,193,100057,193,99954,193,100064,293,99944,193,100075,100,99940,100,100080,100,99934,100,100088,100,99925,100,100099,100,99920,100,100105,100,99918,100
2019-06-28 09:34:10.000000000,100044,566,100006,666,100055,100,99964,200,100056,100,99962,100,100057,100,99954,100,100064,200,99944,100,100075,100,99940,100,100080,100,99934,100,100088,100,99925,100,100099,100,99920,100,100105,100,99918,100
2019-06-28 09:34:20.000000000,100044,566,100006,666,100055,100,99964,200,100056,100,99962,100,100057,100,99954,100,100064,200,99944,100,100075,100,99940,100,100080,100,99934,100,100088,100,99925,100,100099,100,99920,100,100105,100,99918,100
2019-06-28 09:34:24.017170092,100044,566,100006,566,100055,100,99964,200,100056,100,99962,100,100064,200,99954,100,100075,100,99944,100,100080,100,99940,100,100088,100,99934,100,100099,100,99925,100,100105,100,99920,100,100109,100,99918,100
2019-06-28 09:34:30.000000000,100044,258,100006,258,100055,254,99964,354,100056,254,99962,254,100064,200,99954,100,100075,100,99944,100,100080,100,99940,100,100088,100,99934,100,100099,100,99925,100,100105,100,99920,100,100109,100,99918,100
2019-06-28 09:34:34.355720440,100044,258,100006,258,100055,254,99964,354,100056,254,99962,254,100064,200,99954,100,100075,100,99944,100,100080,100,99940,100,100088,100,99934,100,100099,100,99925,100,100105,100,99920,100,100109,100,99918,100
2019-06-28 09:34:40.000000000,100044,566,100006,566,100055,100,99964,200,100056,100,99962,100,100064,200,99954,100,100075,100,99944,100,100080,100,99940,100,100088,100,99934,100,100099,100,99925,100,100105,100,99920,100,100109,100,99918,100
2019-06-28 09:34:44.148202371,100035,100,100006,566,100044,566,99964,200,100055,100,99962,100,100056,100,99954,100,100064,200,99944,100,100075,100,99940,100,100080,100,99934,100,100088,100,99925,100,100099,100,99920,100,100105,100,99918,100
2019-06-28 09:34:48.384440052,100035,100,100006,466,100044,566,99964,200,100055,100,99962,100,100056,100,99954,100,100064,200,99944,100,100075,100,99940,100,100080,100,99934,100,100088,100,99925,100,100099,100,99920,100,100105,100,99918,100
2019-06-28 09:34:50.000000000,100035,193,99964,293,100044,193,99962,193,100055,193,99954,193,100056,193,99944,193,100064,293,99940,193,100075,100,99934,100,100080,100,99925,100,100088,100,99920,100,100099,100,99918,100,100105,100,99917,100
2019-06-28 09:35:00.000000000,100035,258,99964,358,100044,254,99962,254,100055,254,99954,254,100056,100,99944,100,100064,200,99940,100,100075,100,99934,100,100080,100,99925,100,100088,100,99920,100,100099,100,99918,100,100105,100,99917,100
2019-06-28 09:35:10.000000000,100035,216,99964,316,100044,216,99962,216,100055,216,99954,216,100056,216,99944,216,100064,200,99940,100,100075,100,99934,100,100080,100,99925,100,100088,100,99920,100,100099,100,99918,100,100105,100,99917,100
2019-06-28 09:35:10.474803864,100035,216,99964,216,100044,216,99962,216,100055,216,99954,216,100056,216,99944,216,100064,200,99940,100,100075,100,99934,100,100088,100,99925,100,100099,100,99920,100,100105,100,99918,100,100109,100,99917,100
2019-06-28 09:35:10.664279660,100035,216,99964,216,100044,216,99962,216,100055,216,99954,216,100056,216,99944,216,100064,200,99940,100,100075,100,99934,100,100088,100,99925,100,100099,100,99920,100,100105,100,99918,100,100109,100,99917,100
2019-06-28 09:35:20.000000000,100035,333,99964,333,100044,333,99962,333,100055,100,99954,100,100056,100,99944,100,100064,200,99940,100,100075,100,99934,100,100088,100,99925,100,100099,100,99920,100,100105,100,99918,100,100109,100,99917,100
2019-06-28 09:35:30.000000000,100035,216,99964,216,100044,216,99962,216,100055,216,99954,216,100056,216,99944,216,100064,200,99940,100,100075,100,99934,100,100088,100,99925,100,100099,100,99920,100,100105,100,99918,100,100109,100,99917,100
2019-06-28 09:35:40.000000000,100035,566,99964,566,100044,100,99962,100,100055,100,99954,100,100056,100,99944,100,100064,200,99940,100,100075,100,99934,100,100088,100,99925,100,100099,100,99920,100,100105,100,99918,100,100109,100,99917,100
2019-06-28 09:35:47.725902897,100006,100,99964,566,100035,566,99962,100,100044,100,99954,100,100055,100,99944,100,100056,100,99940,100,100064,200,99934,100,100075,100,99925,100,100088,100,99920,100,100099,100,99918,100,100105,100,99917,100
2019-06-28 09:35:47.979181865,100006,100,99964,466,100035,566,99962,100,100044,100,99954,100,100055,100,99944,100,100056,100,99940,100,100064,200,99934,100,100075,100,99925,100,100088,100,99920,100,100099,100,99918,100,100105,100,99917,100
2019-06-28 09:35:50.000000000,100006,566,99962,566,100035,100,99954,100,100044,100,99944,100,100055,100,99940,100,100056,100,99934,100,100064,200,99925,100,100075,100,99920,100,100088,100,99918,100,100099,100,99917,100,100105,100,99910,100
2019-06-28 09:36:00.000000000,100006,333,99962,333,100035,333,99954,333,100044,100,99944,100,100055,100,99940,100,100056,100,99934,100,100064,200,99925,100,100075,100,99920,100,100088,100,99918,100,100099,100,99917,100,100105,100,99910,100
2019-06-28 09:36:10.000000000,100006,216,99962,216,100035,216,99954,216,100044,216,99944,216,100055,216,99940,216,100056,100,99934,100,100064,200,99925,100,100075,100,99920,100,100088,100,99918,100,100099,100,99917,100,100105,100,99910,100
2019-06-28 09:36:11.439624075,100006,216,99962,216,100035,216,99954,216,100044,216,99944,216,100055,216,99940,216,100056,100,99934,100,100064,200,99925,100,100075,100,99920,100,100088,100,99918,100,100099,100,99917,100,100105,100,99910,100
2019-06-28 09:36:15.144778119,100006,216,99962,116,100035,216,99954,216,100044,216,99944,216,100055,216,99940,216,100056,100,99934,100,100064,100,99925,100,100075,100,99920,100,100088,100,99918,100,100099,100,99917,100,100105,100,99910,100
2019-06-28 09:36:20.000000000,100006,333,99954,333,100035,333,99944,333,100044,100,99940,100,100055,100,99934,100,100056,100,99925,100,100064,100,99920,100,100075,100,99918,100,100088,100,99917,100,100099,100,99910,100,100105,100,99897,100
2019-06-28 09:36:30.000000000,100006,193,99954,193,100035,193,99944,193,100044,193,99940,193,100055,193,99934,193,100056,193,99925,193,100064,100,99920,100,100075,100,99918,100,100088,100,99917,100,100099,100,99910,100,100105,100,99897,100
2019-06-28 09:36:40.000000000,100006,333,99954,333,100035,333,99944,333,100044,100,99940,100,100055,100,99934,100,100056,100,99925,100,100064,100,99920,100,100075,100,99918,100,100088,100,99917,100,100099,100,99910,100,100105,100,99897,100
2019-06-28 09:36:42.066287719,100006,333,99954,233,100035,333,99944,333,100044,100,99940,100,100055,100,99925,100,100056,100,99920,100,100064,100,99918,100,100075,100,99917,100,100088,100,99910,100,100099,100,99897,100,100105,100,99895,100
2019-06-28 09:36:50.000000000,100006,216,99944,216,100035,216,99940,216,100044,216,99925,216,100055,216,99920,216,100056,100,99918,100,100064,100,99917,100,100075,100,99910,100,100088,100,99897,100,100099,100,99895,100,100105,100,99876,200
2019-06-28 09:37:00.000000000,100006,216,99944,216,100035,216,99940,216,100044,216,99925,216,100055,216,99920,216,100056,100,99918,100,100064,100,99917,100,100075,100,99910,100,100088,100,99897,100,100099,100,99895,100,100105,100,99876,200
2019-06-28 09:37:05.969834163,100006,216,99944,216,100035,216,99940,216,100044,216,99925,216,100055,216,99920,216,100056,100,99918,100,100064,100,99917,100,100075,100,99910,100,100088,100,99897,100,100099,100,99895,100,100105,100,99876,200
2019-06-28 09:37:10.000000000,100006,258,99944,258,100035,254,99940,254,100044,254,99925,254,100055,100,99920,100,100056,100,99918,100,100064,100,99917,100,100075,100,99910,100,100088,100,99897,100,100099,100,99895,100,100105,100,99876,200
2019-06-28 09:37:20.000000000,100006,333,99944,333,100035,333,99940,333,100044,100,99925,100,100055,100,99920,100,100056,100,99918,100,100064,100,99917,100,100075,100,99910,100,100088,100,99897,100,100099,100,99895,100,100105,100,99876,200
2019-06-28 09:37:30.000000000,100006,258,99944,258,100035,254,99940,254,100044,254,99925,254,100055,100,99920,100,100056,100,99918,100,100064,100,99917,100,100075,100,99910,100,100088,100,99897,100,100099,100,99895,100,100105,100,99876,200
2019-06-28 09:37:35.746202573,100006,258,99944,258,100035,254,99940,254,100044,254,99925,254,100055,100,99920,100,100056,100,99918,100,100064,100,99917,100,100075,100,99910,100,100088,100,99897,100,100099,100,99895,100,100105,100,99876,100
2019-06-28 09:37:40.000000000,100006,193,99944,193,100035,193,99940,193,100044,193,99925,193,100055,193,99920,193,100056,193,99918,193,100064,100,99917,100,100075,100,99910,100,100088,100,99897,100,100099,100,99895,100,100105,100,99876,100
2019-06-28 09:37:50.000000000,100006,216,99944,216,100035,216,99940,216,100044,216,99925,216,100055,216,99920,216,100056,100,99918,100,100064,100,99917,100,100075,100,99910,100,100088,100,99897,100,100099,100,99895,100,100105,100,99876,100
2019-06-28 09:37:53.596045735,100006,216,99944,216,100035,216,99940,216,100044,216,99925,216,100055,216,99920,216,100064,100,99918,100,100075,100,99917,100,100088,100,99910,100,100099,100,99897,100,100105,100,99895,100,100109,100,99876,100
2019-06-28 09:38:00.000000000,100006,258,99944,258,100035,254,99940,254,100044,254,99925,254,100055,100,99920,100,100064,100,99918,100,100075,100,99917,100,100088,100,99910,100,100099,100,99897,100,100105,100,99895,100,100109,100,99876,100
2019-06-28 09:38:10.000000000,100006,193,99944,193,100035,193,99940,193,100044,193,99925,193,100055,193,99920,193,100064,193,99918,193,100075,100,99917,100,100088,100,99910,100,100099,100,99897,100,100105,100,99895,100,100109,100,99876,100
2019-06-28 09:38:17.451595737,99962,100,99944,193,100006,193,99940,193,100035,193,99925,193,100044,193,99920,193,100055,193,99918,193,100064,193,99917,100,100075,100,99910,100,100088,100,99897,100,100099,100,99895,100,100105,100,99876,100
2019-06-28 09:38:20.000000000,99962,566,99944,566,100006,100,99940,100,100035,100,99925,100,100044,100,99920,100,100055,100,99918,100,100064,100,99917,100,100075,100,99910,100,100088,100,99897,100,100099,100,99895,100,100105,100,99876,100
2019-06-28 09:38:30.000000000,99962,216,99944,216,100006,216,99940,216,100035,216,99925,216,100044,216,99920,216,100055,100,99918,100,100064,100,99917,100,100075,100,99910,100,100088,100,99897,100,100099,100,99895,100,100105,100,99876,100
2019-06-28 09:38:37.374268103,99962,216,99944,216,100006,216,99940,216,100035,216,99925,216,100044,216,99920,216,100055,100,99918,100,100064,100,99917,100,100075,100,99910,100,100088,100,99897,100,100099,100,99876,100,100105,100,99862,100
2019-06-28 09:38:40.000000000,99962,566,99944,566,100006,100,99940,100,100035,100,99925,100,100044,100,99920,100,100055,100,99918,100,100064,100,99917,100,100075,100,99910,100,100088,100,99897,100,100099,100,99876,100,100105,100,99862,100
2019-06-28 09:38:50.000000000,99962,258,99944,258,100006,254,99940,254,100035,254,99925,254,100044,100,99920,100,100055,100,99918,100,100064,100,99917,100,100075,100,99910,100,100088,100,99897,100,100099,100,99876,100,100105,100,99862,100
2019-06-28 09:38:54.323406672,99962,258,99944,258,100006,254,99940,254,100035,254,99925,254,100044,100,99920,100,100055,100,99918,100,100064,100,99917,100,100075,100,99910,100,100088,100,99897,100,100099,100,99876,100,100105,100,99862,100
2019-06-28 09:38:57.366287205,99962,258,99944,258,100006,254,99940,254,100035,254,99925,254,100044,100,99920,100,100055,100,99918,100,100064,100,99917,100,100075,100,99910,100,100088,100,99897,100,100099,100,99876,100,100105,100,99862,100
2019-06-28 09:39:00.000000000,99962,333,99944,333,100006,333,99940,333,100035,100,99925,100,100044,100,99920,100,100055,100,99918,100,100064,100,99917,100,100075,100,99910,100,100088,100,99897,100,100099,100,99876,100,100105,100,99862,100
2019-06-28 09:39:10.000000000,99962,333,99944,333,100006,333,99940,333,100035,100,99925,100,100044,100,99920,100,100055,100,99918,100,100064,100,99917,100,100075,100,99910,100,100088,100,99897,100,100099,100,99876,100,100105,100,99862,100
2019-06-28 09:39:19.232251480,99962,433,99944,333,100006,333,99940,333,100035,100,99925,100,100044,100,99920,100,100055,100,99918,100,100064,100,99917,100,100075,100,99910,100,100088,100,99897,100,100099,100,99876,100,100105,100,99862,100
2019-06-28 09:39:20.000000000,99962,358,99944,258,100006,254,99940,254,100035,254,99925,254,100044,100,99920,100,100055,100,99918,100,100064,100,99917,100,100075,100,99910,100,100088,100,99897,100,100099,100,99876,100,100105,100,99862,100
2019-06-28 09:39:22.599237151,99962,458,99944,258,100006,254,99940,254,100035,254,99925,254,100044,100,99920,100,100055,100,99918,100,100064,100,99917,100,100075,100,99910,100,100088,100,99897,100,100099,100,99876,100,100105,100,99862,100
2019-06-28 09:39:30.000000000,99962,458,99944,258,100006,254,99940,254,100035,254,99925,254,100044,100,99920,100,100055,100,99918,100,100064,100,99917,100,100075,100,99910,100,100088,100,99897,100,100099,100,99876,100,100105,100,99862,100
2019-06-28 09:39:40.000000000,99962,766,99944,566,100006,100,99940,100,100035,100,99925,100,100044,100,99920,100,100055,100,99918,100,100064,100,99917,100,100075,100,99910,100,100088,100,99897,100,100099,100,99876,100,100105,100,99862,100
2019-06-28 09:39:44.578144953,99962,766,99944,466,100006,100,99940,100,100035,100,99925,100,100044,100,99920,100,100055,100,99918,100,100064,100,99917,100,100075,100,99910,100,100088,100,99897,100,100099,100,99876,100,100105,100,99862,100
2019-06-28 09:39:50.000000000,99962,533,99940,333,100006,333,99925,333,100035,100,99920,100,100044,100,99918,100,100055,100,99917,100,100064,100,99910,100,100075,100,99897,100,100088,100,99876,100,100099,100,99862,100,100105,100,99813,100
2019-06-28 09:39:50.082251209,99962,533,99940,333,100006,333,99925,333,100035,100,99920,100,100044,100,99918,100,100055,100,99917,100,100064,100,99910,100,100075,100,99897,100,100088,100,99876,100,100099,100,99862,100,100105,100,99813,100
2019-06-28 09:40:00.000000000,99962,533,99940,333,100006,333,99925,333,100035,100,99920,100,100044,100,99918,100,100055,100,99917,100,100064,100,99910,100,100075,100,99897,100,100088,100,99876,100,100099,100,99862,100,100105,100,99813,100
2019-06-28 09:40:10.000000000,99962,533,99940,333,100006,333,99925,333,100035,100,99920,100,100044,100,99918,100,100055,100,99917,100,100064,100,99910,100,100075,100,99897,100,100088,100,99876,100,100099,100,99862,100,100105,100,99813,100
2019-06-28 09:40:20.000000000,99962,533,99940,333,100006,333,99925,333,100035,100,99920,100,100044,100,99918,100,100055,100,99917,100,100064,100,99910,100,100075,100,99897,100,100088,100,99876,100,100099,100,99862,100,100105,100,99813,100
2019-06-28 09:40:30.000000000,99962,766,99940,566,100006,100,99925,100,100035,100,99920,100,100044,100,99918,100,100055,100,99917,100,100064,100,99910,100,100075,100,99897,100,100088,100,99876,100,100099,100,99862,100,100105,100,99813,100
2019-06-28 09:40:40.000000000,99962,393,99940,193,100006,193,99925,193,100035,193,99920,193,100044,193,99918,193,100055,193,99917,193,100064,100,99910,100,100075,100,99897,100,100088,100,99876,100,100099,100,99862,100,100105,100,99813,100
2019-06-28 09:40:48.609184551,99962,393,99940,93,100006,193,99925,193,100035,193,99920,193,100044,193,99918,193,100055,193,99917,193,100064,100,99910,100,100075,100,99897,100,100088,100,99876,100,100099,100,99862,100,100105,100,99813,100
2019-06-28 09:40:50.000000000,99962,393,99925,193,100006,193,99920,193,100035,193,99918,193,100044,193,99917,193,100055,193,99910,193,100064,100,99897,100,100075,100,99876,100,100088,100,99862,100,100099,100,99813,100,100105,100,99789,100
2019-06-28 09:41:00.000000000,99962,533,99925,333,100006,333,99920,333,100035,100,99918,100,100044,100,99917,100,100055,100,99910,100,100064,100,99897,100,100075,100,99876,100,100088,100,99862,100,100099,100,99813,100,100105,100,99789,100
2019-06-28 09:41:04.167396062,99962,533,99925,233,100006,333,99920,333,100035,100,99918,100,100044,100,99917,100,100055,100,99910,100,100064,100,99897,100,100075,100,99876,100,100088,100,99862,100,100099,100,99789,100,100105,100,99726,100
2019-06-28 09:41:10.000000000,99962,766,99920,566,100006,100,99918,100,100035,100,99917,100,100044,100,99910,100,100055,100,99897,100,100064,100,99876,100,100075,100,99862,100,100088,100,99789,100,100099,100,99726,100,100105,100,99535,100
2019-06-28 09:41:20.000000000,99962,766,99920,566,100006,100,99918,100,100035,100,99917,100,100044,100,99910,100,100055,100,99897,100,100064,100,99876,100,100075,100,99862,100,100088,100,99789,100,100099,100,99726,100,100105,100,99535,100
2019-06-28 09:41:30.000000000,99962,458,99920,258,100006,254,99918,254,100035,254,99917,254,100044,100,99910,100,100055,100,99897,100,100064,100,99876,100,100075,100,99862,100,100088,100,99789,100,100099,100,99726,100,100105,100,99535,100
2019-06-28 09:41:30.748705405,99962,458,99920,258,100006,254,99918,154,100035,254,99917,254,100044,100,99910,100,100055,100,99897,100,100064,100,99876,100,100075,100,99862,100,100088,100,99789,100,100099,100,99726,100,100105,100,99535,100
2019-06-28 09:41:32.669496423,99962,458,99920,158,100006,254,99918,154,100035,254,99917,254,100044,100,99910,100,100055,100,99897,100,100064,100,99876,100,100075,100,99862,100,100088,100,99789,100,100099,100,99726,100,100105,100,99535,100
2019-06-28 09:41:40.000000000,99962,458,99917,258,100006,254,99910,254,100035,254,99897,254,100044,100,99876,100,100055,100,99862,100,100064,100,99789,100,100075,100,99726,100,100088,100,99535,100,100099,100,99531,100,100105,100,99512,100
2019-06-28 09:41:50.000000000,99962,458,99917,258,100006,254,99910,254,100035,254,99897,254,100044,100,99876,100,100055,100,99862,100,100064,100,99789,100,100075,100,99726,100,100088,100,99535,100,100099,100,99531,100,100105,100,99512,100
2019-06-28 09:42:00.000000000,99962,533,99917,333,100006,333,99910,333,100035,100,99897,100,100044,100,99876,100,100055,100,99862,100,100064,100,99789,100,100075,100,99726,100,100088,100,99535,100,100099,100,99531,100,100105,100,99512,100
2019-06-28 09:42:10.000000000,99962,393,99917,193,100006,193,99910,193,100035,193,99897,193,100044,193,99876,193,100055,193,99862,193,100064,100,99789,100,100075,100,99726,100,100088,100,99535,100,100099,100,99531,100,100105,100,99512,100
2019-06-28 09:42:20.000000000,99962,416,99917,216,100006,216,99910,216,100035,216,99897,216,100044,216,99876,216,100055,100,99862,100,100064,100,99789,100,100075,100,99726,100,100088,100,99535,100,100099,100,99531,100,100105,100,99512,100
2019-06-28 09:42:30.000000000,99962,766,99917,566,100006,100,99910,100,100035,100,99897,100,100044,100,99876,100,100055,100,99862,100,100064,100,99789,100,100075,100,99726,100,100088,100,99535,100,100099,100,99531,100,100105,100,99512,100
2019-06-28 09:42:40.000000000,99962,458,99917,258,100006,254,99910,254,100035,254,99897,254,100044,100,99876,100,100055,100,99862,100,100064,100,99789,100,100075,100,99726,100,100088,100,99535,100,100099,100,99531,100,100105,100,99512,100
2019-06-28 09:42:47.717366328,99962,458,99917,258,100006,254,99910,254,100035,254,99897,254,100044,100,99876,100,100055,100,99862,100,100064,100,99789,100,100075,100,99726,100,100088,100,99630,100,100099,100,99535,100,100105,100,99531,100
2019-06-28 09:42:50.000000000,99962,766,99917,566,100006,100,99910,100,100035,100,99897,100,100044,100,99876,100,100055,100,99862,100,100064,100,99789,100,100075,100,99726,100,100088,100,99630,100,100099,100,99535,100,100105,100,99531,100
2019-06-28 09:43:00.000000000,99962,766,99917,566,100006,100,99910,100,100035,100,99897,100,100044,100,99876,100,100055,100,99862,100,100064,100,99789,100,100075,100,99726,100,100088,100,99630,100,100099,100,99535,100,100105,100,99531,100
2019-06-28 09:43:04.009392385,99925,100,99917,566,99962,766,99910,100,100006,100,99897,100,100035,100,99876,100,100044,100,99862,100,100055,100,99789,100,100064,100,99726,100,100075,100,99630,100,100088,100,99535,100,100099,100,99531,100
2019-06-28 09:43:09.456355675,99925,100,99917,566,99962,766,99910,100,100006,100,99897,100,100035,100,99876,100,100044,100,99862,100,100055,100,99789,100,100064,100,99726,100,100075,100,99661,100,100088,100,99630,100,100099,100,99535,100
2019-06-28 09:43:10.000000000,99925,216,99917,216,99962,416,99910,216,100006,216,99897,216,100035,216,99876,216,100044,100,99862,100,100055,100,99789,100,100064,100,99726,100,100075,100,99661,100,100088,100,99630,100,100099,100,99535,100
2019-06-28 09:43:18.282288323,99925,216,99917,216,99962,316,99910,216,100006,216,99897,216,100035,216,99876,216,100044,100,99862,100,100055,100,99789,100,100064,100,99726,100,100075,100,99661,100,100088,100,99630,100,100099,100,99535,100
2019-06-28 09:43:20.000000000,99925,216,99917,216,99962,316,99910,216,100006,216,99897,216,100035,216,99876,216,100044,100,99862,100,100055,100,99789,100,100064,100,99726,100,100075,100,99661,100,100088,100,99630,100,100099,100,99535,100
2019-06-28 09:43:30.000000000,99925,566,99917,566,99962,200,99910,100,100006,100,99897,100,100035,100,99876,100,100044,100,99862,100,100055,100,99789,100,100064,100,99726,100,100075,100,99661,100,100088,100,99630,100,100099,100,99535,100
2019-06-28 09:43:40.000000000,99925,566,99917,566,99962,200,99910,100,100006,100,99897,100,100035,100,99876,100,100044,100,99862,100,100055,100,99789,100,100064,100,99726,100,100075,100,99661,100,100088,100,99630,100,100099,100,99535,100
2019-06-28 09:43:48.181123366,99925,666,99917,566,99962,200,99910,100,100006,100,99897,100,100035,100,99876,100,100044,100,99862,100,100055,100,99789,100,100064,100,99726,100,100075,100,99661,100,100088,100,99630,100,100099,100,99535,100
2019-06-28 09:43:50.000000000,99925,433,99917,333,99962,433,99910,333,100006,100,99897,100,100035,100,99876,100,100044,100,99862,100,100055,100,99789,100,100064,100,99726,100,100075,100,99661,100,100088,100,99630,100,100099,100,99535,100
2019-06-28 09:44:00.000000000,99925,433,99917,333,99962,433,99910,333,100006,100,99897,100,100035,100,99876,100,100044,100,99862,100,100055,100,99789,100,100064,100,99726,100,100075,100,99661,100,100088,100,99630,100,100099,100,99535,100
2019-06-28 09:44:03.915788929,99925,433,99917,333,99962,433,99910,333,100006,100,99876,100,100035,100,99862,100,100044,100,99789,100,100050,100,99726,100,100055,100,99661,100,100064,100,99630,100,100075,100,99535,100,100088,100,99531,100
2019-06-28 09:44:10.000000000,99925,293,99917,193,99962,293,99910,193,100006,193,99876,193,100035,193,99862,193,100044,193,99789,193,100050,100,99726,100,100055,100,99661,100,100064,100,99630,100,100075,100,99535,100,100088,100,99531,100
2019-06-28 09:44:20.000000000,99925,666,99917,566,99962,200,99910,100,100006,100,99876,100,100035,100,99862,100,100044,100,99789,100,100050,100,99726,100,100055,100,99661,100,100064,100,99630,100,100075,100,99535,100,100088,100,99531,100
2019-06-28 09:44:30.000000000,99925,358,99917,258,99962,354,99910,254,100006,254,99876,254,100035,100,99862,100,100044,100,99789,100,100050,100,99726,100,100055,100,99661,100,100064,100,99630,100,100075,100,99535,100,100088,100,99531,100
2019-06-28 09:44:35.971947505,99925,258,99917,258,99962,354,99910,254,100006,254,99876,254,100035,100,99862,100,100044,100,99789,100,100050,100,99726,100,100055,100,99661,100,100064,100,99630,100,100075,100,99535,100,100088,100,99531,100
2019-06-28 09:44:40.000000000,99925,258,99917,258,99962,354,99910,254,100006,254,99876,254,100035,100,99862,100,100044,100,99789,100,100050,100,99726,100,100055,100,99661,100,100064,100,99630,100,100075,100,99535,100,100088,100,99531,100
2019-06-28 09:44:50.000000000,99925,566,99917,566,99962,200,99910,100,100006,100,99876,100,100035,100,99862,100,100044,100,99789,100,100050,100,99726,100,100055,100,99661,100,100064,100,99630,100,100075,100,99535,100,100088,100,99531,100
2019-06-28 09:45:00.000000000,99925,216,99917,216,99962,316,99910,216,100006,216,99876,216,100035,216,99862,216,100044,100,99789,100,100050,100,99726,100,100055,100,99661,100,100064,100,99630,100,100075,100,99535,100,100088,100,99531,100
2019-06-28 09:45:10.000000000,99925,193,99917,193,99962,293,99910,193,100006,193,99876,193,100035,193,99862,193,100044,193,99789,193,100050,100,99726,100,100055,100,99661,100,100064,100,99630,100,100075,100,99535,100,100088,100,99531,100
2019-06-28 09:45:17.545836853,99925,193,99917,193,99962,293,99910,193,100006,193,99876,193,100035,193,99862,193,100044,193,99789,193,100050,100,99726,100,100055,100,99661,100,100064,100,99630,100,100075,100,99535,100,100088,100,99531,100
2019-06-28 09:45:20.000000000,99925,566,99917,566,99962,200,99910,100,100006,100,99876,100,100035,100,99862,100,100044,100,99789,100,100050,100,99726,100,100055,100,99661,100,100064,100,99630,100,100075,100,99535,100,100088,100,99531,100
2019-06-28 09:45:24.971130473,99925,466,99917,566,99962,200,99910,100,100006,100,99876,100,100035,100,99862,100,100050,100,99789,100,100055,100,99726,100,100064,100,99661,100,100075,100,99630,100,100088,100,99535,100,100099,100,99531,100
2019-06-28 09:45:30.000000000,99962,358,99917,258,100006,254,99910,254,100035,254,99876,254,100050,100,99862,100,100055,100,99789,100,100064,100,99726,100,100075,100,99661,100,100088,100,99630,100,100099,100,99535,100,100105,100,99531,100
2019-06-28 09:45:40.000000000,99962,433,99917,333,100006,333,99910,333,100035,100,99876,100,100050,100,99862,100,100055,100,99789,100,100064,100,99726,100,100075,100,99661,100,100088,100,99630,100,100099,100,99535,100,100105,100,99531,100
2019-06-28 09:45:45.366569971,99962,433,99917,333,100006,333,99910,333,100035,100,99876,100,100050,100,99862,100,100055,100,99789,100,100064,100,99726,100,100075,100,99661,100,100088,100,99630,100,100099,100,99535,100,100105,100,99531,100
2019-06-28 09:45:50.000000000,99962,358,99917,258,100006,254,99910,254,100035,254,99876,254,100050,100,99862,100,100055,100,99789,100,100064,100,99726,100,100075,100,99661,100,100088,100,99630,100,100099,100,99535,100,100105,100,99531,100
2019-06-28 09:45:57.428438972,99962,358,99917,258,100006,254,99910,254,100035,254,99876,254,100050,100,99862,100,100055,100,99789,100,100064,100,99726,100,100075,100,99661,100,100088,100,99630,100,100099,100,99535,100,100105,100,99531,100
2019-06-28 09:45:58.814387942,99962,358,99917,258,100006,254,99910,254,100035,254,99876,254,100050,100,99862,100,100055,100,99789,100,100064,100,99726,100,100075,100,99661,100,100099,100,99630,100,100105,100,99535,100,100109,100,99531,100
2019-06-28 09:46:00.000000000,99962,433,99917,333,100006,333,99910,333,100035,100,99876,100,100050,100,99862,100,100055,100,99789,100,100064,100,99726,100,100075,100,99661,100,100099,100,99630,100,100105,100,99535,100,100109,100,99531,100
2019-06-28 09:46:04.950292695,99962,433,99925,100,100006,333,99917,333,100035,100,99910,233,100050,100,99876,100,100055,100,99862,100,100064,100,99789,100,100075,100,99726,100,100099,100,99661,100,100105,100,99630,100,100109,100,99535,100
2019-06-28 09:46:10.000000000,99962,358,99925,258,100006,254,99917,254,100035,254,99876,254,100050,100,99862,100,100055,100,99789,100,100064,100,99726,100,100075,100,99661,100,100099,100,99630,100,100105,100,99535,100,100109,100,99531,100
2019-06-28 09:46:10.849141462,99962,358,99925,258,100006,254,99917,254,100035,254,99876,254,100050,100,99862,100,100055,100,99789,100,100064,100,99726,100,100075,100,99661,100,100099,100,99630,100,100105,100,99535,100,100109,100,99531,100
2019-06-28 09:46:14.835453692,99962,358,99925,258,100006,254,99917,254,100035,254,99876,254,100050,100,99862,100,100055,100,99789,100,100064,100,99726,100,100075,100,99661,100,100099,100,99630,100,100105,100,99535,100,100109,100,99531,100
2019-06-28 09:46:20.000000000,99962,433,99925,333,100006,333,99917,333,100035,100,99876,100,100050,100,99862,100,100055,100,99789,100,100064,100,99726,100,100075,100,99661,100,100099,100,99630,100,100105,100,99535,100,100109,100,99531,100
2019-06-28 09:46:30.000000000,99962,293,99925,193,100006,193,99917,193,100035,193,99876,193,100050,193,99862,193,100055,193,99789,193,100064,100,99726,100,100075,100,99661,100,100099,100,99630,100,100105,100,99535,100,100109,100,99531,100
2019-06-28 09:46:40.000000000,99962,316,99925,216,100006,216,99917,216,100035,216,99876,216,100050,216,99862,216,100055,100,99789,100,100064,100,99726,100,100075,100,99661,100,100099,100,99630,100,100105,100,99535,100,100109,100,99531,100
2019-06-28 09:46:49.578552616,99962,316,99925,116,100006,216,99917,216,100035,216,99876,216,100050,216,99862,216,100055,100,99789,100,100064,100,99726,100,100075,100,99661,100,100099,100,99630,100,100105,100,99535,100,100109,100,99531,100
2019-06-28 09:46:50.000000000,99962,666,99917,566,100006,100,99876,100,100035,100,99862,100,100050,100,99789,100,100055,100,99726,100,100064,100,99661,100,100075,100,99630,100,100099,100,99535,100,100105,100,99531,100,100109,100,99512,100
2019-06-28 09:47:00.000000000,99962,293,99917,193,100006,193,99876,193,100035,193,99862,193,100050,193,99789,193,100055,193,99726,193,100064,100,99661,100,100075,100,99630,100,100099,100,99535,100,100105,100,99531,100,100109,100,99512,100
2019-06-28 09:47:10.000000000,99962,358,99917,258,100006,254,99876,254,100035,254,99862,254,100050,100,99789,100,100055,100,99726,100,100064,100,99661,100,100075,100,99630,100,100099,100,99535,100,100105,100,99531,100,100109,100,99512,100
2019-06-28 09:47:15.471089758,99962,358,99917,258,100006,154,99876,254,100035,254,99862,254,100050,100,99789,100,100055,100,99726,100,100064,100,99661,100,100075,100,99630,100,100099,100,99535,100,100105,100,99531,100,100109,100,99512,100
2019-06-28 09:47:20.000000000,99962,666,99917,566,100035,100,99876,100,100050,100,99862,100,100055,100,99789,100,100064,100,99726,100,100075,100,99661,100,100099,100,99630,100,100105,100,99535,100,100109,100,99531,100,100137,100,99512,100
2019-06-28 09:47:30.000000000,99962,433,99917,333,100035,333,99876,333,100050,100,99862,100,100055,100,99789,100,100064,100,99726,100,100075,100,99661,100,100099,100,99630,100,100105,100,99535,100,100109,100,99531,100,100137,100,99512,100
2019-06-28 09:47:31.185656807,99962,333,99917,333,100035,333,99876,333,100050,100,99862,100,100055,100,99789,100,100064,100,99726,100,100075,100,99661,100,100099,100,99630,100,100105,100,99535,100,100109,100,99531,100,100137,100,99512,100
2019-06-28 09:47:31.585176385,99962,333,99917,333,100035,333,99876,333,100050,100,99862,100,100055,100,99789,100,100064,100,99726,100,100075,100,99661,100,100099,100,99630,100,100105,100,99535,100,100109,100,99531,100,100137,100,99512,100
2019-06-28 09:47:40.000000000,99962,216,99917,216,100035,216,99876,216,100050,216,99862,216,100055,216,99789,216,100064,100,99726,100,100075,100,99661,100,100099,100,99630,100,100105,100,99535,100,100109,100,99531,100,100137,100,99512,100
2019-06-28 09:47:50.000000000,99962,333,99917,333,100035,333,99876,333,100050,100,99862,100,100055,100,99789,100,100064,100,99726,100,100075,100,99661,100,100099,100,99630,100,100105,100,99535,100,100109,100,99531,100,100137,100,99512,100
2019-06-28 09:48:00.000000000,99962,216,99917,216,100035,216,99876,216,100050,216,99862,216,100055,216,99789,216,100064,100,99726,100,100075,100,99661,100,100099,100,99630,100,100105,100,99535,100,100109,100,99531,100,100137,100,99512,100
2019-06-28 09:48:03.604649188,99962,216,99917,216,100035,216,99876,216,100050,216,99862,216,100055,216,99789,216,100064,100,99726,100,100075,100,99661,100,100099,100,99630,100,100105,100,99535,100,100109,100,99531,100,100137,100,99512,100
2019-06-28 09:48:10.000000000,99962,566,99917,566,100035,100,99876,100,100050,100,99862,100,100055,100,99789,100,100064,100,99726,100,100075,100,99661,100,100099,100,99630,100,100105,100,99535,100,100109,100,99531,100,100137,100,99512,100
2019-06-28 09:48:13.768830129,99962,466,99917,566,100035,100,99876,100,100050,100,99862,100,100055,100,99789,100,100064,100,99726,100,100075,100,99661,100,100099,100,99630,100,100109,100,99535,100,100137,100,99531,100,100155,100,99512,100
2019-06-28 09:48:16.109117677,99962,366,99917,566,100035,100,99876,100,100050,100,99862,100,100055,100,99789,100,100064,100,99726,100,100075,100,99661,100,100109,100,99630,100,100137,100,99535,100,100155,100,99531,100,100315,100,99512,100
2019-06-28 09:48:17.234871384,99962,266,99917,566,100035,100,99876,100,100050,100,99862,100,100055,100,99789,100,100064,100,99726,100,100075,100,99661,100,100109,100,99630,100,100137,100,99531,100,100155,100,99512,100,100315,100,99430,100
2019-06-28 09:48:20.000000000,100035,216,99917,216,100050,216,99876,216,100055,216,99862,216,100064,216,99789,216,100075,100,99726,100,100109,100,99661,100,100137,100,99630,100,100155,100,99531,100,100315,100,99512,100,100463,100,99430,100
2019-06-28 09:48:30.000000000,100035,193,99917,193,100050,193,99876,193,100055,193,99862,193,100064,193,99789,193,100075,193,99726,193,100109,100,99661,100,100137,100,99630,100,100155,100,99531,100,100315,100,99512,100,100463,100,99430,100
2019-06-28 09:48:40.000000000,100035,216,99917,216,100050,216,99876,216,100055,216,99862,216,100064,216,99789,216,100075,100,99726,100,100109,100,99661,100,100137,100,99630,100,100155,100,99531,100,100315,100,99512,100,100463,100,99430,100
2019-06-28 09:48:43.314806482,100035,116,99917,216,100050,216,99876,216,100055,216,99862,216,100064,216,99789,216,100075,100,99726,100,100109,100,99661,100,100137,100,99630,100,100155,100,99531,100,100315,100,99512,100,100689,100,99430,100
2019-06-28 09:48:45.841831060,100035,116,99962,100,100050,216,99917,216,100055,216,99876,216,100064,216,99862,216,100075,100,99789,216,100109,100,99726,100,100137,100,99661,100,100155,100,99630,100,100315,100,99531,100,100689,100,99512,100
2019-06-28 09:48:48.786021273,100035,116,99962,200,100050,216,99917,216,100055,216,99876,216,100064,216,99862,216,100075,100,99789,216,100109,100,99726,100,100137,100,99661,100,100155,100,99630,100,100315,100,99531,100,100689,100,99512,100
2019-06-28 09:48:50.000000000,100050,193,99962,293,100055,193,99917,193,100064,193,99876,193,100075,193,99862,193,100109,193,99789,193,100137,100,99726,100,100155,100,99661,100,100315,100,99630,100,100689,100,99531,100,100889,100,99512,100
2019-06-28 09:48:52.293835383,100050,193,99962,293,100055,193,99917,193,100064,193,99876,193,100075,193,99862,193,100109,193,99789,193,100137,100,99726,100,100155,100,99661,100,100315,100,99630,100,100689,100,99531,100,100889,100,99512,100
2019-06-28 09:48:52.468035637,100050,93,99962,293,100055,193,99917,193,100064,193,99876,193,100075,193,99862,193,100109,193,99789,193,100137,100,99726,100,100155,100,99661,100,100315,100,99630,100,100689,100,99531,100,100889,100,99512,100
2019-06-28 09:49:00.000000000,100055,193,99962,293,100064,193,99917,193,100075,193,99876,193,100109,193,99862,193,100137,193,99789,193,100155,100,99726,100,100315,100,99661,100,100689,100,99630,100,100889,100,99531,100,101012,100,99512,100
2019-06-28 09:49:07.583956356,100055,193,100035,100,100064,193,99962,293,100075,193,99917,193,100109,193,99876,193,100137,193,99862,193,100155,100,99789,193,100315,100,99726,100,100689,100,99661,100,100889,100,99630,100,101012,100,99531,100
2019-06-28 09:49:10.000000000,100055,216,100035,216,100064,216,99962,316,100075,216,99917,216,100109,216,99876,216,100137,100,99862,100,100155,100,99789,100,100315,100,99726,100,100689,100,99661,100,100889,100,99630,100,101012,100,99531,100
2019-06-28 09:49:20.000000000,100055,216,100035,216,100064,216,99962,316,100075,216,99917,216,100109,216,99876,216,100137,100,99862,100,100155,100,99789,100,100315,100,99726,100,100689,100,99661,100,100889,100,99630,100,101012,100,99531,100
2019-06-28 09:49:30.000000000,100055,258,100035,258,100064,254,99962,354,100075,254,99917,254,100109,100,99876,100,100137,100,99862,100,100155,100,99789,100,100315,100,99726,100,100689,100,99661,100,100889,100,99630,100,101012,100,99531,100
2019-06-28 09:49:36.591693533,100055,158,100035,258,100064,254,99962,354,100075,254,99917,254,100109,100,99876,100,100137,100,99862,100,100155,100,99789,100,100315,100,99726,100,100689,100,99661,100,100889,100,99630,100,101012,100,99531,100
2019-06-28 09:49:40.000000000,100064,258,100035,258,100075,254,99962,354,100109,254,99917,254,100137,100,99876,100,100155,100,99862,100,100315,100,99789,100,100689,100,99726,100,100889,100,99661,100,101012,100,99630,100,,,99531,100
2019-06-28 09:49:50.000000000,100064,566,100035,566,100075,100,99962,200,100109,100,99917,100,100137,100,99876,100,100155,100,99862,100,100315,100,99789,100,100689,100,99726,100,100889,100,99661,100,101012,100,99630,100,,,99531,100
2019-06-28 09:50:00.000000000,100064,566,100035,566,100075,100,99962,200,100109,100,99917,100,100137,100,99876,100,100155,100,99862,100,100315,100,99789,100,100689,100,99726,100,100889,100,99661,100,101012,100,99630,100,,,99531,100
2019-06-28 09:50:05.220585975,100064,566,100035,566,100075,100,99962,200,100109,100,99917,100,100137,100,99876,100,100155,100,99862,100,100315,100,99789,100,100407,100,99726,100,100689,100,99661,100,100889,100,99531,100,101012,100,99512,100
2019-06-28 09:50:10.000000000,100064,333,100035,333,100075,333,99962,433,100109,100,99917,100,100137,100,99876,100,100155,100,99862,100,100315,100,99789,100,100407,100,99726,100,100689,100,99661,100,100889,100,99531,100,101012,100,99512,100
2019-06-28 09:50:11.162284596,100064,333,100035,333,100075,333,99962,433,100109,100,99917,100,100137,100,99876,100,100155,100,99862,100,100315,100,99789,100,100407,100,99726,100,100687,100,99661,100,100689,100,99531,100,100889,100,99512,100
2019-06-28 09:50:11.515822037,100064,333,100050,100,100075,333,100035,333,100109,100,99962,433,100137,100,99917,100,100155,100,99876,100,100315,100,99862,100,100407,100,99789,100,100687,100,99726,100,100689,100,99661,100,100889,100,99531,100
2019-06-28 09:50:20.000000000,100064,216,100050,216,100075,216,100035,216,100109,216,99962,316,100137,216,99917,216,100155,100,99876,100,100315,100,99862,100,100407,100,99789,100,100687,100,99726,100,100689,100,99661,100,100889,100,99531,100
2019-06-28 09:50:30.000000000,100064,193,100050,193,100075,193,100035,193,100109,193,99962,293,100137,193,99917,193,100155,193,99876,193,100315,100,99862,100,100407,100,99789,100,100687,100,99726,100,100689,100,99661,100,100889,100,99531,100
2019-06-28 09:50:40.000000000,100064,216,100050,216,100075,216,100035,216,100109,216,99962,316,100137,216,99917,216,100155,100,99876,100,100315,100,99862,100,100407,100,99789,100,100687,100,99726,100,100689,100,99661,100,100889,100,99531,100
2019-06-28 09:50:50.000000000,100064,193,100050,193,100075,193,100035,193,100109,193,99962,293,100137,193,99917,193,100155,193,99876,193,100315,100,99862,100,100407,100,99789,100,100687,100,99726,100,100689,100,99661,100,100889,100,99531,100
2019-06-28 09:50:54.717444778,100064,193,100050,193,100075,193,100035,193,100109,193,99995,100,100137,193,99962,293,100155,193,99917,193,100315,100,99876,193,100687,100,99862,100,100689,100,99789,100,100889,100,99726,100,101012,100,99661,100
2019-06-28 09:51:00.000000000,100064,258,100050,258,100075,254,100035,254,100109,254,99995,254,100137,100,99962,200,100155,100,99917,100,100315,100,99876,100,100687,100,99862,100,100689,100,99789,100,100889,100,99726,100,101012,100,99661,100
2019-06-28 09:51:03.032424050,100064,158,100050,258,100075,254,100035,254,100109,254,99995,254,100137,100,99962,200,100155,100,99917,100,100315,100,99876,100,100687,100,99862,100,100689,100,99789,100,100889,100,99726,100,101012,100,99661,100
2019-06-28 09:51:06.149549300,100064,158,100050,258,100075,254,100035,254,100109,254,99995,254,100111,100,99962,200,100137,100,99917,100,100155,100,99876,100,100315,100,99862,100,100687,100,99789,100,100689,100,99726,100,100889,100,99661,100
2019-06-28 09:51:10.000000000,100075,566,100050,566,100109,100,100035,100,100111,100,99995,100,100137,100,99962,200,100155,100,99917,100,100315,100,99876,100,100687,100,99862,100,100689,100,99789,100,100889,100,99726,100,101012,100,99661,100
2019-06-28 09:51:15.639039522,100075,566,100050,566,100109,100,100035,100,100111,100,99995,100,100137,100,99962,200,100155,100,99959,100,100315,100,99917,100,100687,100,99876,100,100689,100,99862,100,100889,100,99789,100,101012,100,99726,100
2019-06-28 09:51:20.000000000,100075,216,100050,216,100109,216,100035,216,100111,216,99995,216,100137,216,99962,316,100155,100,99959,100,100315,100,99917,100,100687,100,99876,100,100689,100,99862,100,100889,100,99789,100,101012,100,99726,100
2019-06-28 09:51:30.000000000,100075,216,100050,216,100109,216,100035,216,100111,216,99995,216,100137,216,99962,316,100155,100,99959,100,100315,100,99917,100,100687,100,99876,100,100689,100,99862,100,100889,100,99789,100,101012,100,99726,100
2019-06-28 09:51:40.000000000,100075,566,100050,566,100109,100,100035,100,100111,100,99995,100,100137,100,99962,200,100155,100,99959,100,100315,100,99917,100,100687,100,99876,100,100689,100,99862,100,100889,100,99789,100,101012,100,99726,100
2019-06-28 09:51:50.000000000,100075,258,100050,258,100109,254,100035,254,100111,254,99995,254,100137,100,99962,200,100155,100,99959,100,100315,100,99917,100,100687,100,99876,100,100689,100,99862,100,100889,100,99789,100,101012,100,99726,100
2019-06-28 09:52:00.000000000,100075,333,100050,333,100109,333,100035,333,100111,100,99995,100,100137,100,99962,200,100155,100,99959,100,100315,100,99917,100,100687,100,99876,100,100689,100,99862,100,100889,100,99789,100,101012,100,99726,100
2019-06-28 09:52:00.020378100,100075,333,100050,333,100109,333,100035,333,100111,100,99995,100,100137,100,99962,200,100155,100,99959,100,100315,100,99917,100,100687,100,99876,100,100689,100,99862,100,100889,100,99798,100,101012,100,99789,100
2019-06-28 09:52:10.000000000,100075,333,100050,333,100109,333,100035,333,100111,100,99995,100,100137,100,99962,200,100155,100,99959,100,100315,100,99917,100,100687,100,99876,100,100689,100,99862,100,100889,100,99798,100,101012,100,99789,100
2019-06-28 09:52:12.396803794,100075,333,100050,333,100109,333,100035,333,100111,100,99995,100,100137,100,99962,200,100155,100,99959,100,100315,100,99944,100,100687,100,99876,100,100689,100,99862,100,100889,100,99798,100,101012,100,99789,100
2019-06-28 09:52:20.000000000,100075,193,100050,193,100109,193,100035,193,100111,193,99995,193,100137,193,99962,293,100155,193,99959,193,100315,100,99944,100,100687,100,99876,100,100689,100,99862,100,100889,100,99798,100,101012,100,99789,100
2019-06-28 09:52:30.000000000,100075,566,100050,566,100109,100,100035,100,100111,100,99995,100,100137,100,99962,200,100155,100,99959,100,100315,100,99944,100,100687,100,99876,100,100689,100,99862,100,100889,100,99798,100,101012,100,99789,100
2019-06-28 09:52:40.000000000,100075,566,100050,566,100109,100,100035,100,100111,100,99995,100,100137,100,99962,200,100155,100,99959,100,100315,100,99944,100,100687,100,99876,100,100689,100,99862,100,100889,100,99798,100,101012,100,99789,100
2019-06-28 09:52:50.000000000,100075,566,100050,566,100109,100,100035,100,100111,100,99995,100,100137,100,99962,200,100155,100,99959,100,100315,100,99944,100,100687,100,99876,100,100689,100,99862,100,100889,100,99798,100,101012,100,99789,100
2019-06-28 09:53:00.000000000,100075,333,100050,333,100109,333,100035,333,100111,100,99995,100,100137,100,99962,200,100155,100,99959,100,100315,100,99944,100,100687,100,99876,100,100689,100,99862,100,100889,100,99798,100,101012,100,99789,100
2019-06-28 09:53:10.000000000,100075,216,100050,216,100109,216,100035,216,100111,216,99995,216,100137,216,99962,316,100155,100,99959,100,100315,100,99944,100,100687,100,99876,100,100689,100,99862,100,100889,100,99798,100,101012,100,99789,100
2019-06-28 09:53:20.000000000,100075,216,100050,216,100109,216,100035,216,100111,216,99995,216,100137,216,99962,316,100155,100,99959,100,100315,100,99944,100,100687,100,99876,100,100689,100,99862,100,100889,100,99798,100,101012,100,99789,100
2019-06-28 09:53:30.000000000,100075,566,100050,566,100109,100,100035,100,100111,100,99995,100,100137,100,99962,200,100155,100,99959,100,100315,100,99944,100,100687,100,99876,100,100689,100,99862,100,100889,100,99798,100,101012,100,99789,100
2019-06-28 09:53:38.626033046,100075,566,100050,566,100109,100,100035,100,100111,100,99995,100,100137,100,99962,200,100155,100,99959,100,100315,100,99944,100,100687,100,99876,100,100689,100,99862,100,100889,100,99798,100,101012,100,99789,100
2019-06-28 09:53:40.000000000,100075,193,100050,193,100109,193,100035,193,100111,193,99995,193,100137,193,99962,293,100155,193,99959,193,100315,100,99944,100,100687,100,99876,100,100689,100,99862,100,100889,100,99798,100,101012,100,99789,100
2019-06-28 09:53:45.675254639,100075,193,100050,93,100109,193,100035,193,100111,193,99995,193,100137,193,99962,293,100155,193,99959,193,100315,100,99944,100,100687,100,99876,100,100689,100,99862,100,100889,100,99798,100,101012,100,99789,100
2019-06-28 09:53:50.000000000,100075,333,100035,333,100109,333,99995,333,100111,100,99962,200,100137,100,99959,100,100155,100,99944,100,100315,100,99876,100,100687,100,99862,100,100689,100,99798,100,100889,100,99789,100,101012,100,99726,100
2019-06-28 09:54:00.000000000,100075,258,100035,258,100109,254,99995,254,100111,254,99962,354,100137,100,99959,100,100155,100,99944,100,100315,100,99876,100,100687,100,99862,100,100689,100,99798,100,100889,100,99789,100,101012,100,99726,100
2019-06-28 09:54:10.000000000,100075,258,100035,258,100109,254,99995,254,100111,254,99962,354,100137,100,99959,100,100155,100,99944,100,100315,100,99876,100,100687,100,99862,100,100689,100,99798,100,100889,100,99789,100,101012,100,99726,100
2019-06-28 09:54:17.727550156,100075,258,100035,258,100109,254,99995,254,100111,254,99962,354,100137,100,99959,100,100315,100,99944,100,100687,100,99876,100,100689,100,99862,100,100889,100,99798,100,101012,100,99789,100,,,99726,100
2019-06-28 09:54:20.000000000,100075,258,100035,258,100109,254,99995,254,100111,254,99962,354,100137,100,99959,100,100315,100,99944,100,100687,100,99876,100,100689,100,99862,100,100889,100,99798,100,101012,100,99789,100,,,99726,100
2019-06-28 09:54:27.193005706,100075,258,100035,258,100109,254,99995,254,100111,254,99962,354,100137,100,99959,100,100315,100,99944,100,100687,100,99876,100,100689,100,99862,100,100889,100,99798,100,101012,100,99789,100,,,99726,100
2019-06-28 09:54:30.000000000,100075,258,100035,258,100109,254,99995,254,100111,254,99962,354,100137,100,99959,100,100315,100,99944,100,100687,100,99876,100,100689,100,99862,100,100889,100,99798,100,101012,100,99789,100,,,99726,100
2019-06-28 09:54:40.000000000,100075,193,100035,193,100109,193,99995,193,100111,193,99962,293,100137,193,99959,193,100315,193,99944,193,100687,100,99876,100,100689,100,99862,100,100889,100,99798,100,101012,100,99789,100,,,99726,100
2019-06-28 09:54:45.930334276,100075,93,100035,93,100109,193,99995,193,100111,193,99962,293,100137,193,99959,193,100315,193,99944,193,100687,100,99876,100,100689,100,99862,100,100889,100,99798,100,101012,100,99789,100,,,99726,100
2019-06-28 09:54:50.000000000,100109,258,99995,258,100111,254,99962,354,100137,254,99959,254,100315,100,99944,100,100687,100,99876,100,100689,100,99862,100,100889,100,99798,100,101012,100,99789,100,,,99726,100,,,99661,100
2019-06-28 09:55:00.000000000,100109,193,99995,193,100111,193,99962,293,100137,193,99959,193,100315,193,99944,193,100687,193,99876,193,100689,100,99862,100,100889,100,99798,100,101012,100,99789,100,,,99726,100,,,99661,100
2019-06-28 09:55:08.141698648,100109,193,99995,193,100111,193,99962,293,100137,193,99959,193,100315,193,99944,193,100687,93,99876,193,100689,100,99862,100,100889,100,99798,100,101012,100,99789,100,,,99726,100,,,99661,100
2019-06-28 09:55:10.000000000,100109,566,99995,566,100111,100,99962,200,100137,100,99959,100,100315,100,99944,100,100689,100,99876,100,100889,100,99862,100,101012,100,99798,100,,,99789,100,,,99726,100,,,99661,100
2019-06-28 09:55:20.000000000,100109,193,99995,193,100111,193,99962,293,100137,193,99959,193,100315,193,99944,193,100689,193,99876,193,100889,100,99862,100,101012,100,99798,100,,,99789,100,,,99726,100,,,99661,100
2019-06-28 09:55:30.000000000,100109,258,99995,258,100111,254,99962,354,100137,254,99959,254,100315,100,99944,100,100689,100,99876,100,100889,100,99862,100,101012,100,99798,100,,,99789,100,,,99726,100,,,99661,100
2019-06-28 09:55:40.000000000,100109,216,99995,216,100111,216,99962,316,100137,216,99959,216,100315,216,99944,216,100689,100,99876,100,100889,100,99862,100,101012,100,99798,100,,,99789,100,,,99726,100,,,99661,100
2019-06-28 09:55:50.000000000,100109,193,99995,193,100111,193,99962,293,100137,193,99959,193,100315,193,99944,193,100689,193,99876,193,100889,100,99862,100,101012,100,99798,100,,,99789,100,,,99726,100,,,99661,100
2019-06-28 09:56:00.000000000,100109,193,99995,193,100111,193,99962,293,100137,193,99959,193,100315,193,99944,193,100689,193,99876,193,100889,100,99862,100,101012,100,99798,100,,,99789,100,,,99726,100,,,99661,100
2019-06-28 09:56:00.208006538,100109,193,99995,193,100111,193,99962,293,100137,193,99959,193,100315,193,99944,193,100689,193,99876,193,100889,100,99862,100,101012,100,99798,100,,,99789,100,,,99726,100,,,99661,100
2019-06-28 09:56:10.000000000,100109,193,99995,193,100111,193,99962,293,100137,193,99959,193,100315,193,99944,193,100689,193,99876,193,100889,100,99862,100,101012,100,99798,100,,,99789,100,,,99726,100,,,99661,100
2019-06-28 09:56:16.641793757,100109,193,99995,193,100111,193,99962,293,100137,193,99959,193,100315,193,99944,193,100689,193,99876,193,100889,100,99862,100,101012,100,99798,100,,,99789,100,,,99726,100,,,99661,100
2019-06-28 09:56:20.000000000,100109,216,99995,216,100111,216,99962,316,100137,216,99959,216,100315,216,99944,216,100689,100,99876,100,100889,100,99862,100,101012,100,99798,100,,,99789,100,,,99726,100,,,99661,100
2019-06-28 09:56:27.310033520,100109,216,99995,116,100111,216,99962,316,100137,216,99959,216,100315,216,99944,216,100689,100,99876,100,100889,100,99862,100,101012,100,99798,100,,,99789,100,,,99726,100,,,99661,100
2019-06-28 09:56:30.000000000,100109,566,99962,666,100111,100,99959,100,100137,100,99944,100,100315,100,99876,100,100689,100,99862,100,100889,100,99798,100,101012,100,99789,100,,,99726,100,,,99661,100,,,99660,100
2019-06-28 09:56:35.792817465,100109,566,99962,666,100111,100,99959,100,100137,100,99944,100,100315,100,99876,100,100689,100,99862,100,100889,100,99798,100,101012,100,99789,100,,,99726,100,,,99661,100,,,99660,100
2019-06-28 09:56:40.000000000,100109,216,99962,316,100111,216,99959,216,100137,216,99944,216,100315,216,99876,216,100689,100,99862,100,100889,100,99798,100,101012,100,99789,100,,,99726,100,,,99661,100,,,99660,100
2019-06-28 09:56:41.448512750,100109,216,99962,216,100111,216,99959,216,100137,216,99944,216,100315,216,99876,216,100689,100,99862,100,100889,100,99798,100,101012,100,99789,100,,,99726,100,,,99661,100,,,99660,100
2019-06-28 09:56:50.000000000,100109,193,99962,193,100111,193,99959,193,100137,193,99944,193,100315,193,99876,193,100689,193,99862,193,100889,100,99798,100,101012,100,99789,100,,,99726,100,,,99661,100,,,99660,100
2019-06-28 09:56:53.793440021,100109,193,99962,93,100111,193,99959,193,100137,193,99944,193,100315,193,99876,193,100689,193,99862,193,100889,100,99798,100,101012,100,99789,100,,,99726,100,,,99661,100,,,99660,100
2019-06-28 09:57:00.000000000,100109,258,99959,258,100111,254,99944,254,100137,254,99876,254,100315,100,99862,100,100689,100,99798,100,100889,100,99789,100,101012,100,99726,100,,,99661,100,,,99660,100,,,99531,100
2019-06-28 09:57:04.854361919,100109,258,99959,158,100111,254,99944,254,100137,254,99876,254,100315,100,99862,100,100689,100,99798,100,100889,100,99789,100,101012,100,99726,100,,,99661,100,,,99660,100,,,99531,100
2019-06-28 09:57:10.000000000,100109,333,99944,333,100111,333,99876,333,100137,100,99862,100,100315,100,99798,100,100689,100,99789,100,100889,100,99726,100,101012,100,99661,100,,,99660,100,,,99531,100,,,99512,100
2019-06-28 09:57:11.308169460,100109,333,99944,233,100111,333,99876,333,100137,100,99862,100,100315,100,99798,100,100689,100,99789,100,100889,100,99726,100,101012,100,99661,100,,,99660,100,,,99531,100,,,99512,100
2019-06-28 09:57:20.000000000,100109,193,99876,193,100111,193,99862,193,100137,193,99798,193,100315,193,99789,193,100689,193,99726,193,100889,100,99661,100,101012,100,99660,100,,,99531,100,,,99512,100,,,99441,100
2019-06-28 09:57:30.000000000,100109,258,99876,258,100111,254,99862,254,100137,254,99798,254,100315,100,99789,100,100689,100,99726,100,100889,100,99661,100,101012,100,99660,100,,,99531,100,,,99512,100,,,99441,100
2019-06-28 09:57:40.000000000,100109,258,99876,258,100111,254,99862,254,100137,254,99798,254,100315,100,99789,100,100689,100,99726,100,100889,100,99661,100,101012,100,99660,100,,,99531,100,,,99512,100,,,99441,100
2019-06-28 09:57:41.736816579,100020,100,99876,258,100109,258,99862,254,100111,254,99798,254,100137,254,99789,100,100315,100,99726,100,100689,100,99661,100,100889,100,99660,100,101012,100,99531,100,,,99512,100,,,99441,100
2019-06-28 09:57:50.000000000,100020,566,99876,566,100109,100,99862,100,100111,100,99798,100,100137,100,99789,100,100315,100,99726,100,100689,100,99661,100,100889,100,99660,100,101012,100,99531,100,,,99512,100,,,99441,100
2019-06-28 09:57:51.789017524,100020,566,99876,566,100109,100,99862,100,100111,100,99798,100,100137,100,99789,100,100315,100,99718,100,100689,100,99661,100,100889,100,99660,100,101012,100,99531,100,,,99512,100,,,99441,100
2019-06-28 09:57:53.809050000,100020,566,99876,466,100109,100,99862,100,100111,100,99798,100,100137,100,99789,100,100315,100,99718,100,100689,100,99661,100,100889,100,99660,100,101012,100,99531,100,,,99512,100,,,99441,100
2019-06-28 09:58:00.000000000,100020,193,99862,193,100109,193,99798,193,100111,193,99789,193,100137,193,99718,193,100315,193,99661,193,100689,100,99660,100,100889,100,99531,100,101012,100,99512,100,,,99441,100,,,99430,100
2019-06-28 09:58:07.937424026,100020,193,99862,193,100109,93,99798,193,100111,193,99789,193,100137,193,99718,193,100315,193,99661,193,100689,100,99660,100,100889,100,99531,100,101012,100,99512,100,,,99441,100,,,99430,100
2019-06-28 09:58:10.000000000,100020,566,99862,566,100111,100,99798,100,100137,100,99789,100,100315,100,99718,100,100689,100,99661,100,100889,100,99660,100,101012,100,99531,100,,,99512,100,,,99441,100,,,99430,100
2019-06-28 09:58:20.000000000,100020,566,99862,566,100111,100,99798,100,100137,100,99789,100,100315,100,99718,100,100689,100,99661,100,100889,100,99660,100,101012,100,99531,100,,,99512,100,,,99441,100,,,99430,100
2019-06-28 09:58:21.090869332,100020,566,99917,100,100111,100,99862,566,100137,100,99798,100,100315,100,99789,100,100689,100,99718,100,100889,100,99661,100,101012,100,99660,100,,,99531,100,,,99512,100,,,99441,100
2019-06-28 09:58:30.000000000,100020,258,99917,258,100111,254,99862,254,100137,254,99798,254,100315,100,99789,100,100689,100,99718,100,100889,100,99661,100,101012,100,99660,100,,,99531,100,,,99512,100,,,99441,100
2019-06-28 09:58:36.716730539,100020,158,99917,258,100111,254,99862,254,100137,254,99798,254,100315,100,99789,100,100689,100,99718,100,100889,100,99661,100,101012,100,99660,100,,,99531,100,,,99512,100,,,99441,100
2019-06-28 09:58:40.000000000,100111,216,99917,216,100137,216,99862,216,100315,216,99798,216,100689,216,99789,216,100889,100,99718,100,101012,100,99661,100,,,99660,100,,,99531,100,,,99512,100,,,99441,100
2019-06-28 09:58:44.347686956,100111,216,100034,100,100137,216,99917,216,100315,216,99862,216,100689,216,99798,216,100889,100,99789,216,101012,100,99718,100,,,99661,100,,,99660,100,,,99531,100,,,99512,100
2019-06-28 09:58:45.027252301,100111,116,100034,100,100137,216,99917,216,100315,216,99862,216,100689,116,99798,216,100889,100,99789,216,101012,100,99718,100,,,99661,100,,,99660,100,,,99531,100,,,99512,100
2019-06-28 09:58:50.000000000,100137,258,100034,258,100315,254,99917,254,100889,254,99862,254,101012,100,99798,100,,,99789,100,,,99718,100,,,99661,100,,,99660,100,,,99531,100,,,99512,100
2019-06-28 09:59:00.000000000,100137,333,100034,333,100315,333,99917,333,100889,100,99862,100,101012,100,99798,100,,,99789,100,,,99718,100,,,99661,100,,,99660,100,,,99531,100,,,99512,100
2019-06-28 09:59:10.000000000,100137,193,100034,193,100315,193,99917,193,100889,193,99862,193,101012,193,99798,193,101013,93,99789,193,,,99718,100,,,99661,100,,,99660,100,,,99531,100,,,99512,100
2019-06-28 09:59:15.415388740,100137,193,100037,100,100315,193,100034,193,100889,193,99917,193,101012,193,99862,193,101013,93,99798,93,,,99789,193,,,99718,100,,,99661,100,,,99660,100,,,99531,100
2019-06-28 09:59:20.000000000,100137,258,100037,258,100315,254,100034,254,100889,254,99917,254,101012,100,99862,100,,,99789,100,,,99718,100,,,99661,100,,,99660,100,,,99531,100,,,99512,100
2019-06-28 09:59:22.150425163,100137,258,100037,258,100248,100,100034,254,100315,254,99917,254,100889,254,99862,100,101012,100,99789,100,,,99718,100,,,99661,100,,,99660,100,,,99531,100,,,99512,100
2019-06-28 09:59:30.000000000,100137,333,100037,333,100248,333,100034,333,100315,100,99917,100,100889,100,99862,100,101012,100,99789,100,,,99718,100,,,99661,100,,,99660,100,,,99531,100,,,99512,100
2019-06-28 09:59:40.000000000,100137,193,100037,193,100248,193,100034,193,100315,193,99917,193,100889,193,99862,193,101012,193,99789,193,,,99718,100,,,99661,100,,,99660,100,,,99531,100,,,99512,100
2019-06-28 09:59:50.000000000,100137,258,100037,258,100248,254,100034,254,100315,254,99917,254,100889,100,99862,100,101012,100,99789,100,,,99718,100,,,99661,100,,,99660,100,,,99531,100,,,99512,100
2019-06-28 09:59:54.867033021,100137,158,100037,258,100248,254,100034,254,100315,254,99917,254,100889,100,99862,100,101012,100,99789,100,,,99718,100,,,99661,100,,,99660,100,,,99531,100,,,99512,100
2019-06-28 09:59:58.512915269,100137,158,100111,100,100248,254,100037,258,100315,254,100034,254,100889,100,99917,254,101012,100,99862,100,,,99789,100,,,99718,100,,,99661,100,,,99660,100,,,99531,100
2019-06-28 10:00:00.000000000,100248,193,100111,193,100315,193,100037,193,100889,193,100034,193,101012,193,99917,193,101013,93,99862,193,,,99789,100,,,99718,100,,,99661,100,,,99660,100,,,99531,100
2019-06-28 10:00:02.322676635,100248,193,100111,193,100315,193,100037,193,100627,100,100034,193,100889,193,99917,193,101012,193,99862,193,101013,93,99789,100,,,99718,100,,,99661,100,,,99660,100,,,99531,100
2019-06-28 10:00:10.000000000,100248,258,100111,258,100315,254,100037,254,100627,254,100034,254,100889,100,99917,100,101012,100,99862,100,,,99789,100,,,99718,100,,,99661,100,,,99660,100,,,99531,100
2019-06-28 10:00:16.043843272,100248,158,100111,258,100315,254,100037,254,100627,254,100034,254,100889,100,99917,100,101012,100,99862,100,,,99789,100,,,99718,100,,,99661,100,,,99660,100,,,99531,100
2019-06-28 10:00:20.000000000,100315,566,100111,566,100627,100,100037,100,100889,100,100034,100,101012,100,99917,100,,,99862,100,,,99789,100,,,99718,100,,,99661,100,,,99660,100,,,99531,100
2019-06-28 10:00:28.447886946,100315,466,100111,566,100627,100,100037,100,100889,100,100034,100,101012,100,99917,100,,,99862,100,,,99789,100,,,99718,100,,,99661,100,,,99660,100,,,99531,100
2019-06-28 10:00:29.714630726,100315,466,100248,100,100627,100,100111,466,100889,100,100037,100,101012,100,100034,100,,,99917,100,,,99862,100,,,99789,100,,,99718,100,,,99661,100,,,99660,100
2019-06-28 10:00:30.000000000,100627,566,100248,566,100889,100,100037,100,101012,100,100034,100,,,99917,100,,,99862,100,,,99789,100,,,99718,100,,,99661,100,,,99660,100,,,99531,100
2019-06-28 10:00:34.965111274,100545,100,100248,566,100627,566,100037,100,100889,100,100034,100,101012,100,99917,100,,,99862,100,,,99789,100,,,99718,100,,,99661,100,,,99660,100,,,99531,100
2019-06-28 10:00:40.000000000,100545,258,100248,258,100627,254,100037,254,100889,254,100034,254,101012,100,99917,100,,,99862,100,,,99789,100,,,99718,100,,,99661,100,,,99660,100,,,99531,100
2019-06-28 10:00:40.088990304,100545,258,100248,258,100574,100,100037,254,100627,254,100034,254,100889,254,99917,100,101012,100,99862,100,,,99789,100,,,99661,100,,,99660,100,,,99531,100,,,99512,100
2019-06-28 10:00:45.004442998,100545,258,100248,358,100574,100,100037,254,100627,254,100034,254,100889,254,99917,100,101012,100,99862,100,,,99789,100,,,99661,100,,,99660,100,,,99531,100,,,99512,100
2019-06-28 10:00:50.000000000,100545,333,100248,433,100574,333,100037,333,100627,100,100034,100,100889,100,99917,100,101012,100,99862,100,,,99789,100,,,99661,100,,,99660,100,,,99531,100,,,99512,100
2019-06-28 10:00:58.724101351,100545,333,100248,433,100574,333,100037,333,100627,100,100034,100,100683,100,99917,100,100889,100,99862,100,101012,100,99789,100,,,99661,100,,,99660,100,,,99531,100,,,99512,100
2019-06-28 10:01:00.000000000,100545,333,100248,433,100574,333,100037,333,100627,100,100034,100,100683,100,99917,100,100889,100,99862,100,101012,100,99789,100,,,99661,100,,,99660,100,,,99531,100,,,99512,100
2019-06-28 10:01:04.251735791,100545,333,100248,433,100574,333,100037,333,100597,100,99917,100,100627,100,99862,100,100683,100,99789,100,100889,100,99661,100,101012,100,99660,100,,,99531,100,,,99512,100,,,99441,100
2019-06-28 10:01:06.506536026,100545,333,100248,433,100573,100,100037,333,100574,333,99917,100,100597,100,99862,100,100627,100,99789,100,100683,100,99661,100,100889,100,99660,100,101012,100,99531,100,,,99512,100,,,99441,100
2019-06-28 10:01:10.000000000,100545,193,100248,293,100573,193,100037,193,100574,193,99917,193,100597,193,99862,193,100627,193,99789,193,100683,100,99661,100,100889,100,99660,100,101012,100,99531,100,,,99512,100,,,99441,100
2019-06-28 10:01:11.932518559,100545,193,100248,293,100573,193,100037,193,100574,193,99917,193,100597,193,99862,193,100627,193,99789,193,100683,100,99661,100,100685,100,99660,100,100889,100,99531,100,101012,100,99512,100,,,99441,100
2019-06-28 10:01:20.000000000,100545,193,100248,293,100573,193,100037,193,100574,193,99917,193,100597,193,99862,193,100627,193,99789,193,100683,100,99661,100,100685,100,99660,100,100889,100,99531,100,101012,100,99512,100,,,99441,100
2019-06-28 10:01:29.226359370,100545,93,100248,293,100573,193,100037,193,100574,193,99917,193,100597,193,99862,193,100627,193,99789,193,100683,100,99661,100,100685,100,99660,100,100889,100,99531,100,101012,100,99512,100,,,99441,100
2019-06-28 10:01:30.000000000,100573,193,100248,293,100574,193,100037,193,100597,193,99917,193,100627,193,99862,193,100683,193,99789,193,100685,100,99661,100,100889,100,99660,100,101012,100,99531,100,,,99512,100,,,99441,100
2019-06-28 10:01:40.000000000,100573,258,100248,358,100574,254,100037,254,100597,254,99917,254,100627,100,99862,100,100683,100,99789,100,100685,100,99661,100,100889,100,99660,100,101012,100,99531,100,,,99512,100,,,99441,100
2019-06-28 10:01:50.000000000,100573,216,100248,316,100574,216,100037,216,100597,216,99917,216,100627,216,99862,216,100683,100,99789,100,100685,100,99661,100,100889,100,99660,100,101012,100,99531,100,,,99512,100,,,99441,100
2019-06-28 10:01:54.272232231,100573,216,100248,316,100574,216,100037,216,100597,216,99917,216,100627,216,99862,216,100683,100,99789,100,100685,100,99661,100,100889,100,99660,100,100899,100,99531,100,101012,100,99512,100,,,99441,100
2019-06-28 10:01:58.175480029,100573,216,100315,100,100574,216,100248,316,100597,216,100037,216,100627,216,99917,216,100683,100,99862,216,100685,100,99789,100,100889,100,99661,100,100899,100,99660,100,101012,100,99531,100,,,99512,100
2019-06-28 10:02:00.000000000,100573,333,100315,333,100574,333,100248,433,100597,100,100037,100,100627,100,99917,100,100683,100,99862,100,100685,100,99789,100,100889,100,99661,100,100899,100,99660,100,101012,100,99531,100,,,99512,100
2019-06-28 10:02:10.000000000,100573,216,100315,216,100574,216,100248,316,100597,216,100037,216,100627,216,99917,216,100683,100,99862,100,100685,100,99789,100,100889,100,99661,100,100899,100,99660,100,101012,100,99531,100,,,99512,100
2019-06-28 10:02:16.218426187,100573,216,100315,216,100574,216,100248,316,100597,216,100037,216,100627,216,99917,216,100683,100,99862,100,100685,100,99789,100,100889,100,99661,100,100899,100,99660,100,100931,100,99531,100,101012,100,99512,100
2019-06-28 10:02:20.000000000,100573,333,100315,333,100574,333,100248,433,100597,100,100037,100,100627,100,99917,100,100683,100,99862,100,100685,100,99789,100,100889,100,99661,100,100899,100,99660,100,100931,100,99531,100,101012,100,99512,100
2019-06-28 10:02:30.000000000,100573,566,100315,566,100574,100,100248,200,100597,100,100037,100,100627,100,99917,100,100683,100,99862,100,100685,100,99789,100,100889,100,99661,100,100899,100,99660,100,100931,100,99531,100,101012,100,99512,100
2019-06-28 10:02:40.000000000,100573,193,100315,193,100574,193,100248,293,100597,193,100037,193,100627,193,99917,193,100683,193,99862,193,100685,100,99789,100,100889,100,99661,100,100899,100,99660,100,100931,100,99531,100,101012,100,99512,100
2019-06-28 10:02:50.000000000,100573,193,100315,193,100574,193,100248,293,100597,193,100037,193,100627,193,99917,193,100683,193,99862,193,100685,100,99789,100,100889,100,99661,100,100899,100,99660,100,100931,100,99531,100,101012,100,99512,100
2019-06-28 10:02:58.348334605,100573,93,100315,193,100574,193,100248,293,100597,193,100037,193,100627,193,99917,193,100683,193,99862,193,100685,100,99789,100,100889,100,99661,100,100899,100,99660,100,100931,100,99531,100,101012,100,99512,100
2019-06-28 10:03:00.000000000,100574,566,100315,566,100597,100,100248,200,100627,100,100037,100,100683,100,99917,100,100685,100,99862,100,100889,100,99789,100,100899,100,99661,100,100931,100,99660,100,101012,100,99531,100,,,99512,100
2019-06-28 10:03:10.000000000,100574,193,100315,193,100597,193,100248,293,100627,193,100037,193,100683,193,99917,193,100685,193,99862,193,100889,100,99789,100,100899,100,99661,100,100931,100,99660,100,101012,100,99531,100,,,99512,100
2019-06-28 10:03:15.225050881,100574,193,100545,100,100597,193,100315,193,100627,193,100248,293,100683,193,100037,193,100685,193,99917,193,100889,100,99862,193,100899,100,99789,100,100931,100,99661,100,101012,100,99660,100,,,99531,100
2019-06-28 10:03:16.626366671,100574,193,100545,100,100597,193,100315,193,100627,193,100248,293,100683,193,100037,193,100685,193,99917,193,100889,100,99862,193,100899,100,99661,100,100931,100,99660,100,101012,100,99531,100,101038,100,99512,100
2019-06-28 10:03:20.000000000,100574,258,100545,258,100597,254,100315,254,100627,254,100248,354,100683,100,100037,100,100685,100,99917,100,100889,100,99862,100,100899,100,99661,100,100931,100,99660,100,101012,100,99531,100,101038,100,99512,100
2019-06-28 10:03:30.000000000,100574,193,100545,193,100597,193,100315,193,100627,193,100248,293,100683,193,100037,193,100685,193,99917,193,100889,100,99862,100,100899,100,99661,100,100931,100,99660,100,101012,100,99531,100,101038,100,99512,100
2019-06-28 10:03:33.886871377,100574,193,100545,193,100597,193,100315,193,100627,193,100248,293,100683,193,100037,193,100685,193,99917,193,100889,100,99862,100,100899,100,99661,100,100931,100,99660,100,101012,100,99531,100,101038,100,99512,100
2019-06-28 10:03:40.000000000,100574,258,100545,258,100597,254,100315,254,100627,254,100248,354,100683,100,100037,100,100685,100,99917,100,100889,100,99862,100,100899,100,99661,100,100931,100,99660,100,101012,100,99531,100,101038,100,99512,100
2019-06-28 10:03:50.000000000,100574,566,100545,566,100597,100,100315,100,100627,100,100248,200,100683,100,100037,100,100685,100,99917,100,100889,100,99862,100,100899,100,99661,100,100931,100,99660,100,101012,100,99531,100,101038,100,99512,100
2019-06-28 10:03:52.820219630,100574,466,100545,566,100597,100,100315,100,100627,100,100248,200,100683,100,100037,100,100685,100,99917,100,100889,100,99862,100,100899,100,99661,100,100931,100,99660,100,101012,100,99531,100,101038,100,99512,100
2019-06-28 10:04:00.000000000,100597,193,100545,193,100627,193,100315,193,100683,193,100248,293,100685,193,100037,193,100889,193,99917,193,100899,100,99862,100,100931,100,99661,100,101012,100,99660,100,101038,100,99531,100,101135,100,99512,100
2019-06-28 10:04:02.316198881,100597,193,100545,193,100627,193,100315,193,100683,193,100248,293,100685,193,100037,193,100889,193,99917,193,100899,100,99862,100,100931,100,99661,100,101012,100,99660,100,101038,100,99531,100,101135,100,99512,100
2019-06-28 10:04:02.725341167,100597,193,100545,193,100627,193,100315,193,100683,193,100248,293,100685,193,100037,193,100889,193,99917,193,100899,100,99862,100,101012,100,99661,100,101038,100,99660,100,101078,100,99531,100,101135,100,99512,100
2019-06-28 10:04:04.825398965,100597,193,100545,193,100627,193,100315,193,100683,193,100248,293,100685,193,100037,193,100873,100,99917,193,100889,193,99862,100,100899,100,99661,100,101012,100,99660,100,101038,100,99531,100,101078,100,99512,100
2019-06-28 10:04:10.000000000,100597,566,100545,566,100627,100,100315,100,100683,100,100248,200,100685,100,100037,100,100873,100,99917,100,100889,100,99862,100,100899,100,99661,100,101012,100,99660,100,101038,100,99531,100,101078,100,99512,100
2019-06-28 10:04:20.000000000,100597,258,100545,258,100627,254,100315,254,100683,254,100248,354,100685,100,100037,100,100873,100,99917,100,100889,100,99862,100,100899,100,99661,100,101012,100,99660,100,101038,100,99531,100,101078,100,99512,100
2019-06-28 10:04:30.000000000,100597,333,100545,333,100627,333,100315,333,100683,100,100248,200,100685,100,100037,100,100873,100,99917,100,100889,100,99862,100,100899,100,99661,100,101012,100,99660,100,101038,100,99531,100,101078,100,99512,100
2019-06-28 10:04:35.451618551,100597,333,100545,333,100627,333,100315,333,100683,100,100248,200,100685,100,100037,100,100873,100,99917,100,100889,100,99862,100,100899,100,99661,100,101012,100,99660,100,101038,100,99531,100,101078,100,99512,100
2019-06-28 10:04:40.000000000,100597,193,100545,193,100627,193,100315,193,100683,193,100248,293,100685,193,100037,193,100873,193,99917,193,100889,100,99862,100,100899,100,99661,100,101012,100,99660,100,101038,100,99531,100,101078,100,99512,100
2019-06-28 10:04:44.417805362,100597,193,100573,100,100627,193,100545,193,100683,193,100315,193,100685,193,100248,293,100873,193,100037,193,100889,100,99917,193,100899,100,99862,100,101012,100,99661,100,101038,100,99660,100,101078,100,99531,100
2019-06-28 10:04:45.177544779,100597,193,100573,100,100627,193,100545,193,100683,193,100315,193,100685,193,100248,293,100873,193,100037,193,100889,100,99917,193,100899,100,99862,100,101012,100,99661,100,101038,100,99660,100,101078,100,99531,100
2019-06-28 10:04:50.000000000,100597,193,100573,193,100627,193,100545,193,100683,193,100315,193,100685,193,100248,293,100873,193,100037,193,100889,100,99917,100,100899,100,99862,100,101012,100,99661,100,101038,100,99660,100,101078,100,99531,100
2019-06-28 10:05:00.000000000,100597,333,100573,333,100627,333,100545,333,100683,100,100315,100,100685,100,100248,200,100873,100,100037,100,100889,100,99917,100,100899,100,99862,100,101012,100,99661,100,101038,100,99660,100,101078,100,99531,100
2019-06-28 10:05:02.759262363,100597,333,100573,333,100627,333,100545,333,100683,100,100315,100,100685,100,100248,200,100873,100,100037,100,100889,100,99917,100,100899,100,99862,100,101012,100,99661,100,101038,100,99660,100,101135,100,99531,100
2019-06-28 10:05:05.739635412,100597,133,100573,333,100627,333,100545,333,100683,100,100315,100,100685,100,100248,200,100873,100,100037,100,100889,100,99917,100,100899,100,99862,100,101012,100,99661,100,101038,100,99660,100,101135,100,99531,100
2019-06-28 10:05:10.000000000,100627,193,100573,193,100683,193,100545,193,100685,193,100315,193,100873,193,100248,293,100889,193,100037,193,100899,100,99917,100,101012,100,99862,100,101038,100,99661,100,101135,100,99660,100,101161,100,99531,100
2019-06-28 10:05:20.000000000,100627,258,100573,258,100683,254,100545,254,100685,254,100315,254,100873,100,100248,200,100889,100,100037,100,100899,100,99917,100,101012,100,99862,100,101038,100,99661,100,101135,100,99660,100,101161,100,99531,100
2019-06-28 10:05:30.000000000,100627,566,100573,566,100683,100,100545,100,100685,100,100315,100,100873,100,100248,200,100889,100,100037,100,100899,100,99917,100,101012,100,99862,100,101038,100,99661,100,101135,100,99660,100,101161,100,99531,100
2019-06-28 10:05:40.000000000,100627,258,100573,258,100683,254,100545,254,100685,254,100315,254,100873,100,100248,200,100889,100,100037,100,100899,100,99917,100,101012,100,99862,100,101038,100,99661,100,101135,100,99660,100,101161,100,99531,100
2019-06-28 10:05:45.845971666,100627,258,100574,100,100683,254,100573,258,100685,254,100545,254,100873,100,100315,254,100889,100,100248,200,100899,100,100037,100,101012,100,99917,100,101038,100,99862,100,101135,100,99661,100,101161,100,99660,100
2019-06-28 10:05:50.000000000,100627,333,100574,333,100683,333,100573,333,100685,100,100545,100,100873,100,100315,100,100889,100,100248,200,100899,100,100037,100,101012,100,99917,100,101038,100,99862,100,101135,100,99661,100,101161,100,99660,100
2019-06-28 10:06:00.000000000,100627,258,100574,258,100683,254,100573,254,100685,254,100545,254,100873,100,100315,100,100889,100,100248,200,100899,100,100037,100,101012,100,99917,100,101038,100,99862,100,101135,100,99661,100,101161,100,99660,100
2019-06-28 10:06:10.000000000,100627,333,100574,333,100683,333,100573,333,100685,100,100545,100,100873,100,100315,100,100889,100,100248,200,100899,100,100037,100,101012,100,99917,100,101038,100,99862,100,101135,100,99661,100,101161,100,99660,100
2019-06-28 10:06:17.895457516,100627,333,100574,233,100683,333,100573,333,100685,100,100545,100,100873,100,100315,100,100889,100,100248,200,100899,100,100037,100,101012,100,99917,100,101038,100,99862,100,101135,100,99661,100,101161,100,99660,100
2019-06-28 10:06:20.000000000,100627,258,100573,258,100683,254,100545,254,100685,254,100315,254,100873,100,100248,200,100889,100,100037,100,100899,100,99917,100,101012,100,99862,100,101038,100,99661,100,101135,100,99660,100,101161,100,99531,100
2019-06-28 10:06:24.465459534,100596,100,100573,158,100627,258,100545,254,100683,254,100315,254,100685,254,100248,200,100873,100,100037,100,100889,100,99917,100,100899,100,99862,100,101012,100,99661,100,101038,100,99660,100,101135,100,99531,100
2019-06-28 10:06:28.115277897,100596,200,100573,158,100627,258,100545,254,100683,254,100315,254,100685,254,100248,200,100873,100,100037,100,100889,100,99917,100,100899,100,99862,100,101012,100,99661,100,101038,100,99660,100,101135,100,99531,100
2019-06-28 10:06:30.000000000,100596,316,100545,216,100627,216,100315,216,100683,216,100248,316,100685,216,100037,216,100873,100,99917,100,100889,100,99862,100,100899,100,99661,100,101012,100,99660,100,101038,100,99531,100,101135,100,99512,100
2019-06-28 10:06:40.000000000,100596,316,100545,216,100627,216,100315,216,100683,216,100248,316,100685,216,100037,216,100873,100,99917,100,100889,100,99862,100,100899,100,99661,100,101012,100,99660,100,101038,100,99531,100,101135,100,99512,100
2019-06-28 10:06:44.110752733,100596,416,100545,216,100627,216,100315,216,100683,216,100248,316,100685,216,100037,216,100873,100,99917,100,100889,100,99862,100,100899,100,99661,100,101012,100,99660,100,101038,100,99531,100,101135,100,99512,100
2019-06-28 10:06:50.000000000,100596,416,100545,216,100627,216,100315,216,100683,216,100248,316,100685,216,100037,216,100873,100,99917,100,100889,100,99862,100,100899,100,99661,100,101012,100,99660,100,101038,100,99531,100,101135,100,99512,100
2019-06-28 10:07:00.000000000,100596,393,100545,193,100627,193,100315,193,100683,193,100248,293,100685,193,100037,193,100873,193,99917,193,100889,100,99862,100,100899,100,99661,100,101012,100,99660,100,101038,100,99531,100,101135,100,99512,100
2019-06-28 10:07:10.000000000,100596,393,100545,193,100627,193,100315,193,100683,193,100248,293,100685,193,100037,193,100873,193,99917,193,100889,100,99862,100,100899,100,99661,100,101012,100,99660,100,101038,100,99531,100,101135,100,99512,100
2019-06-28 10:07:15.925694325,100596,293,100545,193,100627,193,100315,193,100683,193,100248,293,100685,193,100037,193,100873,193,99917,193,100889,100,99862,100,100899,100,99661,100,101012,100,99660,100,101038,100,99531,100,101135,100,99512,100
2019-06-28 10:07:19.021689810,100596,293,100545,193,100627,193,100315,193,100683,193,100248,293,100685,193,100037,193,100873,193,99917,193,100889,100,99862,100,100899,100,99661,100,100915,100,99660,100,101012,100,99531,100,101038,100,99512,100
2019-06-28 10:07:20.000000000,100596,433,100545,333,100627,333,100315,333,100683,100,100248,200,100685,100,100037,100,100873,100,99917,100,100889,100,99862,100,100899,100,99661,100,100915,100,99660,100,101012,100,99531,100,101038,100,99512,100
2019-06-28 10:07:30.000000000,100596,666,100545,566,100627,100,100315,100,100683,100,100248,200,100685,100,100037,100,100873,100,99917,100,100889,100,99862,100,100899,100,99661,100,100915,100,99660,100,101012,100,99531,100,101038,100,99512,100
2019-06-28 10:07:40.000000000,100596,666,100545,566,100627,100,100315,100,100683,100,100248,200,100685,100,100037,100,100873,100,99917,100,100889,100,99862,100,100899,100,99661,100,100915,100,99660,100,101012,100,99531,100,101038,100,99512,100
2019-06-28 10:07:50.000000000,100596,293,100545,193,100627,193,100315,193,100683,193,100248,293,100685,193,100037,193,100873,193,99917,193,100889,100,99862,100,100899,100,99661,100,100915,100,99660,100,101012,100,99531,100,101038,100,99512,100
2019-06-28 10:08:00.000000000,100596,433,100545,333,100627,333,100315,333,100683,100,100248,200,100685,100,100037,100,100873,100,99917,100,100889,100,99862,100,100899,100,99661,100,100915,100,99660,100,101012,100,99531,100,101038,100,99512,100
2019-06-28 10:08:00.051774676,100596,433,100545,233,100627,333,100315,333,100683,100,100248,200,100685,100,100037,100,100873,100,99917,100,100889,100,99862,100,100899,100,99661,100,100915,100,99660,100,101012,100,99531,100,101038,100,99512,100
2019-06-28 10:08:10.000000000,100596,666,100315,566,100627,100,100248,200,100683,100,100037,100,100685,100,99917,100,100873,100,99862,100,100889,100,99661,100,100899,100,99660,100,100915,100,99531,100,101012,100,99512,100,101038,100,99441,100
2019-06-28 10:08:20.000000000,100596,358,100315,258,100627,254,100248,354,100683,254,100037,254,100685,100,99917,100,100873,100,99862,100,100889,100,99661,100,100899,100,99660,100,100915,100,99531,100,101012,100,99512,100,101038,100,99441,100
2019-06-28 10:08:28.664513350,100596,358,100315,158,100627,254,100248,354,100683,254,100037,254,100685,100,99917,100,100873,100,99862,100,100889,100,99661,100,100899,100,99660,100,100915,100,99531,100,101012,100,99512,100,101038,100,99441,100
2019-06-28 10:08:30.000000000,100596,666,100248,666,100627,100,100037,100,100683,100,99917,100,100685,100,99862,100,100873,100,99661,100,100889,100,99660,100,100899,100,99531,100,100915,100,99512,100,101012,100,99441,100,101038,100,,
2019-06-28 10:08:40.000000000,100596,358,100248,358,100627,254,100037,254,100683,254,99917,254,100685,100,99862,100,100873,100,99661,100,100889,100,99660,100,100899,100,99531,100,100915,100,99512,100,101012,100,99441,100,101038,100,,
2019-06-28 10:08:50.000000000,100596,293,100248,293,100627,193,100037,193,100683,193,99917,193,100685,193,99862,193,100873,193,99661,193,100889,100,99660,100,100899,100,99531,100,100915,100,99512,100,101012,100,99441,100,101038,100,,
2019-06-28 10:08:50.350628685,100596,293,100248,293,100627,193,100037,193,100683,193,99989,100,100685,193,99917,193,100873,193,99862,193,100889,100,99661,193,100899,100,99660,100,100915,100,99531,100,101012,100,99512,100,101038,100,99441,100
2019-06-28 10:09:00.000000000,100596,666,100248,666,100627,100,100037,100,100683,100,99989,100,100685,100,99917,100,100873,100,99862,100,100889,100,99661,100,100899,100,99660,100,100915,100,99531,100,101012,100,99512,100,101038,100,99441,100
2019-06-28 10:09:10.000000000,100596,358,100248,358,100627,254,100037,254,100683,254,99989,254,100685,100,99917,100,100873,100,99862,100,100889,100,99661,100,100899,100,99660,100,100915,100,99531,100,101012,100,99512,100,101038,100,99441,100
2019-06-28 10:09:15.144042501,100596,358,100248,358,100627,254,100037,254,100683,254,99989,254,100685,100,99917,100,100873,100,99862,100,100889,100,99661,100,100899,100,99660,100,100915,100,99628,100,101012,100,99531,100,101038,100,99512,100
2019-06-28 10:09:20.000000000,100596,358,100248,358,100627,254,100037,254,100683,254,99989,254,100685,100,99917,100,100873,100,99862,100,100889,100,99661,100,100899,100,99660,100,100915,100,99628,100,101012,100,99531,100,101038,100,99512,100
2019-06-28 10:09:22.080545136,100573,100,100248,358,100596,358,100037,254,100627,254,99989,254,100683,254,99917,100,100685,100,99862,100,100873,100,99661,100,100889,100,99660,100,100899,100,99628,100,100915,100,99531,100,101012,100,99512,100
2019-06-28 10:09:30.000000000,100573,566,100248,666,100596,200,100037,100,100627,100,99989,100,100683,100,99917,100,100685,100,99862,100,100873,100,99661,100,100889,100,99660,100,100899,100,99628,100,100915,100,99531,100,101012,100,99512,100
2019-06-28 10:09:40.000000000,100573,258,100248,358,100596,354,100037,254,100627,254,99989,254,100683,100,99917,100,100685,100,99862,100,100873,100,99661,100,100889,100,99660,100,100899,100,99628,100,100915,100,99531,100,101012,100,99512,100
