,ask_price_1,ask_size_1,bid_price_1,bid_size_1,ask_price_2,ask_size_2,bid_price_2,bid_size_2,ask_price_3,ask_size_3,bid_price_3,bid_size_3,ask_price_4,ask_size_4,bid_price_4,bid_size_4,ask_price_5,ask_size_5,bid_price_5,bid_size_5,ask_price_6,ask_size_6,bid_price_6,bid_size_6,ask_price_7,ask_size_7,bid_price_7,bid_size_7,ask_price_8,ask_size_8,bid_price_8,bid_size_8,ask_price_9,ask_size_9,bid_price_9,bid_size_9,ask_price_10,ask_size_10,bid_price_10,bid_size_10
2019-06-28 09:30:00.000000002,99951,100,,,,,,,,,,,,,,,,,,,,,,,,,,,,,,,,,,,,,,
2019-06-28 09:30:00.000000004,99951,100,99942,100,99980,100,,,,,,,,,,,,,,,,,,,,,,,,,,,,,,,,,,
2019-06-28 09:30:00.000000007,99951,100,99942,100,99980,100,99908,100,100033,100,,,,,,,,,,,,,,,,,,,,,,,,,,,,,,
2019-06-28 09:30:00.000000010,99951,100,99942,100,99980,100,99908,100,100033,100,,,100142,100,,,,,,,,,,,,,,,,,,,,,,,,,,
2019-06-28 09:30:00.000000011,99951,100,99943,100,99980,100,99942,100,100033,100,99926,100,100072,100,99908,100,100142,100,,,100146,100,,,,,,,,,,,,,,,,,,
2019-06-28 09:30:00.000000012,99951,100,99943,100,99980,100,99942,100,100027,100,99926,100,100033,100,99908,100,100072,100,,,100142,100,,,100146,100,,,,,,,,,,,,,,
2019-06-28 09:30:00.000000013,99951,100,99948,100,99980,100,99943,100,100027,100,99942,100,100033,100,99926,100,100072,100,99908,100,100142,100,,,100146,100,,,,,,,,,,,,,,
2019-06-28 09:30:00.000000014,99980,100,99948,100,100027,100,99943,100,100033,100,99942,100,100072,100,99926,100,100087,100,99908,100,100142,100,,,100146,100,,,,,,,,,,,,,,
2019-06-28 09:30:00.000000016,99980,100,99968,100,100027,100,99948,100,100033,100,99943,100,100072,100,99942,100,100087,100,99926,100,100142,100,99908,100,100146,100,,,,,,,,,,,,,,
2019-06-28 09:30:00.000000018,99980,100,99968,100,100027,100,99948,100,100033,100,99943,100,100041,100,99942,100,100072,100,99926,100,100087,100,99908,100,100142,100,,,100146,100,,,,,,,,,,
2019-06-28 09:30:00.000000020,99980,100,99968,100,99985,100,99948,100,100027,100,99943,100,100033,100,99942,100,100041,100,99926,100,100072,100,99908,100,100087,100,,,100142,100,,,100146,100,,,,,,
2019-06-28 09:30:00.000000021,99980,100,99968,100,99985,100,99948,100,100027,100,99943,100,100033,100,99942,100,100041,100,99926,100,100072,100,99908,100,100087,100,,,100113,100,,,100142,100,,,100146,100,,
2019-06-28 09:30:00.000000022,99980,100,99968,100,99985,100,99948,100,100027,100,99943,100,100033,100,99942,100,100041,100,99926,100,100072,100,99922,100,100087,100,99908,100,100113,100,,,100142,100,,,100146,100,,
2019-06-28 09:30:00.000000023,99980,100,99968,100,99985,100,99948,100,100027,100,99943,100,100033,100,99942,100,100041,100,99926,100,100070,100,99922,100,100072,100,99908,100,100087,100,,,100113,100,,,100142,100,,
2019-06-28 09:30:00.000000027,99980,100,99968,100,99985,100,99948,100,100013,100,99943,100,100027,100,99942,100,100033,100,99926,100,100041,100,99922,100,100070,100,99908,100,100072,100,,,100087,100,,,100113,100,,
2019-06-28 09:30:00.000000029,99985,100,99968,100,100013,100,99948,100,100027,100,99943,100,100033,100,99942,100,100041,100,99926,100,100070,100,99922,100,100072,100,99908,100,100087,100,,,100113,100,,,100142,100,,
2019-06-28 09:30:00.000000031,99985,100,99968,100,100013,100,99948,100,100027,100,99943,100,100033,100,99942,100,100041,100,99926,100,100070,100,99922,100,100072,100,99908,100,100087,100,,,100113,100,,,100141,100,,
2019-06-28 09:30:00.000000032,99985,100,99968,100,100013,100,99948,100,100027,100,99943,100,100033,100,99942,100,100041,100,99926,100,100070,100,99922,100,100072,100,99908,100,100087,100,99901,100,100113,100,,,100141,100,,
2019-06-28 09:30:00.000000036,100013,100,99968,100,100027,100,99948,100,100033,100,99943,100,100041,100,99942,100,100070,100,99926,100,100072,100,99922,100,100087,100,99908,100,100113,100,99901,100,100141,100,,,100142,100,,
2019-06-28 09:30:00.000000041,100013,100,99968,100,100027,100,99948,100,100033,100,99943,200,100041,100,99942,100,100070,100,99926,100,100072,100,99922,100,100087,100,99908,100,100113,100,99901,100,100141,100,,,100142,100,,
2019-06-28 09:30:00.000000047,100013,100,99968,100,100027,100,99952,100,100033,100,99948,100,100041,100,99943,200,100070,100,99942,100,100072,100,99926,100,100087,100,99922,100,100112,100,99908,100,100113,100,99901,100,100141,100,,
2019-06-28 09:30:00.000000050,100013,100,99968,100,100027,100,99952,100,100033,100,99948,100,100041,100,99943,200,100070,100,99942,100,100072,100,99926,100,100087,100,99922,100,100112,100,99908,100,100113,100,99901,100,100141,100,99837,100
2019-06-28 09:30:00.000000051,100013,100,99952,100,100027,100,99948,100,100033,100,99943,200,100041,100,99942,100,100070,100,99926,100,100072,100,99922,100,100087,100,99908,100,100112,100,99901,100,100113,100,99837,100,100141,100,,
2019-06-28 09:30:00.000000052,100013,100,99952,100,100027,100,99948,100,100033,100,99943,200,100041,100,99942,100,100053,100,99926,100,100070,100,99922,100,100072,100,99908,100,100087,100,99901,100,100112,100,99837,100,100113,100,,
2019-06-28 09:30:00.000000053,100013,100,99968,100,100027,100,99952,100,100033,100,99948,100,100041,100,99943,200,100053,100,99942,100,100070,100,99926,100,100072,100,99922,100,100087,100,99918,100,100112,100,99908,100,100113,100,99901,100
2019-06-28 09:30:00.000000055,100013,100,99968,100,100027,100,99952,100,100033,100,99948,100,100041,100,99943,200,100053,100,99942,100,100070,100,99926,100,100072,100,99922,100,100087,100,99918,100,100112,100,99908,100,100113,100,99901,100
2019-06-28 09:30:00.000000057,100013,100,99968,100,100027,100,99952,100,100033,100,99948,100,100041,100,99943,200,100053,100,99942,100,100070,100,99926,100,100072,100,99922,100,100087,100,99918,100,100112,100,99908,100,100113,100,99901,100
2019-06-28 09:30:00.000000058,100013,100,99968,100,100027,100,99952,100,100033,100,99948,100,100037,100,99943,200,100041,100,99942,100,100053,100,99926,100,100070,100,99922,100,100072,100,99918,100,100087,100,99908,100,100112,100,99901,100
2019-06-28 09:30:00.000000059,100013,100,99968,100,100027,100,99952,100,100033,100,99948,100,100037,100,99943,200,100041,100,99942,100,100053,100,99926,100,100070,100,99922,100,100072,100,99918,100,100087,100,99908,100,100089,100,99901,100
2019-06-28 09:30:00.000000060,100013,200,99968,100,100027,100,99952,100,100033,100,99948,100,100037,100,99943,200,100041,100,99942,100,100053,100,99926,100,100070,100,99922,100,100072,100,99918,100,100087,100,99908,100,100089,100,99901,100
2019-06-28 09:30:00.000000068,100013,200,100004,100,100027,100,99968,100,100033,100,99952,100,100037,100,99948,100,100041,100,99943,200,100053,100,99942,100,100070,100,99926,100,100072,100,99922,100,100087,100,99918,100,100089,100,99908,100
2019-06-28 09:30:00.000000069,100013,200,100004,100,100027,100,99968,100,100033,100,99952,100,100037,100,99948,100,100041,100,99943,200,100053,100,99942,100,100070,100,99926,100,100072,100,99922,100,100087,100,99918,100,100089,100,99908,100
2019-06-28 09:30:00.000000070,100013,300,100004,100,100027,100,99968,100,100033,100,99952,100,100037,100,99948,100,100041,100,99943,200,100053,100,99942,100,100070,100,99926,100,100072,100,99922,100,100087,100,99918,100,100089,100,99908,100
2019-06-28 09:30:00.000000072,100013,300,100004,100,100027,100,99968,100,100033,100,99952,100,100037,100,99948,100,100041,100,99943,200,100053,100,99942,100,100066,100,99926,100,100070,100,99922,100,100072,100,99918,100,100087,100,99908,100
2019-06-28 09:30:00.000000073,100013,300,100004,100,100027,100,99968,100,100033,100,99952,100,100037,100,99948,100,100041,100,99943,200,100053,100,99942,100,100066,100,99926,100,100070,100,99922,100,100072,100,99918,100,100087,200,99908,100
2019-06-28 09:30:00.000000075,100013,300,99968,100,100027,100,99952,100,100033,100,99948,100,100037,100,99943,200,100041,100,99942,100,100053,100,99926,100,100066,100,99922,100,100070,100,99920,100,100072,100,99918,100,100087,200,99908,100
2019-06-28 09:30:00.000000076,100013,300,99968,100,100027,100,99952,100,100033,100,99948,100,100037,100,99943,200,100041,100,99942,100,100053,100,99926,100,100066,100,99922,100,100070,100,99920,100,100072,100,99918,100,100087,200,99908,100
2019-06-28 09:30:00.000000077,100013,300,99968,100,100027,100,99952,100,100033,100,99948,100,100037,100,99943,200,100041,100,99942,100,100053,100,99926,100,100063,100,99922,100,100066,100,99920,100,100070,100,99918,100,100072,100,99908,100
2019-06-28 09:30:00.000000079,100012,100,99968,100,100013,300,99952,100,100027,100,99948,100,100033,100,99943,200,100037,100,99942,100,100041,100,99926,100,100053,100,99922,100,100063,100,99920,100,100066,100,99918,100,100070,100,99908,100
2019-06-28 09:30:00.000000080,100012,100,99968,100,100013,300,99952,100,100027,100,99948,100,100033,100,99943,200,100037,100,99942,100,100041,100,99926,100,100053,100,99922,100,100057,100,99920,100,100063,100,99918,100,100066,100,99908,100
2019-06-28 09:30:00.000000081,100013,300,99968,100,100027,100,99952,100,100033,100,99948,100,100037,200,99943,200,100041,100,99942,100,100053,100,99926,100,100057,100,99922,100,100063,100,99920,100,100066,100,99918,100,100070,100,99908,100
2019-06-28 09:30:00.000000082,100013,300,99968,100,100027,100,99957,100,100033,100,99952,100,100037,200,99948,100,100041,100,99943,200,100053,100,99942,100,100057,100,99926,100,100063,100,99922,100,100066,100,99920,100,100070,100,99918,100
2019-06-28 09:30:00.000000083,100003,100,99968,100,100013,300,99957,100,100027,100,99952,100,100033,100,99948,100,100037,200,99943,200,100041,100,99942,100,100053,100,99926,100,100057,100,99922,100,100063,100,99920,100,100066,100,99918,100
2019-06-28 09:30:00.000000084,100003,100,99968,100,100013,300,99957,100,100027,100,99952,100,100033,100,99948,100,100037,200,99943,200,100041,100,99942,100,100053,100,99926,100,100057,100,99922,100,100063,100,99920,100,100066,100,99918,100
2019-06-28 09:30:00.000000086,100003,100,99968,100,100013,300,99957,100,100027,100,99952,100,100033,100,99948,100,100037,200,99943,200,100041,100,99942,100,100053,100,99926,100,100057,100,99922,100,100063,100,99920,100,100066,100,99918,100
2019-06-28 09:30:00.000000087,100003,100,99957,100,100013,300,99952,100,100027,100,99948,100,100033,100,99943,200,100037,200,99942,100,100041,100,99926,100,100053,100,99922,100,100057,100,99920,100,100063,100,99918,100,100066,100,99908,100
2019-06-28 09:30:00.000000088,100003,100,99957,100,100013,300,99954,100,100027,100,99952,100,100033,100,99948,100,100037,200,99943,200,100041,100,99942,100,100053,100,99926,100,100057,100,99922,100,100063,100,99920,100,100066,100,99918,100
2019-06-28 09:30:00.000000092,100003,100,99968,100,100013,300,99957,100,100027,100,99954,100,100033,100,99952,100,100037,200,99948,100,100041,100,99943,200,100053,100,99942,100,100057,100,99926,100,100063,100,99922,100,100066,100,99920,100
2019-06-28 09:30:00.000000093,100003,100,99968,100,100013,300,99957,100,100025,100,99954,100,100027,100,99952,100,100033,100,99948,100,100037,200,99943,200,100041,100,99942,100,100053,100,99926,100,100057,100,99922,100,100063,100,99920,100
2019-06-28 09:30:00.000000094,100003,100,99968,100,100013,300,99957,100,100025,100,99954,100,100027,100,99952,100,100033,100,99948,100,100037,200,99943,200,100041,100,99942,100,100053,100,99926,100,100057,100,99922,100,100063,100,99920,100
2019-06-28 09:30:00.000000095,100013,300,99969,100,100025,100,99968,100,100027,100,99957,100,100033,100,99954,100,100037,200,99952,100,100041,100,99948,100,100053,100,99943,200,100057,100,99942,100,100063,100,99926,100,100066,100,99922,100
2019-06-28 09:30:10.000000000,100013,402,99969,202,100025,202,99968,202,100027,202,99957,202,100033,202,99954,202,100037,200,99952,100,100041,100,99948,100,100053,100,99943,200,100057,100,99942,100,100063,100,99926,100,100066,100,99922,100
2019-06-28 09:30:20.000000000,100013,402,99969,202,100025,202,99968,202,100027,202,99957,202,100033,202,99954,202,100037,200,99952,100,100041,100,99948,100,100053,100,99943,200,100057,100,99942,100,100063,100,99926,100,100066,100,99922,100
2019-06-28 09:30:30.000000000,100013,402,99969,202,100025,202,99968,202,100027,202,99957,202,100033,202,99954,202,100037,200,99952,100,100041,100,99948,100,100053,100,99943,200,100057,100,99942,100,100063,100,99926,100,100066,100,99922,100
2019-06-28 09:30:40.000000000,100013,503,99969,303,100025,303,99968,303,100027,100,99957,100,100033,100,99954,100,100037,200,99952,100,100041,100,99948,100,100053,100,99943,200,100057,100,99942,100,100063,100,99926,100,100066,100,99922,100
2019-06-28 09:30:48.850308926,100013,503,99969,303,100025,303,99968,303,100027,100,99957,100,100033,100,99954,100,100037,200,99952,100,100041,100,99948,100,100053,100,99943,200,100057,100,99942,100,100063,100,99926,100,100066,100,99922,100
2019-06-28 09:30:50.000000000,100013,402,99969,202,100025,202,99968,202,100027,202,99957,202,100033,202,99954,202,100037,200,99952,100,100041,100,99948,100,100053,100,99943,200,100057,100,99942,100,100063,100,99926,100,100066,100,99922,100
2019-06-28 09:31:00.000000000,100013,503,99969,303,100025,303,99968,303,100027,100,99957,100,100033,100,99954,100,100037,200,99952,100,100041,100,99948,100,100053,100,99943,200,100057,100,99942,100,100063,100,99926,100,100066,100,99922,100
2019-06-28 09:31:08.620577225,100013,503,99969,203,100025,303,99968,303,100027,100,99957,100,100033,100,99954,100,100037,200,99952,100,100041,100,99948,100,100053,100,99943,200,100057,100,99942,100,100063,100,99926,100,100066,100,99922,100
2019-06-28 09:31:09.448630213,99985,100,99969,203,100013,503,99968,303,100025,303,99957,100,100027,100,99954,100,100033,100,99952,100,100037,200,99948,100,100041,100,99943,200,100053,100,99942,100,100057,100,99926,100,100063,100,99922,100
2019-06-28 09:31:10.000000000,99985,202,99968,202,100013,402,99957,202,100025,202,99954,202,100027,202,99952,202,100033,100,99948,100,100037,200,99943,200,100041,100,99942,100,100053,100,99926,100,100057,100,99922,100,100063,100,99920,100
2019-06-28 09:31:20.000000000,99985,303,99968,303,100013,503,99957,303,100025,100,99954,100,100027,100,99952,100,100033,100,99948,100,100037,200,99943,200,100041,100,99942,100,100053,100,99926,100,100057,100,99922,100,100063,100,99920,100
2019-06-28 09:31:28.539534040,99985,303,99968,303,100013,503,99957,303,100025,100,99954,100,100027,100,99952,100,100033,100,99948,100,100037,200,99943,200,100041,100,99942,100,100053,100,99926,100,100057,100,99922,100,100063,100,99920,100
2019-06-28 09:31:30.000000000,99985,303,99968,303,100013,503,99957,303,100025,100,99954,100,100027,100,99952,100,100033,100,99948,100,100037,200,99943,200,100041,100,99942,100,100053,100,99926,100,100057,100,99922,100,100063,100,99920,100
2019-06-28 09:31:39.706488615,99985,303,99968,203,100013,503,99957,303,100025,100,99954,100,100027,100,99952,100,100033,100,99948,100,100037,200,99943,200,100041,100,99942,100,100053,100,99926,100,100057,100,99922,100,100063,100,99920,100
2019-06-28 09:31:40.000000000,99985,202,99957,202,100013,402,99954,202,100025,202,99952,202,100027,202,99948,202,100033,100,99943,200,100037,200,99942,100,100041,100,99926,100,100053,100,99922,100,100057,100,99920,100,100063,100,99918,100
2019-06-28 09:31:47.578275230,99978,100,99957,202,99985,202,99954,202,100013,402,99952,202,100025,202,99948,102,100027,202,99943,200,100033,100,99942,100,100037,200,99926,100,100041,100,99922,100,100053,100,99920,100,100057,100,99918,100
2019-06-28 09:31:48.583070855,99978,100,99957,202,99985,202,99954,202,100013,402,99952,202,100025,202,99948,102,100027,202,99943,200,100033,100,99942,100,100037,200,99926,100,100041,100,99922,100,100053,100,99920,100,100057,100,99918,100
2019-06-28 09:31:50.000000000,99978,181,99957,181,99985,181,99954,181,100013,381,99952,181,100025,181,99943,281,100027,181,99942,181,100033,100,99926,100,100037,200,99922,100,100041,100,99920,100,100053,100,99918,100,100057,100,99908,100
2019-06-28 09:32:00.000000000,99978,202,99957,202,99985,202,99954,202,100013,402,99952,202,100025,202,99943,302,100027,100,99942,100,100033,100,99926,100,100037,200,99922,100,100041,100,99920,100,100053,100,99918,100,100057,100,99908,100
2019-06-28 09:32:10.000000000,99978,506,99957,506,99985,100,99954,100,100013,300,99952,100,100025,100,99943,200,100027,100,99942,100,100033,100,99926,100,100037,200,99922,100,100041,100,99920,100,100053,100,99918,100,100057,100,99908,100
2019-06-28 09:32:20.000000000,99978,238,99957,238,99985,234,99954,234,100013,434,99952,234,100025,100,99943,200,100027,100,99942,100,100033,100,99926,100,100037,200,99922,100,100041,100,99920,100,100053,100,99918,100,100057,100,99908,100
2019-06-28 09:32:30.000000000,99978,303,99957,303,99985,303,99954,303,100013,300,99952,100,100025,100,99943,200,100027,100,99942,100,100033,100,99926,100,100037,200,99922,100,100041,100,99920,100,100053,100,99918,100,100057,100,99908,100
2019-06-28 09:32:40.000000000,99978,202,99957,202,99985,202,99954,202,100013,402,99952,202,100025,202,99943,302,100027,100,99942,100,100033,100,99926,100,100037,200,99922,100,100041,100,99920,100,100053,100,99918,100,100057,100,99908,100
2019-06-28 09:32:48.378642161,99978,102,99957,202,99985,202,99954,202,100013,402,99952,202,100025,202,99943,302,100027,100,99942,100,100033,100,99926,100,100037,100,99922,100,100041,100,99920,100,100053,100,99918,100,100057,100,99908,100
2019-06-28 09:32:50.000000000,99985,202,99957,202,100013,402,99954,202,100025,202,99952,202,100027,202,99943,302,100033,100,99942,100,100037,100,99926,100,100041,100,99922,100,100053,100,99920,100,100057,100,99918,100,100063,100,99908,100
2019-06-28 09:33:00.000000000,99985,506,99957,506,100013,300,99954,100,100025,100,99952,100,100027,100,99943,200,100033,100,99942,100,100037,100,99926,100,100041,100,99922,100,100053,100,99920,100,100057,100,99918,100,100063,100,99908,100
2019-06-28 09:33:08.322284640,99985,506,99957,506,100013,300,99954,100,100025,100,99952,100,100027,100,99943,200,100033,100,99942,100,100037,100,99926,100,100041,100,99922,100,100053,100,99920,100,100057,100,99918,100,100063,100,99908,100
2019-06-28 09:33:10.000000000,99985,303,99957,303,100013,503,99954,303,100025,100,99952,100,100027,100,99943,200,100033,100,99942,100,100037,100,99926,100,100041,100,99922,100,100053,100,99920,100,100057,100,99918,100,100063,100,99908,100
2019-06-28 09:33:10.533196562,99985,303,99957,303,100013,503,99954,303,100025,100,99952,100,100027,100,99943,200,100033,100,99942,100,100037,100,99926,100,100041,100,99922,100,100053,100,99920,100,100057,100,99918,100,100063,100,99908,100
2019-06-28 09:33:20.000000000,99985,303,99957,303,100013,503,99954,303,100025,100,99952,100,100027,100,99943,200,100033,100,99942,100,100037,100,99926,100,100041,100,99922,100,100053,100,99920,100,100057,100,99918,100,100063,100,99908,100
2019-06-28 09:33:30.000000000,99985,202,99957,202,100013,402,99954,202,100025,202,99952,202,100027,202,99943,302,100033,100,99942,100,100037,100,99926,100,100041,100,99922,100,100053,100,99920,100,100057,100,99918,100,100063,100,99908,100
2019-06-28 09:33:40.000000000,99985,181,99957,181,100013,381,99954,181,100025,181,99952,181,100027,181,99943,281,100033,181,99942,181,100037,100,99926,100,100041,100,99922,100,100053,100,99920,100,100057,100,99918,100,100063,100,99908,100
2019-06-28 09:33:44.280704545,99985,81,99957,181,100013,381,99954,181,100025,181,99952,181,100027,181,99943,281,100033,181,99942,181,100037,100,99926,100,100041,100,99922,100,100053,100,99920,100,100057,100,99918,100,100063,100,99908,100
2019-06-28 09:33:47.794817587,100013,381,99985,19,100025,181,99957,181,100027,181,99954,181,100033,181,99952,181,100037,100,99943,281,100041,100,99942,181,100053,100,99926,100,100057,100,99922,100,100063,100,99920,100,100066,100,99918,100
2019-06-28 09:33:50.000000000,100013,402,99985,121,100025,202,99957,202,100027,202,99954,202,100033,202,99952,202,100037,100,99943,200,100041,100,99942,100,100053,100,99926,100,100057,100,99922,100,100063,100,99920,100,100066,100,99918,100
2019-06-28 09:34:00.000000000,100013,503,99985,222,100025,303,99957,303,100027,100,99954,100,100033,100,99952,100,100037,100,99943,200,100041,100,99942,100,100053,100,99926,100,100057,100,99922,100,100063,100,99920,100,100066,100,99918,100
2019-06-28 09:34:01.802316535,100013,503,99985,322,100025,303,99957,303,100027,100,99954,100,100033,100,99952,100,100037,100,99943,200,100041,100,99942,100,100053,100,99926,100,100057,100,99922,100,100063,100,99920,100,100066,100,99918,100
2019-06-28 09:34:10.000000000,100013,503,99985,322,100025,303,99957,303,100027,100,99954,100,100033,100,99952,100,100037,100,99943,200,100041,100,99942,100,100053,100,99926,100,100057,100,99922,100,100063,100,99920,100,100066,100,99918,100
2019-06-28 09:34:20.000000000,100013,503,99985,322,100025,303,99957,303,100027,100,99954,100,100033,100,99952,100,100037,100,99943,200,100041,100,99942,100,100053,100,99926,100,100057,100,99922,100,100063,100,99920,100,100066,100,99918,100
2019-06-28 09:34:30.000000000,100013,706,99985,525,100025,100,99957,100,100027,100,99954,100,100033,100,99952,100,100037,100,99943,200,100041,100,99942,100,100053,100,99926,100,100057,100,99922,100,100063,100,99920,100,100066,100,99918,100
2019-06-28 09:34:40.000000000,100013,381,99985,200,100025,181,99957,181,100027,181,99954,181,100033,181,99952,181,100037,181,99943,281,100041,100,99942,100,100053,100,99926,100,100057,100,99922,100,100063,100,99920,100,100066,100,99918,100
2019-06-28 09:34:47.697766774,100013,381,99985,200,100025,181,99957,181,100027,181,99954,181,100033,181,99952,181,100037,181,99943,281,100041,100,99942,100,100053,100,99926,100,100057,100,99922,100,100063,100,99920,100,100066,100,99918,100
2019-06-28 09:34:50.000000000,100013,438,99985,257,100025,234,99957,234,100027,234,99954,234,100033,100,99952,100,100037,100,99943,200,100041,100,99942,100,100053,100,99926,100,100057,100,99922,100,100063,100,99920,100,100066,100,99918,100
2019-06-28 09:35:00.000000000,100013,402,99985,221,100025,202,99957,202,100027,202,99954,202,100033,202,99952,202,100037,100,99943,200,100041,100,99942,100,100053,100,99926,100,100057,100,99922,100,100063,100,99920,100,100066,100,99918,100
2019-06-28 09:35:10.000000000,100013,381,99985,200,100025,181,99957,181,100027,181,99954,181,100033,181,99952,181,100037,181,99943,281,100041,100,99942,100,100053,100,99926,100,100057,100,99922,100,100063,100,99920,100,100066,100,99918,100
2019-06-28 09:35:13.877395965,100013,381,99985,200,100017,100,99957,181,100025,181,99954,181,100027,181,99952,181,100033,181,99943,281,100037,181,99942,100,100041,100,99926,100,100053,100,99922,100,100057,100,99920,100,100063,100,99918,100
2019-06-28 09:35:20.000000000,100013,438,99985,257,100017,234,99957,234,100025,234,99954,234,100027,100,99952,100,100033,100,99943,200,100037,100,99942,100,100041,100,99926,100,100053,100,99922,100,100057,100,99920,100,100063,100,99918,100
2019-06-28 09:35:28.346424920,100013,438,99985,157,100017,234,99957,234,100025,234,99954,234,100027,100,99952,100,100033,100,99943,200,100037,100,99942,100,100041,100,99926,100,100053,100,99922,100,100057,100,99920,100,100063,100,99918,100
2019-06-28 09:35:30.000000000,100013,438,99985,157,100017,234,99957,234,100025,234,99954,234,100027,100,99952,100,100033,100,99943,200,100037,100,99942,100,100041,100,99926,100,100053,100,99922,100,100057,100,99920,100,100063,100,99918,100
2019-06-28 09:35:40.000000000,100013,503,99985,222,100017,303,99957,303,100025,100,99954,100,100027,100,99952,100,100033,100,99943,200,100037,100,99942,100,100041,100,99926,100,100053,100,99922,100,100057,100,99920,100,100063,100,99918,100
2019-06-28 09:35:41.392135785,100013,403,99985,122,100017,303,99957,303,100025,100,99954,100,100027,100,99952,100,100033,100,99943,200,100037,100,99942,100,100041,100,99926,100,100053,100,99922,100,100057,100,99920,100,100063,100,99918,100
2019-06-28 09:35:50.000000000,100013,606,99957,506,100017,100,99954,100,100025,100,99952,100,100027,100,99943,200,100033,100,99942,100,100037,100,99926,100,100041,100,99922,100,100053,100,99920,100,100057,100,99918,100,100063,100,99908,100
2019-06-28 09:36:00.000000000,100013,281,99957,181,100017,181,99954,181,100025,181,99952,181,100027,181,99943,281,100033,181,99942,181,100037,100,99926,100,100041,100,99922,100,100053,100,99920,100,100057,100,99918,100,100063,100,99908,100
2019-06-28 09:36:05.081939438,100013,281,99957,81,100017,181,99954,181,100025,181,99952,181,100027,181,99943,281,100033,181,99942,181,100037,100,99926,100,100041,100,99922,100,100053,100,99920,100,100057,100,99918,100,100063,100,99908,100
2019-06-28 09:36:05.182818377,99957,19,99954,181,100013,281,99952,181,100017,81,99943,281,100025,181,99942,181,100027,181,99926,100,100033,181,99922,100,100037,100,99920,100,100041,100,99918,100,100053,100,99908,100,100057,100,99901,100
2019-06-28 09:36:10.000000000,99957,121,99954,202,100013,302,99952,202,100025,202,99943,302,100027,202,99942,202,100033,100,99926,100,100037,100,99922,100,100041,100,99920,100,100053,100,99918,100,100057,100,99908,100,100063,100,99901,100
2019-06-28 09:36:10.230843381,99957,121,99954,202,100013,302,99952,202,100025,202,99943,302,100027,202,99942,202,100033,100,99926,100,100037,100,99922,100,100041,100,99920,100,100053,100,99918,100,100057,100,99908,100,100063,100,99901,100
2019-06-28 09:36:20.000000000,99957,425,99954,506,100013,200,99952,100,100025,100,99943,200,100027,100,99942,100,100033,100,99926,100,100037,100,99922,100,100041,100,99920,100,100053,100,99918,100,100057,100,99908,100,100063,100,99901,100
2019-06-28 09:36:28.110659309,99957,425,99954,406,100013,200,99952,100,100025,100,99943,200,100027,100,99942,100,100033,100,99926,100,100037,100,99922,100,100041,100,99920,100,100053,100,99918,100,100057,100,99908,100,100063,100,99901,100
2019-06-28 09:36:30.000000000,99957,121,99952,202,100013,302,99943,302,100025,202,99942,202,100027,202,99926,202,100033,100,99922,100,100037,100,99920,100,100041,100,99918,100,100053,100,99908,100,100057,100,99901,100,100063,100,99884,100
2019-06-28 09:36:30.548554405,99957,121,99952,102,100013,302,99943,302,100025,202,99942,202,100027,202,99926,202,100033,100,99922,100,100037,100,99920,100,100041,100,99918,100,100053,100,99908,100,100057,100,99901,100,100063,100,99884,100
2019-06-28 09:36:40.000000000,99957,100,99943,281,100013,281,99942,181,100025,181,99926,181,100027,181,99922,181,100033,181,99920,181,100037,100,99918,100,100041,100,99908,100,100053,100,99901,100,100057,100,99884,100,100063,100,99882,100
2019-06-28 09:36:41.883697028,99957,100,99943,281,100013,281,99942,81,100025,181,99926,181,100027,181,99922,181,100033,181,99920,181,100037,100,99918,100,100041,100,99908,100,100053,100,99901,100,100057,100,99884,100,100063,100,99882,100
2019-06-28 09:36:50.000000000,99957,222,99943,403,100013,403,99926,303,100025,100,99922,100,100027,100,99920,100,100033,100,99918,100,100037,100,99908,100,100041,100,99901,100,100053,100,99884,100,100057,100,99882,100,100063,100,99837,100
2019-06-28 09:37:00.000000000,99957,425,99943,606,100013,200,99926,100,100025,100,99922,100,100027,100,99920,100,100033,100,99918,100,100037,100,99908,100,100041,100,99901,100,100053,100,99884,100,100057,100,99882,100,100063,100,99837,100
2019-06-28 09:37:00.413964976,99957,425,99943,606,100013,200,99926,100,100025,100,99922,100,100027,100,99920,100,100033,100,99918,100,100037,100,99908,100,100041,100,99901,100,100053,100,99884,100,100057,100,99882,100,100063,100,99837,100
2019-06-28 09:37:10.000000000,99957,100,99943,281,100013,281,99926,181,100025,181,99922,181,100027,181,99920,181,100033,181,99918,181,100037,100,99908,100,100041,100,99901,100,100053,100,99884,100,100057,100,99882,100,100063,100,99837,100
2019-06-28 09:37:12.448295816,99957,100,99943,181,100013,281,99926,181,100025,181,99922,181,100027,181,99920,181,100033,181,99918,181,100037,100,99908,100,100041,100,99901,100,100053,100,99884,100,100057,100,99882,100,100066,100,99837,100
2019-06-28 09:37:20.000000000,99957,100,99943,181,100013,281,99926,181,100025,181,99922,181,100027,181,99920,181,100033,181,99918,181,100037,100,99908,100,100041,100,99901,100,100053,100,99884,100,100057,100,99882,100,100066,100,99837,100
2019-06-28 09:37:30.000000000,99957,425,99943,506,100013,200,99926,100,100025,100,99922,100,100027,100,99920,100,100033,100,99918,100,100037,100,99908,100,100041,100,99901,100,100053,100,99884,100,100057,100,99882,100,100066,100,99837,100
2019-06-28 09:37:33.616505100,99952,100,99943,506,99957,425,99926,100,100013,200,99922,100,100025,100,99920,100,100027,100,99918,100,100033,100,99908,100,100037,100,99901,100,100041,100,99884,100,100053,100,99882,100,100057,100,99837,100
2019-06-28 09:37:34.952718782,99952,200,99943,506,99957,425,99926,100,100013,200,99922,100,100025,100,99920,100,100027,100,99918,100,100033,100,99908,100,100037,100,99901,100,100041,100,99884,100,100053,100,99882,100,100057,100,99837,100
2019-06-28 09:37:35.385740416,99952,200,99943,406,99957,425,99926,100,100013,200,99922,100,100025,100,99920,100,100027,100,99918,100,100033,100,99908,100,100037,100,99901,100,100041,100,99884,100,100057,100,99882,100,100066,100,99837,100
2019-06-28 09:37:40.000000000,99952,403,99926,303,99957,222,99922,303,100013,200,99920,100,100025,100,99918,100,100027,100,99908,100,100033,100,99901,100,100037,100,99884,100,100041,100,99882,100,100057,100,99837,100,100066,100,99748,100
2019-06-28 09:37:50.000000000,99952,281,99926,181,99957,100,99922,181,100013,281,99920,181,100025,181,99918,181,100027,181,99908,181,100033,100,99901,100,100037,100,99884,100,100041,100,99882,100,100057,100,99837,100,100066,100,99748,100
2019-06-28 09:37:55.571416457,99952,281,99926,81,99957,100,99922,181,100013,281,99920,181,100025,181,99918,181,100027,181,99908,181,100033,100,99901,100,100041,100,99884,100,100057,100,99882,100,100066,100,99837,100,100070,100,99748,100
2019-06-28 09:37:56.537287558,99926,19,99922,181,99952,281,99920,181,99957,100,99918,181,100013,281,99908,181,100025,181,99901,100,100027,181,99884,100,100033,100,99882,100,100041,100,99837,100,100057,100,99748,100,100066,100,98751,100
2019-06-28 09:38:00.000000000,99926,100,99922,181,99952,281,99920,181,99957,100,99918,181,100013,281,99908,181,100025,181,99901,181,100027,100,99884,100,100033,100,99882,100,100041,100,99837,100,100057,100,99748,100,100066,100,98751,100
2019-06-28 09:38:10.000000000,99926,100,99922,181,99952,281,99920,181,99957,100,99918,181,100013,281,99908,181,100025,181,99901,181,100027,100,99884,100,100033,100,99882,100,100041,100,99837,100,100057,100,99748,100,100066,100,98751,100
2019-06-28 09:38:19.525261729,99926,100,99922,181,99952,181,99920,181,99957,100,99918,181,100013,281,99908,181,100025,181,99901,181,100027,100,99884,100,100033,100,99882,100,100041,100,99837,100,100057,100,99748,100,100066,100,98751,100
2019-06-28 09:38:20.000000000,99926,222,99922,303,99952,303,99920,303,99957,19,99918,100,100013,200,99908,100,100025,100,99901,100,100027,100,99884,100,100033,100,99882,100,100041,100,99837,100,100057,100,99748,100,100066,100,98751,100
2019-06-28 09:38:28.305159794,99926,222,99922,203,99952,303,99920,303,99957,19,99918,100,100013,200,99908,100,100025,100,99901,100,100027,100,99884,100,100033,100,99882,100,100041,100,99837,100,100057,100,99748,100,100066,100,98751,100
2019-06-28 09:38:30.000000000,99926,222,99920,303,99952,303,99918,303,99957,19,99908,100,100013,200,99901,100,100025,100,99884,100,100027,100,99882,100,100033,100,99837,100,100041,100,99748,100,100057,100,98751,100,100066,100,,
2019-06-28 09:38:40.000000000,99926,157,99920,238,99952,234,99918,234,99957,153,99908,234,100013,200,99901,100,100025,100,99884,100,100027,100,99882,100,100033,100,99837,100,100041,100,99748,100,100057,100,98751,100,100066,100,,
2019-06-28 09:38:50.000000000,99926,425,99920,506,99952,100,99918,100,99957,19,99908,100,100013,200,99901,100,100025,100,99884,100,100027,100,99882,100,100033,100,99837,100,100041,100,99748,100,100057,100,98751,100,100066,100,,
2019-06-28 09:38:54.738878871,99926,425,99920,506,99952,100,99918,100,99957,19,99908,100,100013,200,99901,100,100025,100,99884,100,100027,100,99882,100,100033,100,99837,100,100041,100,99748,100,100057,100,99223,100,100066,100,98751,100
2019-06-28 09:39:00.000000000,99926,121,99920,202,99952,202,99918,202,99957,121,99908,202,100013,302,99901,202,100025,100,99884,100,100027,100,99882,100,100033,100,99837,100,100041,100,99748,100,100057,100,99223,100,100066,100,98751,100
2019-06-28 09:39:10.000000000,99926,425,99920,506,99952,100,99918,100,99957,19,99908,100,100013,200,99901,100,100025,100,99884,100,100027,100,99882,100,100033,100,99837,100,100041,100,99748,100,100057,100,99223,100,100066,100,98751,100
2019-06-28 09:39:20.000000000,99926,425,99920,506,99952,100,99918,100,99957,19,99908,100,100013,200,99901,100,100025,100,99884,100,100027,100,99882,100,100033,100,99837,100,100041,100,99748,100,100057,100,99223,100,100066,100,98751,100
2019-06-28 09:39:30.000000000,99926,157,99920,238,99952,234,99918,234,99957,153,99908,234,100013,200,99901,100,100025,100,99884,100,100027,100,99882,100,100033,100,99837,100,100041,100,99748,100,100057,100,99223,100,100066,100,98751,100
2019-06-28 09:39:35.270043014,99926,157,99920,238,99952,234,99918,234,99957,153,99908,234,100013,200,99901,100,100025,100,99884,100,100027,100,99882,100,100033,100,99837,100,100041,100,99748,100,100057,100,99223,100,100066,100,99152,100
2019-06-28 09:39:40.000000000,99926,157,99920,238,99952,234,99918,234,99957,153,99908,234,100013,200,99901,100,100025,100,99884,100,100027,100,99882,100,100033,100,99837,100,100041,100,99748,100,100057,100,99223,100,100066,100,99152,100
2019-06-28 09:39:41.718184602,99926,157,99920,238,99952,234,99918,234,99957,153,99908,234,100013,200,99901,100,100025,100,99884,100,100027,100,99837,100,100033,100,99748,100,100041,100,99223,100,100057,100,99152,100,100066,100,99097,100
2019-06-28 09:39:44.332241938,99926,157,99920,138,99952,234,99918,234,99957,153,99908,234,100013,200,99901,100,100025,100,99884,100,100027,100,99837,100,100033,100,99748,100,100041,100,99152,100,100057,100,99097,100,100066,100,98751,100
2019-06-28 09:39:50.000000000,99926,222,99918,303,99952,303,99908,303,99957,19,99901,100,100013,200,99884,100,100025,100,99837,100,100027,100,99748,100,100033,100,99152,100,100041,100,99097,100,100057,100,98751,100,100066,100,,
2019-06-28 09:40:00.000000000,99926,157,99918,238,99952,234,99908,234,99957,153,99901,234,100013,200,99884,100,100025,100,99837,100,100027,100,99748,100,100033,100,99152,100,100041,100,99097,100,100057,100,98751,100,100066,100,,
2019-06-28 09:40:10.000000000,99926,100,99918,181,99952,181,99908,181,99957,100,99901,181,100013,281,99884,181,100025,181,99837,181,100027,100,99748,100,100033,100,99152,100,100041,100,99097,100,100057,100,98751,100,100066,100,,
2019-06-28 09:40:20.000000000,99926,222,99918,303,99952,303,99908,303,99957,19,99901,100,100013,200,99884,100,100025,100,99837,100,100027,100,99748,100,100033,100,99152,100,100041,100,99097,100,100057,100,98751,100,100066,100,,
2019-06-28 09:40:23.181117345,99926,222,99918,203,99952,303,99908,303,99957,19,99884,100,100013,200,99837,100,100025,100,99748,100,100027,100,99152,100,100033,100,99097,100,100041,100,98751,100,100057,100,,,100066,100,,
2019-06-28 09:40:24.633517369,99926,222,99918,203,99952,303,99908,303,99957,19,99884,100,100013,100,99837,100,100025,100,99748,100,100027,100,99152,100,100033,100,99097,100,100041,100,98751,100,100057,100,,,100066,100,,
2019-06-28 09:40:30.000000000,99926,425,99908,506,99952,100,99884,100,99957,19,99837,100,100013,100,99748,100,100025,100,99152,100,100027,100,99097,100,100033,100,98751,100,100041,100,,,100057,100,,,100066,100,,
2019-06-28 09:40:40.000000000,99926,100,99908,181,99952,181,99884,181,99957,100,99837,181,100013,181,99748,181,100025,181,99152,181,100027,100,99097,100,100033,100,98751,100,100041,100,,,100057,100,,,100066,100,,
2019-06-28 09:40:40.159821679,99920,100,99908,181,99926,100,99884,181,99952,181,99837,181,99957,100,99748,181,100013,181,99152,181,100025,181,99097,100,100027,100,98751,100,100033,100,,,100041,100,,,100057,100,,
2019-06-28 09:40:48.511636414,99920,100,99908,181,99926,100,99884,181,99952,181,99837,181,99957,100,99748,181,100013,181,99297,100,100025,181,99152,181,100027,100,99097,100,100033,100,98751,100,100041,100,,,100057,100,,
2019-06-28 09:40:50.000000000,99920,506,99908,506,99926,19,99884,100,99952,100,99837,100,99957,19,99748,100,100013,100,99297,100,100025,100,99152,100,100027,100,99097,100,100033,100,98751,100,100041,100,,,100057,100,,
2019-06-28 09:40:56.156387822,99920,506,99908,506,99926,19,99884,100,99952,100,99837,100,99957,19,99748,100,100013,100,99297,100,100025,100,99221,100,100027,100,99152,100,100033,100,98751,100,100041,100,,,100057,100,,
2019-06-28 09:40:56.616143039,99920,506,99908,406,99926,19,99884,100,99952,100,99837,100,99957,19,99748,100,100013,100,99297,100,100025,100,99221,100,100027,100,99152,100,100033,100,98751,100,100041,100,,,100057,100,,
2019-06-28 09:40:57.391210742,99920,506,99908,306,99926,19,99884,100,99952,100,99837,100,99957,19,99748,100,100013,100,99297,100,100025,100,99221,100,100027,100,99152,100,100033,100,98751,100,100041,100,,,100057,100,,
2019-06-28 09:40:57.779038879,99920,506,99908,306,99926,19,99884,100,99952,100,99837,100,99957,19,99748,100,100013,100,99297,100,100025,100,99221,100,100027,100,99152,100,100033,100,99096,100,100041,100,98751,100,100066,100,,
2019-06-28 09:41:00.000000000,99920,181,99884,181,99926,100,99837,181,99952,181,99748,181,99957,100,99297,181,100013,181,99221,181,100025,100,99152,100,100027,100,99096,100,100033,100,98751,100,100041,100,,,100066,100,,
2019-06-28 09:41:05.885688325,99920,181,99884,181,99926,100,99837,181,99952,181,99748,181,99957,100,99297,181,100013,181,99221,181,100025,100,99174,100,100027,100,99152,100,100033,100,99096,100,100041,100,98751,100,100066,100,,
2019-06-28 09:41:10.000000000,99920,506,99884,506,99926,19,99837,100,99952,100,99748,100,99957,19,99297,100,100013,100,99221,100,100025,100,99174,100,100027,100,99152,100,100033,100,99096,100,100041,100,98751,100,100066,100,,
2019-06-28 09:41:10.925612910,99908,100,99884,506,99920,506,99837,100,99926,19,99748,100,99952,100,99297,100,99957,19,99221,100,100013,100,99174,100,100025,100,99152,100,100033,100,99096,100,100041,100,98751,100,100066,100,,
2019-06-28 09:41:20.000000000,99908,181,99884,181,99920,181,99837,181,99926,100,99748,181,99952,181,99297,181,99957,100,99221,181,100013,100,99174,100,100025,100,99152,100,100033,100,99096,100,100041,100,98751,100,100066,100,,
2019-06-28 09:41:23.131612791,99908,281,99884,181,99920,181,99837,181,99926,100,99748,181,99952,181,99297,181,99957,100,99221,181,100013,100,99174,100,100025,100,99152,100,100033,100,99096,100,100041,100,98751,100,100066,100,,
2019-06-28 09:41:30.000000000,99908,606,99884,506,99920,100,99837,100,99926,19,99748,100,99952,100,99297,100,99957,19,99221,100,100013,100,99174,100,100025,100,99152,100,100033,100,99096,100,100041,100,98751,100,100066,100,,
2019-06-28 09:41:38.688175002,99908,606,99884,406,99920,100,99837,100,99952,100,99748,100,99957,19,99297,100,100013,100,99221,100,100025,100,99174,100,100033,100,99152,100,100041,100,99096,100,100066,100,98751,100,100072,100,,
2019-06-28 09:41:40.000000000,99908,281,99837,181,99920,181,99748,181,99952,181,99297,181,99957,100,99221,181,100013,181,99174,181,100025,100,99152,100,100033,100,99096,100,100041,100,98751,100,100066,100,,,100072,100,,
2019-06-28 09:41:50.000000000,99908,338,99837,238,99920,234,99748,234,99952,234,99297,234,99957,19,99221,100,100013,100,99174,100,100025,100,99152,100,100033,100,99096,100,100041,100,98751,100,100066,100,,,100072,100,,
2019-06-28 09:42:00.000000000,99908,606,99837,506,99920,100,99748,100,99952,100,99297,100,99957,19,99221,100,100013,100,99174,100,100025,100,99152,100,100033,100,99096,100,100041,100,98751,100,100066,100,,,100072,100,,
2019-06-28 09:42:01.972602592,99908,606,99837,506,99920,100,99748,100,99952,100,99297,100,99957,19,99253,100,100013,100,99221,100,100025,100,99174,100,100033,100,99152,100,100041,100,99096,100,100066,100,98751,100,100072,100,,
2019-06-28 09:42:08.839605392,99908,606,99837,506,99920,100,99748,100,99952,100,99297,100,99957,19,99293,100,100013,100,99253,100,100025,100,99221,100,100033,100,99174,100,100041,100,99152,100,100066,100,99096,100,100072,100,98751,100
2019-06-28 09:42:10.000000000,99908,403,99837,303,99920,303,99748,303,99952,100,99297,100,99957,19,99293,100,100013,100,99253,100,100025,100,99221,100,100033,100,99174,100,100041,100,99152,100,100066,100,99096,100,100072,100,98751,100
2019-06-28 09:42:10.966840983,99908,403,99837,203,99920,303,99748,303,99952,100,99297,100,99957,19,99293,100,100013,100,99253,100,100025,100,99221,100,100033,100,99174,100,100041,100,99152,100,100066,100,99096,100,100072,100,98751,100
2019-06-28 09:42:20.000000000,99908,403,99748,303,99920,303,99297,303,99952,100,99293,100,99957,19,99253,100,100013,100,99221,100,100025,100,99174,100,100033,100,99152,100,100041,100,99096,100,100066,100,98751,100,100072,100,,
2019-06-28 09:42:20.591336839,99908,403,99748,203,99920,303,99297,303,99952,100,99293,100,99957,19,99253,100,100013,100,99221,100,100025,100,99174,100,100033,100,99096,100,100041,100,98751,100,100066,100,,,100072,100,,
2019-06-28 09:42:30.000000000,99908,606,99297,506,99920,100,99293,100,99952,100,99253,100,99957,19,99221,100,100013,100,99174,100,100025,100,99096,100,100033,100,98751,100,100041,100,,,100066,100,,,100072,100,,
2019-06-28 09:42:40.000000000,99908,338,99297,238,99920,234,99293,234,99952,234,99253,234,99957,19,99221,100,100013,100,99174,100,100025,100,99096,100,100033,100,98751,100,100041,100,,,100066,100,,,100072,100,,
2019-06-28 09:42:47.993986381,99837,100,99297,238,99908,338,99293,234,99920,234,99253,234,99952,234,99221,100,99957,19,99174,100,100013,100,99096,100,100025,100,98751,100,100033,100,,,100041,100,,,100066,100,,
2019-06-28 09:42:50.000000000,99837,202,99297,202,99908,302,99293,202,99920,202,99253,202,99952,202,99221,202,99957,19,99174,100,100013,100,99096,100,100025,100,98751,100,100033,100,,,100041,100,,,100066,100,,
2019-06-28 09:43:00.000000000,99837,303,99297,303,99908,403,99293,303,99920,100,99253,100,99952,100,99221,100,99957,19,99174,100,100013,100,99096,100,100025,100,98751,100,100033,100,,,100041,100,,,100066,100,,
2019-06-28 09:43:10.000000000,99837,202,99297,202,99908,302,99293,202,99920,202,99253,202,99952,202,99221,202,99957,19,99174,100,100013,100,99096,100,100025,100,98751,100,100033,100,,,100041,100,,,100066,100,,
2019-06-28 09:43:20.000000000,99837,202,99297,202,99908,302,99293,202,99920,202,99253,202,99952,202,99221,202,99957,19,99174,100,100013,100,99096,100,100025,100,98751,100,100033,100,,,100041,100,,,100066,100,,
2019-06-28 09:43:30.000000000,99837,181,99297,181,99908,281,99293,181,99920,181,99253,181,99952,181,99221,181,99957,100,99174,181,100013,100,99096,100,100025,100,98751,100,100033,100,,,100041,100,,,100066,100,,
2019-06-28 09:43:39.231874134,99837,181,99680,100,99908,281,99297,181,99920,181,99293,181,99952,181,99253,181,99957,100,99221,181,100013,100,99174,181,100025,100,99096,100,100033,100,98751,100,100041,100,,,100066,100,,
2019-06-28 09:43:40.000000000,99837,238,99680,238,99908,334,99297,234,99920,234,99293,234,99952,100,99253,100,99957,19,99221,100,100013,100,99174,100,100025,100,99096,100,100033,100,98751,100,100041,100,,,100066,100,,
2019-06-28 09:43:50.000000000,99837,303,99680,303,99908,403,99297,303,99920,100,99293,100,99952,100,99253,100,99957,19,99221,100,100013,100,99174,100,100025,100,99096,100,100033,100,98751,100,100041,100,,,100066,100,,
2019-06-28 09:43:58.258412843,99837,203,99680,303,99908,403,99297,303,99920,100,99293,100,99952,100,99253,100,99957,19,99221,100,100013,100,99174,100,100025,100,99096,100,100033,100,98751,100,100041,100,,,100066,100,,
2019-06-28 09:44:00.000000000,99908,338,99680,238,99920,234,99297,234,99952,234,99293,234,99957,19,99253,100,100013,100,99221,100,100025,100,99174,100,100033,100,99096,100,100041,100,98751,100,100066,100,,,100072,100,,
2019-06-28 09:44:10.000000000,99908,302,99680,202,99920,202,99297,202,99952,202,99293,202,99957,121,99253,202,100013,100,99221,100,100025,100,99174,100,100033,100,99096,100,100041,100,98751,100,100066,100,,,100072,100,,
2019-06-28 09:44:11.224676640,99908,302,99749,100,99920,202,99680,202,99952,202,99297,202,99957,121,99293,202,100013,100,99253,202,100025,100,99221,100,100033,100,99174,100,100041,100,99096,100,100066,100,98751,100,100072,100,,
2019-06-28 09:44:20.000000000,99908,403,99749,303,99920,303,99680,303,99952,100,99297,100,99957,19,99293,100,100013,100,99253,100,100025,100,99221,100,100033,100,99174,100,100041,100,99096,100,100066,100,98751,100,100072,100,,
2019-06-28 09:44:30.000000000,99908,338,99749,238,99920,234,99680,234,99952,234,99297,234,99957,19,99293,100,100013,100,99253,100,100025,100,99221,100,100033,100,99174,100,100041,100,99096,100,100066,100,98751,100,100072,100,,
2019-06-28 09:44:40.000000000,99908,338,99749,238,99920,234,99680,234,99952,234,99297,234,99957,19,99293,100,100013,100,99253,100,100025,100,99221,100,100033,100,99174,100,100041,100,99096,100,100066,100,98751,100,100072,100,,
2019-06-28 09:44:50.000000000,99908,606,99749,506,99920,100,99680,100,99952,100,99297,100,99957,19,99293,100,100013,100,99253,100,100025,100,99221,100,100033,100,99174,100,100041,100,99096,100,100066,100,98751,100,100072,100,,
2019-06-28 09:45:00.000000000,99908,281,99749,181,99920,181,99680,181,99952,181,99297,181,99957,100,99293,181,100013,181,99253,181,100025,100,99221,100,100033,100,99174,100,100041,100,99096,100,100066,100,98751,100,100072,100,,
2019-06-28 09:45:10.000000000,99908,606,99749,506,99920,100,99680,100,99952,100,99297,100,99957,19,99293,100,100013,100,99253,100,100025,100,99221,100,100033,100,99174,100,100041,100,99096,100,100066,100,98751,100,100072,100,,
2019-06-28 09:45:13.242720817,99908,606,99749,406,99920,100,99680,100,99952,100,99297,100,99957,19,99293,100,100013,100,99253,100,100025,100,99221,100,100033,100,99174,100,100041,100,99096,100,100066,100,98751,100,100072,100,,
2019-06-28 09:45:20.000000000,99908,606,99680,506,99920,100,99297,100,99952,100,99293,100,99957,19,99253,100,100013,100,99221,100,100025,100,99174,100,100033,100,99096,100,100041,100,98751,100,100066,100,,,100072,100,,
2019-06-28 09:45:30.000000000,99908,338,99680,238,99920,234,99297,234,99952,234,99293,234,99957,19,99253,100,100013,100,99221,100,100025,100,99174,100,100033,100,99096,100,100041,100,98751,100,100066,100,,,100072,100,,
2019-06-28 09:45:34.605478833,99884,100,99680,238,99908,338,99297,234,99920,234,99293,234,99952,234,99253,100,99957,19,99221,100,100013,100,99174,100,100025,100,99096,100,100033,100,98751,100,100041,100,,,100066,100,,
2019-06-28 09:45:37.265928978,99836,100,99680,238,99884,100,99297,234,99908,238,99293,234,99920,234,99253,100,99952,234,99221,100,99957,19,99174,100,100013,100,99096,100,100025,100,98751,100,100033,100,,,100041,100,,
2019-06-28 09:45:40.000000000,99836,238,99680,238,99884,234,99297,234,99908,234,99293,234,99920,100,99253,100,99952,100,99221,100,99957,19,99174,100,100013,100,99096,100,100025,100,98751,100,100033,100,,,100041,100,,
2019-06-28 09:45:47.658401536,99836,238,99680,238,99884,234,99334,100,99908,234,99297,234,99920,100,99293,234,99952,100,99253,100,99957,19,99221,100,100013,100,99174,100,100025,100,99096,100,100033,100,98751,100,100041,100,,
2019-06-28 09:45:50.000000000,99836,202,99680,202,99884,202,99334,202,99908,202,99297,202,99920,202,99293,202,99952,100,99253,100,99957,19,99221,100,100013,100,99174,100,100025,100,99096,100,100033,100,98751,100,100041,100,,
2019-06-28 09:46:00.000000000,99836,181,99680,181,99884,181,99334,181,99908,181,99297,181,99920,181,99293,181,99952,181,99253,181,99957,19,99221,100,100013,100,99174,100,100025,100,99096,100,100033,100,98751,100,100041,100,,
2019-06-28 09:46:10.000000000,99836,238,99680,238,99884,234,99334,234,99908,234,99297,234,99920,100,99293,100,99952,100,99253,100,99957,19,99221,100,100013,100,99174,100,100025,100,99096,100,100033,100,98751,100,100041,100,,
2019-06-28 09:46:20.000000000,99836,238,99680,238,99884,234,99334,234,99908,234,99297,234,99920,100,99293,100,99952,100,99253,100,99957,19,99221,100,100013,100,99174,100,100025,100,99096,100,100033,100,98751,100,100041,100,,
2019-06-28 09:46:30.000000000,99836,202,99680,202,99884,202,99334,202,99908,202,99297,202,99920,202,99293,202,99952,100,99253,100,99957,19,99221,100,100013,100,99174,100,100025,100,99096,100,100033,100,98751,100,100041,100,,
2019-06-28 09:46:33.834174984,99836,202,99680,102,99884,102,99334,202,99908,202,99297,202,99920,202,99293,202,99952,100,99253,100,99957,19,99221,100,100013,100,99174,100,100025,100,99096,100,100033,100,98751,100,100041,100,,
2019-06-28 09:46:40.000000000,99836,506,99334,506,99908,100,99297,100,99920,100,99293,100,99952,100,99253,100,99957,19,99221,100,100013,100,99174,100,100025,100,99096,100,100033,100,98751,100,100041,100,,,100066,100,,
2019-06-28 09:46:44.842598851,99836,506,99334,506,99908,100,99297,100,99920,100,99293,100,99952,100,99253,100,99957,19,99221,100,100013,100,99198,100,100025,100,99096,100,100033,100,98751,100,100041,100,,,100066,100,,
2019-06-28 09:46:50.000000000,99836,202,99334,202,99908,202,99297,202,99920,202,99293,202,99952,202,99253,202,99957,19,99221,100,100013,100,99198,100,100025,100,99096,100,100033,100,98751,100,100041,100,,,100066,100,,
2019-06-28 09:47:00.000000000,99836,202,99334,202,99908,202,99297,202,99920,202,99293,202,99952,202,99253,202,99957,19,99221,100,100013,100,99198,100,100025,100,99096,100,100033,100,98751,100,100041,100,,,100066,100,,
2019-06-28 09:47:04.482737115,99836,202,99334,102,99908,202,99297,202,99920,202,99293,202,99952,202,99253,202,99957,19,99221,100,100013,100,99198,100,100025,100,99096,100,100033,100,98751,100,100041,100,,,100066,100,,
2019-06-28 09:47:10.000000000,99836,238,99297,238,99908,234,99293,234,99920,234,99253,234,99952,100,99221,100,99957,19,99198,100,100013,100,99096,100,100025,100,98751,100,100033,100,,,100041,100,,,100066,100,,
2019-06-28 09:47:15.282033203,99836,238,99297,138,99908,234,99293,234,99920,234,99253,234,99952,100,99221,100,99957,19,99198,100,100013,100,99096,100,100025,100,98751,100,100033,100,,,100041,100,,,100066,100,,
2019-06-28 09:47:20.000000000,99836,181,99293,181,99908,181,99253,181,99920,181,99221,181,99952,181,99198,181,99957,100,99096,181,100013,100,98751,100,100025,100,,,100033,100,,,100041,100,,,100066,100,,
2019-06-28 09:47:30.000000000,99836,181,99293,181,99908,181,99253,181,99920,181,99221,181,99952,181,99198,181,99957,100,99096,181,100013,100,98751,100,100025,100,,,100033,100,,,100041,100,,,100066,100,,
2019-06-28 09:47:38.813371124,99836,181,99298,100,99908,181,99293,181,99920,81,99253,181,99952,181,99221,181,99957,100,99198,181,100013,100,99096,181,100025,100,98751,100,100033,100,,,100041,100,,,100066,100,,
2019-06-28 09:47:40.000000000,99836,202,99298,202,99908,202,99293,202,99952,202,99253,202,99957,121,99221,202,100013,100,99198,100,100025,100,99096,100,100033,100,98751,100,100041,100,,,100066,100,,,100072,100,,
2019-06-28 09:47:50.000000000,99836,506,99298,506,99908,100,99293,100,99952,100,99253,100,99957,19,99221,100,100013,100,99198,100,100025,100,99096,100,100033,100,98751,100,100041,100,,,100066,100,,,100072,100,,
2019-06-28 09:47:51.239547636,99836,506,99305,100,99908,100,99298,506,99952,100,99293,100,99957,19,99253,100,100013,100,99221,100,100025,100,99198,100,100033,100,99096,100,100041,100,98751,100,100066,100,,,100072,100,,
2019-06-28 09:48:00.000000000,99836,506,99305,506,99908,100,99298,100,99952,100,99293,100,99957,19,99253,100,100013,100,99221,100,100025,100,99198,100,100033,100,99096,100,100041,100,98751,100,100066,100,,,100072,100,,
2019-06-28 09:48:01.797244016,99836,506,99305,506,99908,100,99293,100,99952,100,99253,100,99957,19,99221,100,100013,100,99198,100,100025,100,99096,100,100033,100,98751,100,100041,100,,,100066,100,,,100072,100,,
2019-06-28 09:48:09.099425109,99334,100,99305,506,99836,506,99293,100,99908,100,99253,100,99957,19,99221,100,100013,100,99198,100,100025,100,99096,100,100033,100,98751,100,100041,100,,,100066,100,,,100072,100,,
2019-06-28 09:48:10.000000000,99334,202,99305,202,99836,202,99293,202,99908,202,99253,202,99957,121,99221,202,100013,100,99198,100,100025,100,99096,100,100033,100,98751,100,100041,100,,,100066,100,,,100072,100,,
2019-06-28 09:48:14.456009380,99334,202,99305,102,99348,100,99293,202,99836,202,99253,202,99908,202,99221,202,99957,121,99198,100,100013,100,99096,100,100025,100,98751,100,100033,100,,,100041,100,,,100066,100,,
2019-06-28 09:48:20.000000000,99334,238,99293,238,99348,234,99253,234,99836,234,99221,234,99908,100,99198,100,99957,19,99096,100,100013,100,98751,100,100025,100,,,100033,100,,,100041,100,,,100066,100,,
2019-06-28 09:48:30.000000000,99334,202,99293,202,99348,202,99253,202,99836,202,99221,202,99908,202,99198,202,99957,19,99096,100,100013,100,98751,100,100025,100,,,100033,100,,,100041,100,,,100066,100,,
2019-06-28 09:48:40.000000000,99334,181,99293,181,99348,181,99253,181,99836,181,99221,181,99908,181,99198,181,99957,100,99096,181,100013,100,98751,100,100025,100,,,100033,100,,,100041,100,,,100066,100,,
2019-06-28 09:48:49.948327121,99334,181,99293,181,99348,181,99253,181,99688,100,99221,181,99836,181,99198,181,99908,181,99096,181,99957,100,98751,100,100013,100,,,100025,100,,,100033,100,,,100041,100,,
2019-06-28 09:48:50.000000000,99334,181,99293,181,99348,181,99253,181,99688,181,99221,181,99836,181,99198,181,99908,181,99096,181,99957,19,98751,100,100013,100,,,100025,100,,,100033,100,,,100041,100,,
2019-06-28 09:49:00.000000000,99334,303,99293,303,99348,303,99253,303,99688,100,99221,100,99836,100,99198,100,99908,100,99096,100,99957,19,98751,100,100013,100,,,100025,100,,,100033,100,,,100041,100,,
2019-06-28 09:49:01.443476652,99334,203,99293,303,99348,303,99253,303,99688,100,99221,100,99836,100,99198,100,99908,100,99096,100,99957,19,98751,100,100013,100,,,100025,100,,,100033,100,,,100041,100,,
2019-06-28 09:49:10.000000000,99348,202,99293,202,99688,202,99253,202,99836,202,99221,202,99908,202,99198,202,99957,19,99096,100,100013,100,98751,100,100025,100,,,100033,100,,,100041,100,,,100066,100,,
2019-06-28 09:49:11.587421465,99348,202,99293,202,99688,202,99253,202,99750,100,99221,202,99836,202,99198,202,99908,202,99096,100,99957,19,98751,100,100013,100,,,100025,100,,,100033,100,,,100041,100,,
2019-06-28 09:49:18.922271673,99348,102,99293,202,99688,202,99253,202,99750,100,99221,202,99836,202,99198,202,99908,202,99096,100,99957,19,98751,100,100013,100,,,100025,100,,,100033,100,,,100041,100,,
2019-06-28 09:49:20.000000000,99688,202,99293,202,99750,202,99253,202,99836,202,99221,202,99908,202,99198,202,99957,19,99096,100,100013,100,98751,100,100025,100,,,100033,100,,,100041,100,,,100066,100,,
2019-06-28 09:49:30.000000000,99688,202,99293,202,99750,202,99253,202,99836,202,99221,202,99908,202,99198,202,99957,19,99096,100,100013,100,98751,100,100025,100,,,100033,100,,,100041,100,,,100066,100,,
2019-06-28 09:49:30.140396132,99688,202,99658,100,99750,202,99293,202,99836,202,99253,202,99908,202,99221,202,99957,19,99198,202,100013,100,99096,100,100025,100,98751,100,100033,100,,,100041,100,,,100066,100,,
2019-06-28 09:49:40.000000000,99688,238,99658,238,99750,234,99293,234,99836,234,99253,234,99908,100,99221,100,99957,19,99198,100,100013,100,99096,100,100025,100,98751,100,100033,100,,,100041,100,,,100066,100,,
2019-06-28 09:49:45.589019854,99688,238,99658,238,99750,234,99598,100,99836,234,99293,234,99908,100,99253,234,99957,19,99221,100,100013,100,99198,100,100025,100,99096,100,100033,100,98751,100,100041,100,,,100066,100,,
2019-06-28 09:49:50.000000000,99688,506,99658,506,99750,100,99598,100,99836,100,99293,100,99908,100,99253,100,99957,19,99221,100,100013,100,99198,100,100025,100,99096,100,100033,100,98751,100,100041,100,,,100066,100,,
2019-06-28 09:50:00.000000000,99688,506,99658,506,99750,100,99598,100,99836,100,99293,100,99908,100,99253,100,99957,19,99221,100,100013,100,99198,100,100025,100,99096,100,100033,100,98751,100,100041,100,,,100066,100,,
2019-06-28 09:50:01.279881382,99688,506,99658,506,99750,100,99598,100,99836,100,99293,100,99908,100,99253,100,99957,19,99221,100,100013,100,99198,100,100025,100,99096,100,100033,100,98751,100,100041,100,,,100066,100,,
2019-06-28 09:50:04.177541622,99688,506,99658,506,99731,100,99598,100,99750,100,99293,100,99836,100,99253,100,99908,100,99221,100,99957,19,99198,100,100013,100,99096,100,100025,100,98751,100,100033,100,,,100041,100,,
2019-06-28 09:50:10.000000000,99688,506,99658,506,99731,100,99598,100,99750,100,99293,100,99836,100,99253,100,99908,100,99221,100,99957,19,99198,100,100013,100,99096,100,100025,100,98751,100,100033,100,,,100041,100,,
2019-06-28 09:50:20.000000000,99688,506,99658,506,99731,100,99598,100,99750,100,99293,100,99836,100,99253,100,99908,100,99221,100,99957,19,99198,100,100013,100,99096,100,100025,100,98751,100,100033,100,,,100041,100,,
2019-06-28 09:50:30.000000000,99688,238,99658,238,99731,234,99598,234,99750,234,99293,234,99836,100,99253,100,99908,100,99221,100,99957,19,99198,100,100013,100,99096,100,100025,100,98751,100,100033,100,,,100041,100,,
2019-06-28 09:50:40.000000000,99688,238,99658,238,99731,234,99598,234,99750,234,99293,234,99836,100,99253,100,99908,100,99221,100,99957,19,99198,100,100013,100,99096,100,100025,100,98751,100,100033,100,,,100041,100,,
2019-06-28 09:50:47.221636790,99688,238,99658,238,99731,234,99598,234,99750,234,99334,100,99836,100,99293,234,99908,100,99253,100,99957,19,99221,100,100013,100,99198,100,100025,100,99096,100,100033,100,98751,100,100041,100,,
2019-06-28 09:50:50.000000000,99688,238,99658,238,99731,234,99598,234,99750,234,99334,234,99836,100,99293,100,99908,100,99253,100,99957,19,99221,100,100013,100,99198,100,100025,100,99096,100,100033,100,98751,100,100041,100,,
2019-06-28 09:50:50.198489527,99688,238,99658,138,99731,234,99598,234,99750,234,99334,234,99836,100,99293,100,99908,100,99253,100,99957,19,99221,100,100013,100,99198,100,100025,100,99096,100,100033,100,98751,100,100041,100,,
2019-06-28 09:50:54.278960750,99688,238,99658,138,99731,234,99598,234,99750,234,99334,234,99836,100,99293,100,99906,100,99253,100,99908,100,99221,100,99957,19,99198,100,100013,100,99096,100,100025,100,98751,100,100033,100,,
2019-06-28 09:50:55.927028088,99688,138,99658,138,99731,234,99598,234,99750,234,99334,234,99836,100,99293,100,99906,100,99253,100,99908,100,99221,100,99957,19,99198,100,100013,100,99096,100,100025,100,98751,100,100033,100,,
2019-06-28 09:50:59.156752486,99688,38,99658,138,99731,234,99598,234,99750,234,99334,234,99836,100,99293,100,99906,100,99253,100,99908,100,99221,100,99957,19,99198,100,100013,100,99096,100,100025,100,98751,100,100033,100,,
2019-06-28 09:51:00.000000000,99731,303,99598,303,99750,303,99334,303,99836,100,99293,100,99906,100,99253,100,99908,100,99221,100,99957,19,99198,100,100013,100,99096,100,100025,100,98751,100,100033,100,,,100041,100,,
2019-06-28 09:51:10.000000000,99731,506,99598,506,99750,100,99334,100,99836,100,99293,100,99906,100,99253,100,99908,100,99221,100,99957,19,99198,100,100013,100,99096,100,100025,100,98751,100,100033,100,,,100041,100,,
2019-06-28 09:51:17.448101553,99731,506,99623,100,99750,100,99598,506,99836,100,99334,100,99906,100,99293,100,99908,100,99253,100,99957,19,99221,100,100013,100,99198,100,100025,100,99096,100,100033,100,,,100041,100,,
2019-06-28 09:51:20.000000000,99731,303,99623,303,99750,303,99598,303,99836,100,99334,100,99906,100,99293,100,99908,100,99253,100,99957,19,99221,100,100013,100,99198,100,100025,100,99096,100,100033,100,,,100041,100,,
2019-06-28 09:51:25.367683443,99731,303,99688,100,99750,303,99623,303,99836,100,99598,303,99906,100,99334,100,99908,100,99293,100,99957,19,99253,100,100013,100,99221,100,100025,100,99198,100,100033,100,99096,100,100041,100,,
2019-06-28 09:51:30.000000000,99731,181,99688,181,99750,181,99623,181,99836,181,99598,181,99906,181,99334,181,99908,181,99293,181,99957,19,99253,100,100013,100,99221,100,100025,100,99198,100,100033,100,99096,100,100041,100,,
2019-06-28 09:51:40.000000000,99731,506,99688,506,99750,100,99623,100,99836,100,99598,100,99906,100,99334,100,99908,100,99293,100,99957,19,99253,100,100013,100,99221,100,100025,100,99198,100,100033,100,99096,100,100041,100,,
2019-06-28 09:51:50.000000000,99731,181,99688,181,99750,181,99623,181,99836,181,99598,181,99906,181,99334,181,99908,181,99293,181,99957,19,99253,100,100013,100,99221,100,100025,100,99198,100,100033,100,99096,100,100041,100,,
2019-06-28 09:52:00.000000000,99731,238,99688,238,99750,234,99623,234,99836,234,99598,234,99906,100,99334,100,99908,100,99293,100,99957,19,99253,100,100013,100,99221,100,100025,100,99198,100,100033,100,99096,100,100041,100,,
2019-06-28 09:52:04.031147276,99731,238,99692,100,99750,234,99688,238,99836,234,99623,134,99906,100,99598,234,99908,100,99334,100,99957,19,99293,100,100013,100,99253,100,100025,100,99221,100,100033,100,99198,100,100041,100,99096,100
2019-06-28 09:52:07.947874421,99731,338,99692,100,99750,234,99688,238,99836,234,99623,134,99906,100,99598,234,99908,100,99334,100,99957,19,99293,100,100013,100,99253,100,100025,100,99221,100,100033,100,99198,100,100041,100,99096,100
2019-06-28 09:52:10.000000000,99731,302,99692,202,99750,202,99688,202,99836,202,99598,202,99906,202,99334,202,99908,100,99293,100,99957,19,99253,100,100013,100,99221,100,100025,100,99198,100,100033,100,99096,100,100041,100,,
2019-06-28 09:52:20.000000000,99731,302,99692,202,99750,202,99688,202,99836,202,99598,202,99906,202,99334,202,99908,100,99293,100,99957,19,99253,100,100013,100,99221,100,100025,100,99198,100,100033,100,99096,100,100041,100,,
2019-06-28 09:52:30.000000000,99731,281,99692,181,99750,181,99688,181,99836,181,99598,181,99906,181,99334,181,99908,181,99293,181,99957,19,99253,100,100013,100,99221,100,100025,100,99198,100,100033,100,99096,100,100041,100,,
2019-06-28 09:52:33.995233940,99731,281,99692,181,99750,181,99688,181,99836,181,99598,181,99906,181,99334,181,99908,181,99293,181,99957,19,99253,100,100013,100,99221,100,100025,100,99198,100,100033,100,99096,100,100041,100,,
2019-06-28 09:52:36.192720265,99731,181,99692,181,99750,181,99688,181,99836,181,99598,181,99906,181,99334,181,99908,181,99293,181,99957,19,99253,100,100013,100,99221,100,100025,100,99198,100,100033,100,99096,100,100041,100,,
2019-06-28 09:52:40.000000000,99731,506,99692,506,99750,100,99688,100,99836,100,99598,100,99906,100,99334,100,99908,100,99293,100,99957,19,99253,100,100013,100,99221,100,100025,100,99198,100,100033,100,99096,100,100041,100,,
2019-06-28 09:52:50.000000000,99731,506,99692,506,99750,100,99688,100,99836,100,99598,100,99906,100,99334,100,99908,100,99293,100,99957,19,99253,100,100013,100,99221,100,100025,100,99198,100,100033,100,99096,100,100041,100,,
2019-06-28 09:52:52.673629892,99731,406,99692,506,99750,100,99688,100,99836,100,99598,100,99906,100,99334,100,99908,100,99293,100,99957,19,99253,100,100013,100,99221,100,100025,100,99198,100,100033,100,99096,100,100041,100,,
2019-06-28 09:53:00.000000000,99750,238,99692,238,99836,234,99688,234,99906,234,99598,234,99908,100,99334,100,99957,19,99293,100,100013,100,99253,100,100025,100,99221,100,100033,100,99198,100,100041,100,99096,100,100066,100,,
2019-06-28 09:53:04.110383030,99750,138,99692,238,99836,234,99688,234,99906,234,99598,234,99908,100,99334,100,99957,19,99293,100,100013,100,99253,100,100025,100,99221,100,100033,100,99198,100,100041,100,99096,100,100066,100,,
2019-06-28 09:53:06.900567517,99750,138,99731,100,99836,234,99692,238,99906,234,99688,234,99908,100,99598,234,99957,19,99334,100,100013,100,99293,100,100025,100,99253,100,100033,100,99221,100,100041,100,99198,100,100066,100,99096,100
2019-06-28 09:53:06.942465038,99750,38,99731,100,99836,234,99692,238,99906,234,99688,234,99908,100,99598,234,99957,19,99334,100,100013,100,99293,100,100025,100,99253,100,100033,100,99221,100,100041,100,99198,100,100066,100,99096,100
2019-06-28 09:53:10.000000000,99836,202,99731,202,99906,202,99692,202,99908,202,99688,202,99957,121,99598,202,100013,100,99334,100,100025,100,99293,100,100033,100,99253,100,100041,100,99221,100,100066,100,99198,100,100072,100,99096,100
2019-06-28 09:53:20.000000000,99836,181,99731,181,99906,181,99692,181,99908,181,99688,181,99957,100,99598,181,100013,181,99334,181,100025,100,99293,100,100033,100,99253,100,100041,100,99221,100,100066,100,99198,100,100072,100,99096,100
2019-06-28 09:53:29.629505678,99836,181,99731,181,99906,181,99692,181,99908,181,99688,181,99957,100,99598,181,100013,181,99334,181,100025,100,99293,100,100033,100,99253,100,100038,100,99221,100,100041,100,99198,100,100066,100,99096,100
2019-06-28 09:53:30.000000000,99836,202,99731,202,99906,202,99692,202,99908,202,99688,202,99957,121,99598,202,100013,100,99334,100,100025,100,99293,100,100033,100,99253,100,100038,100,99221,100,100041,100,99198,100,100066,100,99096,100
2019-06-28 09:53:31.859832179,99836,102,99731,202,99906,202,99692,202,99908,202,99688,202,99957,121,99598,202,100013,100,99334,100,100025,100,99293,100,100033,100,99253,100,100038,100,99221,100,100041,100,99198,100,100066,100,,
2019-06-28 09:53:40.000000000,99906,181,99731,181,99908,181,99692,181,99957,100,99688,181,100013,181,99598,181,100025,181,99334,181,100033,100,99293,100,100038,100,99253,100,100041,100,99221,100,100066,100,99198,100,100072,100,,
2019-06-28 09:53:50.000000000,99906,238,99731,238,99908,234,99692,234,99957,153,99688,234,100013,100,99598,100,100025,100,99334,100,100033,100,99293,100,100038,100,99253,100,100041,100,99221,100,100066,100,99198,100,100072,100,,
2019-06-28 09:53:54.833466786,99906,238,99731,238,99908,234,99692,234,99957,153,99688,234,100013,100,99598,100,100025,100,99334,100,100033,100,99293,100,100038,100,99253,100,100041,100,99221,100,100066,100,99198,100,100072,100,,
2019-06-28 09:54:00.000000000,99906,303,99731,303,99908,303,99692,303,99957,19,99688,100,100013,100,99598,100,100025,100,99334,100,100033,100,99293,100,100038,100,99253,100,100041,100,99221,100,100066,100,99198,100,100072,100,,
2019-06-28 09:54:02.488116288,99906,303,99731,303,99908,303,99692,303,99957,19,99688,100,100013,100,99598,100,100025,100,99334,100,100033,100,99293,100,100038,100,99253,100,100041,100,99221,100,100066,100,99198,100,100072,100,,
2019-06-28 09:54:10.000000000,99906,303,99731,303,99908,303,99692,303,99957,19,99688,100,100013,100,99598,100,100025,100,99334,100,100033,100,99293,100,100038,100,99253,100,100041,100,99221,100,100066,100,99198,100,100072,100,,
2019-06-28 09:54:10.681351996,99906,303,99731,303,99908,303,99692,303,99957,19,99688,100,100013,100,99674,100,100025,100,99598,100,100033,100,99334,100,100038,100,99293,100,100041,100,99253,100,100066,100,99221,100,100072,100,99198,100
2019-06-28 09:54:16.168347664,99906,303,99750,100,99908,303,99731,303,99957,19,99692,303,100013,100,99688,100,100025,100,99674,100,100033,100,99598,100,100038,100,99334,100,100041,100,99293,100,100066,100,99253,100,100072,100,99221,100
2019-06-28 09:54:20.000000000,99906,238,99750,238,99908,234,99731,234,99957,153,99692,234,100013,100,99688,100,100025,100,99674,100,100033,100,99598,100,100038,100,99334,100,100041,100,99293,100,100066,100,99253,100,100072,100,99221,100
2019-06-28 09:54:26.525696219,99906,238,99750,238,99908,234,99731,134,99957,153,99692,234,100013,100,99688,100,100025,100,99674,100,100033,100,99598,100,100038,100,99334,100,100041,100,99293,100,100066,100,99253,100,100072,100,99221,100
2019-06-28 09:54:28.856447719,99906,238,99750,238,99908,234,99731,134,99957,153,99692,234,100013,100,99674,100,100025,100,99598,100,100033,100,99334,100,100038,100,99293,100,100041,100,99253,100,100066,100,99221,100,100072,100,99198,100
2019-06-28 09:54:30.000000000,99906,181,99750,181,99908,181,99692,181,99957,100,99674,181,100013,181,99598,181,100025,181,99334,181,100033,100,99293,100,100038,100,99253,100,100041,100,99221,100,100066,100,99198,100,100072,100,,
2019-06-28 09:54:38.304342786,99906,181,99750,181,99908,181,99692,181,99957,100,99674,181,100013,181,99598,181,100025,181,99334,181,100033,100,99293,100,100038,100,99253,100,100041,100,99221,100,100066,100,99198,100,100072,100,,
2019-06-28 09:54:40.000000000,99906,506,99750,506,99908,100,99692,100,99957,19,99674,100,100013,100,99598,100,100025,100,99334,100,100033,100,99293,100,100038,100,99253,100,100041,100,99221,100,100066,100,99198,100,100072,100,,
2019-06-28 09:54:43.467560185,99906,406,99750,506,99908,100,99692,100,99957,19,99674,100,100013,100,99598,100,100025,100,99334,100,100033,100,99293,100,100038,100,99253,100,100041,100,99221,100,100066,100,99198,100,100072,100,,
2019-06-28 09:54:50.000000000,99908,181,99750,181,99957,100,99692,181,100013,181,99674,181,100025,181,99598,181,100033,181,99334,181,100038,100,99293,100,100041,100,99253,100,100066,100,99221,100,100072,100,99198,100,100107,100,,
2019-06-28 09:54:59.220928958,99908,181,99750,181,99957,100,99692,181,100013,181,99674,181,100025,181,99598,181,100033,181,99334,181,100038,100,99293,100,100041,100,99253,100,100066,100,99221,100,100072,100,99198,100,100107,100,,
2019-06-28 09:55:00.000000000,99908,202,99750,202,99957,121,99692,202,100013,202,99674,202,100025,202,99598,202,100033,100,99334,100,100038,100,99293,100,100041,100,99253,100,100066,100,99221,100,100072,100,99198,100,100107,100,,
2019-06-28 09:55:10.000000000,99908,202,99750,202,99957,121,99692,202,100013,202,99674,202,100025,202,99598,202,100033,100,99334,100,100038,100,99293,100,100041,100,99253,100,100066,100,99221,100,100072,100,99198,100,100107,100,,
2019-06-28 09:55:12.404772647,99908,102,99750,202,99957,121,99692,202,100013,202,99674,202,100025,202,99598,202,100033,100,99334,100,100038,100,99293,100,100041,100,99253,100,100066,100,99221,100,100072,100,99198,100,100107,100,,
2019-06-28 09:55:19.172084707,99908,2,99750,202,99957,121,99692,202,100013,202,99674,202,100025,202,99598,202,100033,100,99334,100,100038,100,99293,100,100041,100,99253,100,100066,100,99221,100,100072,100,99198,100,100107,100,,
2019-06-28 09:55:20.000000000,99957,425,99750,506,100013,100,99692,100,100025,100,99674,100,100033,100,99598,100,100038,100,99334,100,100041,100,99293,100,100066,100,99253,100,100072,100,99221,100,100107,100,99198,100,100141,100,,
2019-06-28 09:55:20.386109600,99957,425,99908,100,100013,100,99750,506,100025,100,99692,100,100033,100,99674,100,100038,100,99598,100,100041,100,99334,100,100066,100,99293,100,100072,100,99253,100,100107,100,99221,100,100141,100,99198,100
2019-06-28 09:55:22.153805061,99957,425,99908,100,100013,100,99750,506,100025,100,99692,100,100033,100,99674,100,100038,100,99598,100,100041,100,99334,100,100066,100,99293,100,100072,100,99253,100,100107,100,99221,100,100141,100,99198,100
2019-06-28 09:55:30.000000000,99957,222,99908,303,100013,303,99750,303,100025,100,99692,100,100033,100,99674,100,100038,100,99598,100,100041,100,99334,100,100066,100,99293,100,100072,100,99253,100,100107,100,99221,100,100141,100,99198,100
2019-06-28 09:55:40.000000000,99957,100,99908,181,100013,181,99750,181,100025,181,99692,181,100033,181,99674,181,100038,181,99598,181,100041,100,99334,100,100066,100,99293,100,100072,100,99253,100,100107,100,99221,100,100141,100,99198,100
2019-06-28 09:55:43.852186027,99957,100,99908,181,100013,181,99750,181,100025,181,99692,181,100033,181,99674,181,100038,181,99598,181,100041,100,99334,100,100066,100,99293,100,100072,100,99253,100,100107,100,99221,100,100141,100,99198,100
2019-06-28 09:55:50.000000000,99957,425,99908,506,100013,100,99750,100,100025,100,99692,100,100033,100,99674,100,100038,100,99598,100,100041,100,99334,100,100066,100,99293,100,100072,100,99253,100,100107,100,99221,100,100141,100,99198,100
2019-06-28 09:55:56.374648929,99957,425,99908,506,100013,100,99750,100,100025,100,99692,100,100033,100,99674,100,100038,100,99598,100,100041,100,99334,100,100066,100,99293,100,100072,100,99253,100,100107,100,99221,100,100141,100,99198,100
2019-06-28 09:56:00.000000000,99957,222,99908,303,100013,303,99750,303,100025,100,99692,100,100033,100,99674,100,100038,100,99598,100,100041,100,99334,100,100066,100,99293,100,100072,100,99253,100,100107,100,99221,100,100141,100,99198,100
2019-06-28 09:56:00.857001593,99957,222,99908,403,100013,203,99750,303,100025,100,99692,100,100033,100,99674,100,100038,100,99598,100,100041,100,99334,100,100066,100,99293,100,100072,100,99253,100,100107,100,99221,100,100141,100,99198,100
2019-06-28 09:56:02.172954605,99957,222,99908,403,100013,203,99885,100,100025,100,99750,303,100033,100,99692,100,100038,100,99674,100,100041,100,99598,100,100066,100,99334,100,100072,100,99293,100,100107,100,99253,100,100141,100,99221,100
2019-06-28 09:56:04.044037553,99957,222,99908,403,100013,203,99885,100,100025,100,99750,303,100033,100,99692,100,100038,100,99674,100,100041,100,99598,100,100066,100,99334,100,100072,100,99293,100,100107,100,99253,100,100141,100,99221,100
2019-06-28 09:56:04.234057586,99957,222,99908,403,100013,203,99885,100,100025,100,99750,303,100033,100,99692,100,100038,100,99674,100,100041,100,99598,100,100066,100,99334,100,100072,100,99293,100,100107,100,99253,100,100110,100,99221,100
2019-06-28 09:56:08.865763288,99957,122,99908,403,100013,203,99885,100,100025,100,99750,303,100033,100,99692,100,100038,100,99674,100,100041,100,99598,100,100066,100,99334,100,100072,100,99293,100,100107,100,99253,100,100110,100,99221,100
2019-06-28 09:56:10.000000000,100025,238,99908,338,100033,234,99885,234,100038,234,99750,234,100041,100,99692,100,100066,100,99674,100,100072,100,99598,100,100107,100,99334,100,100110,100,99293,100,100141,100,99253,100,100142,100,99221,100
2019-06-28 09:56:13.142942757,100025,238,99909,100,100033,234,99908,338,100038,234,99885,234,100041,100,99750,234,100066,100,99692,100,100072,100,99674,100,100107,100,99598,100,100110,100,99334,100,100141,100,99293,100,100142,100,99253,100
2019-06-28 09:56:13.976861899,100025,238,99909,100,100033,234,99908,338,100038,134,99885,234,100041,100,99750,234,100066,100,99692,100,100072,100,99674,100,100107,100,99598,100,100110,100,99334,100,100117,100,99293,100,100141,100,99253,100
2019-06-28 09:56:20.000000000,100025,506,99909,506,100033,100,99908,200,100041,100,99885,100,100066,100,99750,100,100072,100,99692,100,100107,100,99674,100,100110,100,99598,100,100117,100,99334,100,100141,100,99293,100,100142,100,99253,100
2019-06-28 09:56:30.000000000,100025,506,99909,506,100033,100,99908,200,100041,100,99885,100,100066,100,99750,100,100072,100,99692,100,100107,100,99674,100,100110,100,99598,100,100117,100,99334,100,100141,100,99293,100,100142,100,99253,100
2019-06-28 09:56:33.484512716,100025,506,99909,506,100033,100,99908,200,100041,100,99885,100,100066,100,99750,100,100072,100,99708,100,100107,100,99674,100,100110,100,99598,100,100117,100,99334,100,100141,100,99293,100,100142,100,99253,100
2019-06-28 09:56:35.533480760,100022,100,99909,506,100025,506,99908,200,100033,100,99885,100,100041,100,99750,100,100066,100,99674,100,100072,100,99598,100,100107,100,99334,100,100110,100,99293,100,100117,100,99253,100,100141,100,99221,100
2019-06-28 09:56:37.957975381,100025,506,99909,506,100033,100,99908,200,100041,100,99885,100,100066,100,99750,100,100072,100,99674,100,100107,100,99673,100,100110,100,99598,100,100117,100,99334,100,100141,100,99293,100,100142,100,99253,100
2019-06-28 09:56:40.000000000,100025,202,99909,202,100033,202,99908,302,100041,202,99885,202,100066,202,99750,202,100072,100,99674,100,100107,100,99673,100,100110,100,99598,100,100117,100,99334,100,100141,100,99293,100,100142,100,99253,100
2019-06-28 09:56:50.000000000,100025,238,99909,238,100033,234,99908,334,100041,234,99885,234,100066,100,99750,100,100072,100,99674,100,100107,100,99673,100,100110,100,99598,100,100117,100,99334,100,100141,100,99293,100,100142,100,99253,100
2019-06-28 09:56:50.361196494,100025,238,99909,138,100033,234,99908,334,100041,234,99885,234,100072,100,99750,100,100107,100,99674,100,100110,100,99673,100,100117,100,99598,100,100141,100,99334,100,100142,100,99293,100,100154,100,99253,100
2019-06-28 09:57:00.000000000,100025,181,99908,281,100033,181,99885,181,100041,181,99750,181,100072,181,99674,181,100107,181,99673,181,100110,100,99598,100,100117,100,99334,100,100141,100,99293,100,100142,100,99253,100,100154,100,99221,100
2019-06-28 09:57:02.062779670,100025,181,99908,281,100033,81,99885,181,100041,181,99812,100,100072,181,99750,181,100107,181,99674,181,100110,100,99673,181,100117,100,99598,100,100141,100,99334,100,100142,100,99293,100,100154,100,99253,100
2019-06-28 09:57:10.000000000,100025,303,99908,403,100041,303,99885,303,100072,100,99812,100,100107,100,99750,100,100110,100,99674,100,100117,100,99673,100,100141,100,99598,100,100142,100,99334,100,100154,100,99293,100,100155,100,99253,100
2019-06-28 09:57:15.623561529,100025,303,99908,403,100041,303,99885,303,100072,100,99812,100,100107,100,99750,100,100110,100,99674,100,100117,100,99673,100,100133,100,99598,100,100141,100,99334,100,100142,100,99293,100,100154,100,99253,100
2019-06-28 09:57:20.000000000,100025,181,99908,281,100041,181,99885,181,100072,181,99812,181,100107,181,99750,181,100110,181,99674,181,100117,100,99673,100,100133,100,99598,100,100141,100,99334,100,100142,100,99293,100,100154,100,99253,100
2019-06-28 09:57:30.000000000,100025,506,99908,606,100041,100,99885,100,100072,100,99812,100,100107,100,99750,100,100110,100,99674,100,100117,100,99673,100,100133,100,99598,100,100141,100,99334,100,100142,100,99293,100,100154,100,99253,100
2019-06-28 09:57:38.926954060,100025,506,99908,606,100041,100,99885,100,100072,100,99812,100,100107,100,99750,100,100110,100,99674,100,100117,100,99673,100,100133,100,99598,100,100141,100,99334,100,100142,100,99253,100,100154,100,99221,100
2019-06-28 09:57:39.236328825,100025,506,99910,100,100041,100,99908,606,100072,100,99885,100,100107,100,99812,100,100110,100,99750,100,100117,100,99674,100,100133,100,99673,100,100141,100,99598,100,100142,100,99334,100,100154,100,99253,100
2019-06-28 09:57:40.000000000,100025,506,99910,506,100041,100,99908,200,100072,100,99885,100,100107,100,99812,100,100110,100,99750,100,100117,100,99674,100,100133,100,99673,100,100141,100,99598,100,100142,100,99334,100,100154,100,99253,100
2019-06-28 09:57:42.493912157,100025,506,99910,506,100041,100,99908,200,100070,100,99885,100,100072,100,99812,100,100107,100,99750,100,100110,100,99674,100,100117,100,99673,100,100133,100,99598,100,100141,100,99334,100,100142,100,99253,100
2019-06-28 09:57:50.000000000,100025,506,99910,506,100041,100,99908,200,100070,100,99885,100,100072,100,99812,100,100107,100,99750,100,100110,100,99674,100,100117,100,99673,100,100133,100,99598,100,100141,100,99334,100,100142,100,99253,100
2019-06-28 09:57:56.210158041,100025,506,99910,506,100041,100,99908,200,100070,100,99885,100,100072,100,99812,100,100107,100,99750,100,100110,100,99674,100,100117,100,99673,100,100133,100,99598,100,100141,100,99334,100,100142,100,99253,100
2019-06-28 09:58:00.000000000,100025,202,99910,202,100041,202,99908,302,100070,202,99885,202,100072,202,99812,202,100107,100,99750,100,100110,100,99674,100,100117,100,99673,100,100133,100,99598,100,100141,100,99334,100,100142,100,99253,100
2019-06-28 09:58:00.354555681,100025,202,99910,202,100035,100,99908,302,100041,202,99885,202,100070,202,99812,202,100072,202,99750,100,100107,100,99674,100,100110,100,99673,100,100117,100,99598,100,100133,100,99334,100,100141,100,99253,100
2019-06-28 09:58:06.783789406,100025,202,99953,100,100035,100,99910,202,100041,202,99908,302,100070,202,99885,202,100072,202,99812,202,100107,100,99750,100,100110,100,99674,100,100117,100,99673,100,100133,100,99598,100,100141,100,99334,100
2019-06-28 09:58:09.675868652,100025,102,99953,100,100035,100,99910,202,100041,202,99908,302,100070,202,99885,202,100072,202,99812,202,100107,100,99750,100,100110,100,99674,100,100117,100,99673,100,100133,100,99598,100,100141,100,99334,100
2019-06-28 09:58:10.000000000,100035,506,99953,506,100041,100,99910,100,100070,100,99908,200,100072,100,99885,100,100107,100,99812,100,100110,100,99750,100,100117,100,99674,100,100133,100,99673,100,100141,100,99598,100,100142,100,99334,100
2019-06-28 09:58:11.840134077,100035,506,99953,506,100041,100,99910,100,100070,100,99908,200,100072,100,99885,100,100107,100,99812,100,100110,100,99750,100,100117,100,99674,100,100133,100,99673,100,100141,100,99598,100,100142,100,99334,100
2019-06-28 09:58:20.000000000,100035,181,99953,181,100041,181,99910,181,100070,181,99908,281,100072,181,99885,181,100107,181,99812,181,100110,100,99750,100,100117,100,99674,100,100133,100,99673,100,100141,100,99598,100,100142,100,99334,100
2019-06-28 09:58:28.937390698,100035,81,99953,181,100041,181,99910,181,100070,181,99908,281,100072,181,99885,181,100107,181,99812,181,100110,100,99750,100,100117,100,99674,100,100133,100,99673,100,100141,100,99598,100,100142,100,99334,100
2019-06-28 09:58:30.000000000,100041,303,99953,303,100070,303,99910,303,100072,100,99908,200,100107,100,99885,100,100110,100,99812,100,100117,100,99750,100,100133,100,99674,100,100141,100,99673,100,100142,100,99598,100,100154,100,99334,100
2019-06-28 09:58:40.000000000,100041,202,99953,202,100070,202,99910,202,100072,202,99908,302,100107,202,99885,202,100110,100,99812,100,100117,100,99750,100,100133,100,99674,100,100141,100,99673,100,100142,100,99598,100,100154,100,99334,100
2019-06-28 09:58:50.000000000,100041,506,99953,506,100070,100,99910,100,100072,100,99908,200,100107,100,99885,100,100110,100,99812,100,100117,100,99750,100,100133,100,99674,100,100141,100,99673,100,100142,100,99598,100,100154,100,99334,100
2019-06-28 09:59:00.000000000,100041,238,99953,238,100070,234,99910,234,100072,234,99908,334,100107,100,99885,100,100110,100,99812,100,100117,100,99750,100,100133,100,99674,100,100141,100,99673,100,100142,100,99598,100,100154,100,99334,100
2019-06-28 09:59:00.018607563,100041,238,99953,238,100070,234,99910,234,100072,234,99908,334,100107,100,99885,100,100110,100,99812,100,100117,100,99750,100,100122,100,99674,100,100133,100,99673,100,100141,100,99598,100,100142,100,99334,100
2019-06-28 09:59:03.102232180,100041,238,99953,238,100070,234,99910,234,100072,234,99908,334,100107,100,99885,100,100110,100,99812,100,100117,100,99750,100,100122,100,99673,100,100133,100,99598,100,100141,100,99334,100,100142,100,99221,100
2019-06-28 09:59:04.390447017,100041,238,100025,100,100070,234,99953,238,100072,234,99910,234,100107,100,99908,334,100110,100,99885,100,100117,100,99812,100,100122,100,99750,100,100133,100,99673,100,100141,100,99598,100,100142,100,99334,100
2019-06-28 09:59:10.000000000,100041,506,100025,506,100070,100,99953,100,100072,100,99910,100,100107,100,99908,200,100110,100,99885,100,100117,100,99812,100,100122,100,99750,100,100133,100,99673,100,100141,100,99598,100,100142,100,99334,100
2019-06-28 09:59:15.954970727,100041,506,100025,606,100070,100,99953,100,100072,100,99910,100,100107,100,99908,100,100110,100,99885,100,100117,100,99812,100,100122,100,99750,100,100133,100,99673,100,100141,100,99598,100,100142,100,99334,100
2019-06-28 09:59:20.000000000,100041,238,100025,338,100070,234,99953,234,100072,234,99910,234,100107,100,99908,100,100110,100,99885,100,100117,100,99812,100,100122,100,99750,100,100133,100,99673,100,100141,100,99598,100,100142,100,99334,100
2019-06-28 09:59:30.000000000,100041,238,100025,338,100070,234,99953,234,100072,234,99910,234,100107,100,99908,100,100110,100,99885,100,100117,100,99812,100,100122,100,99750,100,100133,100,99673,100,100141,100,99598,100,100142,100,99334,100
2019-06-28 09:59:40.000000000,100041,181,100025,281,100070,181,99953,181,100072,181,99910,181,100107,181,99908,181,100110,181,99885,181,100117,100,99812,100,100122,100,99750,100,100133,100,99673,100,100141,100,99598,100,100142,100,99334,100
2019-06-28 09:59:48.636559947,100041,181,100025,381,100070,181,99953,181,100072,181,99910,181,100107,181,99908,181,100110,181,99885,181,100117,100,99812,100,100122,100,99750,100,100133,100,99673,100,100141,100,99598,100,100142,100,99334,100
2019-06-28 09:59:50.000000000,100041,238,100025,438,100070,234,99953,234,100072,234,99910,234,100107,100,99908,100,100110,100,99885,100,100117,100,99812,100,100122,100,99750,100,100133,100,99673,100,100141,100,99598,100,100142,100,99334,100
2019-06-28 09:59:58.284332496,100041,138,100025,438,100070,234,99953,234,100072,234,99910,234,100107,100,99908,100,100110,100,99885,100,100117,100,99812,100,100122,100,99750,100,100133,100,99673,100,100141,100,99598,100,100154,100,99334,100
2019-06-28 10:00:00.000000000,100070,506,100025,706,100072,100,99953,100,100107,100,99910,100,100110,100,99908,100,100117,100,99885,100,100122,100,99812,100,100133,100,99750,100,100141,100,99673,100,100154,100,99598,100,100155,100,99334,100
2019-06-28 10:00:01.544266987,100070,406,100025,706,100072,100,99953,100,100107,100,99910,100,100110,100,99908,100,100117,100,99885,100,100122,100,99812,100,100133,100,99750,100,100141,100,99673,100,100154,100,99598,100,100155,100,99334,100
2019-06-28 10:00:10.000000000,100072,181,100025,381,100107,181,99953,181,100110,181,99910,181,100117,181,99908,181,100122,181,99885,181,100133,100,99812,100,100141,100,99750,100,100154,100,99673,100,100155,100,99598,100,100157,100,99334,100
2019-06-28 10:00:18.391636858,100072,181,100025,381,100107,181,99953,181,100110,181,99910,181,100117,181,99908,181,100122,181,99885,181,100133,100,99812,100,100141,100,99750,100,100154,100,99673,100,100155,100,99598,100,100157,100,99334,100
2019-06-28 10:00:20.000000000,100072,181,100025,381,100107,181,99953,181,100110,181,99910,181,100117,181,99908,181,100122,181,99885,181,100133,100,99812,100,100141,100,99750,100,100154,100,99673,100,100155,100,99598,100,100157,100,99334,100
2019-06-28 10:00:30.000000000,100072,181,100025,381,100107,181,99953,181,100110,181,99910,181,100117,181,99908,181,100122,181,99885,181,100133,100,99812,100,100141,100,99750,100,100154,100,99673,100,100155,100,99598,100,100157,100,99334,100
2019-06-28 10:00:40.000000000,100072,202,100025,402,100107,202,99953,202,100110,202,99910,202,100117,202,99908,202,100122,100,99885,100,100133,100,99812,100,100141,100,99750,100,100154,100,99673,100,100155,100,99598,100,100157,100,99334,100
2019-06-28 10:00:50.000000000,100072,506,100025,706,100107,100,99953,100,100110,100,99910,100,100117,100,99908,100,100122,100,99885,100,100133,100,99812,100,100141,100,99750,100,100154,100,99673,100,100155,100,99598,100,100157,100,99334,100
2019-06-28 10:01:00.000000000,100072,202,100025,402,100107,202,99953,202,100110,202,99910,202,100117,202,99908,202,100122,100,99885,100,100133,100,99812,100,100141,100,99750,100,100154,100,99673,100,100155,100,99598,100,100157,100,99334,100
2019-06-28 10:01:10.000000000,100072,202,100025,402,100107,202,99953,202,100110,202,99910,202,100117,202,99908,202,100122,100,99885,100,100133,100,99812,100,100141,100,99750,100,100154,100,99673,100,100155,100,99598,100,100157,100,99334,100
2019-06-28 10:01:20.000000000,100072,238,100025,438,100107,234,99953,234,100110,234,99910,234,100117,100,99908,100,100122,100,99885,100,100133,100,99812,100,100141,100,99750,100,100154,100,99673,100,100155,100,99598,100,100157,100,99334,100
2019-06-28 10:01:26.443832379,100072,238,100041,100,100107,234,100025,438,100110,234,99953,234,100117,100,99910,234,100122,100,99908,100,100133,100,99885,100,100141,100,99812,100,100154,100,99750,100,100155,100,99673,100,100157,100,99598,100
2019-06-28 10:01:30.000000000,100072,506,100041,506,100107,100,100025,300,100110,100,99953,100,100117,100,99910,100,100122,100,99908,100,100133,100,99885,100,100141,100,99812,100,100154,100,99750,100,100155,100,99673,100,100157,100,99598,100
2019-06-28 10:01:40.000000000,100072,181,100041,181,100107,181,100025,381,100110,181,99953,181,100117,181,99910,181,100122,181,99908,181,100133,100,99885,100,100141,100,99812,100,100154,100,99750,100,100155,100,99673,100,100157,100,99598,100
2019-06-28 10:01:42.071825606,100072,181,100041,281,100107,181,100025,381,100110,181,99953,181,100117,181,99910,81,100122,181,99908,181,100133,100,99885,100,100141,100,99812,100,100154,100,99750,100,100155,100,99673,100,100157,100,99598,100
2019-06-28 10:01:50.000000000,100072,303,100041,403,100107,303,100025,503,100110,100,99953,100,100117,100,99908,100,100122,100,99885,100,100133,100,99812,100,100141,100,99750,100,100154,100,99673,100,100155,100,99598,100,100157,100,99334,100
2019-06-28 10:01:57.757196877,100072,303,100041,303,100107,303,100025,503,100110,100,99953,100,100117,100,99908,100,100122,100,99885,100,100133,100,99812,100,100141,100,99750,100,100154,100,99673,100,100155,100,99598,100,100157,100,99334,100
2019-06-28 10:02:00.000000000,100072,238,100041,238,100107,234,100025,434,100110,234,99953,234,100117,100,99908,100,100122,100,99885,100,100133,100,99812,100,100141,100,99750,100,100154,100,99673,100,100155,100,99598,100,100157,100,99334,100
2019-06-28 10:02:10.000000000,100072,506,100041,506,100107,100,100025,300,100110,100,99953,100,100117,100,99908,100,100122,100,99885,100,100133,100,99812,100,100141,100,99750,100,100154,100,99673,100,100155,100,99598,100,100157,100,99334,100
2019-06-28 10:02:14.687402933,100072,506,100041,606,100107,100,100025,300,100110,100,99953,100,100117,100,99908,100,100122,100,99885,100,100133,100,99812,100,100141,100,99750,100,100154,100,99673,100,100155,100,99598,100,100157,100,99334,100
2019-06-28 10:02:20.000000000,100072,202,100041,302,100107,202,100025,402,100110,202,99953,202,100117,202,99908,202,100122,100,99885,100,100133,100,99812,100,100141,100,99750,100,100154,100,99673,100,100155,100,99598,100,100157,100,99334,100
2019-06-28 10:02:21.103701469,100072,102,100041,402,100107,202,100025,402,100110,202,99953,202,100117,202,99908,202,100122,100,99885,100,100133,100,99812,100,100141,100,99750,100,100154,100,99673,100,100155,100,99598,100,100157,100,99334,100
2019-06-28 10:02:30.000000000,100107,238,100041,438,100110,234,100025,434,100117,234,99953,234,100122,100,99908,100,100133,100,99885,100,100141,100,99812,100,100154,100,99750,100,100155,100,99673,100,100157,100,99598,100,100167,100,99334,100
2019-06-28 10:02:38.418173994,100107,238,100041,538,100110,234,100025,434,100117,234,99953,234,100122,100,99908,100,100133,100,99885,100,100141,100,99812,100,100154,100,99750,100,100155,100,99673,100,100157,100,99598,100,100167,100,99334,100
2019-06-28 10:02:39.261927085,100107,138,100041,538,100110,234,100025,434,100117,234,99953,234,100122,100,99908,100,100133,100,99885,100,100141,100,99812,100,100154,100,99750,100,100155,100,99673,100,100157,100,99598,100,100167,100,99334,100
2019-06-28 10:02:40.000000000,100110,202,100041,502,100117,202,100025,402,100122,202,99953,202,100133,202,99908,202,100141,100,99885,100,100154,100,99812,100,100155,100,99750,100,100157,100,99673,100,100167,100,99598,100,100181,100,99334,100
2019-06-28 10:02:50.000000000,100110,181,100041,481,100117,181,100025,381,100122,181,99953,181,100133,181,99908,181,100141,181,99885,181,100154,100,99812,100,100155,100,99750,100,100157,100,99673,100,100167,100,99598,100,100181,100,99334,100
2019-06-28 10:02:51.431731555,100110,181,100041,481,100117,181,100025,381,100122,181,99953,181,100133,181,99908,181,100141,181,99885,181,100154,100,99812,100,100155,100,99750,100,100157,100,99673,100,100167,100,99598,100,100181,100,99334,100
2019-06-28 10:03:00.000000000,100110,506,100041,806,100117,100,100025,300,100122,100,99953,100,100133,100,99908,100,100141,100,99885,100,100154,100,99812,100,100155,100,99750,100,100157,100,99673,100,100167,100,99598,100,100181,100,99334,100
2019-06-28 10:03:10.000000000,100110,506,100041,806,100117,100,100025,300,100122,100,99953,100,100133,100,99908,100,100141,100,99885,100,100154,100,99812,100,100155,100,99750,100,100157,100,99673,100,100167,100,99598,100,100181,100,99334,100
2019-06-28 10:03:20.000000000,100110,303,100041,603,100117,303,100025,503,100122,100,99953,100,100133,100,99908,100,100141,100,99885,100,100154,100,99812,100,100155,100,99750,100,100157,100,99673,100,100167,100,99598,100,100181,100,99334,100
2019-06-28 10:03:23.888767149,100110,203,100041,603,100117,303,100025,503,100122,100,99953,100,100133,100,99908,100,100141,100,99812,100,100154,100,99750,100,100155,100,99673,100,100157,100,99598,100,100167,100,99334,100,100181,100,99221,100
2019-06-28 10:03:30.000000000,100117,303,100041,603,100122,303,100025,503,100133,100,99953,100,100141,100,99908,100,100154,100,99812,100,100155,100,99750,100,100157,100,99673,100,100167,100,99598,100,100181,100,99334,100,100223,100,99221,100
2019-06-28 10:03:30.378899973,100117,303,100041,603,100122,303,100025,503,100133,100,99953,100,100141,100,99908,100,100154,100,99812,100,100155,100,99750,100,100157,100,99673,100,100167,100,99598,100,100223,100,99334,100,100229,100,99221,100
2019-06-28 10:03:34.649733857,100117,203,100041,603,100122,303,100025,503,100133,100,99953,100,100141,100,99908,100,100154,100,99812,100,100155,100,99750,100,100157,100,99673,100,100167,100,99598,100,100223,100,99334,100,100229,100,99221,100
2019-06-28 10:03:40.000000000,100122,506,100041,806,100133,100,100025,300,100141,100,99953,100,100154,100,99908,100,100155,100,99812,100,100157,100,99750,100,100167,100,99673,100,100223,100,99598,100,100229,100,99334,100,100274,100,99221,100
2019-06-28 10:03:41.602416757,100122,506,100041,806,100133,100,100025,300,100141,100,99953,100,100154,100,99908,100,100155,100,99812,100,100157,100,99750,100,100167,100,99673,100,100223,100,99598,100,100229,100,99334,100,100274,100,99221,100
2019-06-28 10:03:50.000000000,100122,238,100041,538,100133,234,100025,434,100141,234,99953,234,100154,100,99908,100,100155,100,99812,100,100157,100,99750,100,100167,100,99673,100,100223,100,99598,100,100229,100,99334,100,100274,100,99221,100
2019-06-28 10:04:00.000000000,100122,181,100041,481,100133,181,100025,381,100141,181,99953,181,100154,181,99908,181,100155,181,99812,181,100157,100,99750,100,100167,100,99673,100,100223,100,99598,100,100229,100,99334,100,100274,100,99221,100
2019-06-28 10:04:10.000000000,100122,303,100041,603,100133,303,100025,503,100141,100,99953,100,100154,100,99908,100,100155,100,99812,100,100157,100,99750,100,100167,100,99673,100,100223,100,99598,100,100229,100,99334,100,100274,100,99221,100
2019-06-28 10:04:20.000000000,100122,181,100041,481,100133,181,100025,381,100141,181,99953,181,100154,181,99908,181,100155,181,99812,181,100157,100,99750,100,100167,100,99673,100,100223,100,99598,100,100229,100,99334,100,100274,100,99221,100
2019-06-28 10:04:30.000000000,100122,303,100041,603,100133,303,100025,503,100141,100,99953,100,100154,100,99908,100,100155,100,99812,100,100157,100,99750,100,100167,100,99673,100,100223,100,99598,100,100229,100,99334,100,100274,100,99221,100
2019-06-28 10:04:40.000000000,100122,181,100041,481,100133,181,100025,381,100141,181,99953,181,100154,181,99908,181,100155,181,99812,181,100157,100,99750,100,100167,100,99673,100,100223,100,99598,100,100229,100,99334,100,100274,100,99221,100
2019-06-28 10:04:50.000000000,100122,303,100041,603,100133,303,100025,503,100141,100,99953,100,100154,100,99908,100,100155,100,99812,100,100157,100,99750,100,100167,100,99673,100,100223,100,99598,100,100229,100,99334,100,100274,100,99221,100
2019-06-28 10:04:55.042280381,100122,303,100110,100,100133,303,100041,603,100141,100,100025,503,100154,100,99953,100,100155,100,99812,100,100157,100,99750,100,100167,100,99673,100,100223,100,99598,100,100229,100,99334,100,100274,100,99221,100
2019-06-28 10:05:00.000000000,100122,303,100110,303,100133,303,100041,603,100141,100,100025,300,100154,100,99953,100,100155,100,99812,100,100157,100,99750,100,100167,100,99673,100,100223,100,99598,100,100229,100,99334,100,100274,100,99221,100
2019-06-28 10:05:10.000000000,100122,181,100110,181,100133,181,100041,481,100141,181,100025,381,100154,181,99953,181,100155,181,99812,181,100157,100,99750,100,100167,100,99673,100,100223,100,99598,100,100229,100,99334,100,100274,100,99221,100
2019-06-28 10:05:17.766367869,100122,81,100110,181,100133,181,100041,481,100141,181,100025,381,100154,181,99953,181,100155,181,99812,181,100157,100,99750,100,100167,100,99673,100,100223,100,99598,100,100229,100,99334,100,100304,100,99221,100
2019-06-28 10:05:20.000000000,100133,202,100110,202,100141,202,100041,502,100154,202,100025,402,100155,202,99953,202,100157,100,99812,100,100167,100,99750,100,100223,100,99673,100,100229,100,99598,100,100304,100,99334,100,100400,100,99221,100
2019-06-28 10:05:30.000000000,100133,506,100110,506,100141,100,100041,400,100154,100,100025,300,100155,100,99953,100,100157,100,99812,100,100167,100,99750,100,100223,100,99673,100,100229,100,99598,100,100304,100,99334,100,100400,100,99221,100
2019-06-28 10:05:40.000000000,100133,202,100110,202,100141,202,100041,502,100154,202,100025,402,100155,202,99953,202,100157,100,99812,100,100167,100,99750,100,100223,100,99673,100,100229,100,99598,100,100304,100,99334,100,100400,100,99221,100
2019-06-28 10:05:44.415739058,100133,202,100110,202,100141,202,100041,502,100154,202,100025,402,100155,202,99953,202,100157,100,99812,100,100167,100,99750,100,100223,100,99673,100,100229,100,99598,100,100304,100,99334,100,100400,100,99221,100
2019-06-28 10:05:50.000000000,100133,202,100110,202,100141,202,100041,502,100154,202,100025,402,100155,202,99953,202,100157,100,99812,100,100167,100,99750,100,100223,100,99673,100,100229,100,99598,100,100304,100,99334,100,100400,100,99221,100
2019-06-28 10:05:53.107213472,100133,202,100110,202,100141,202,100041,502,100154,202,100025,402,100155,202,99953,202,100157,100,99812,100,100167,100,99750,100,100223,100,99673,100,100229,100,99598,100,100304,100,99334,100,100400,100,99221,100
2019-06-28 10:06:00.000000000,100133,181,100110,181,100141,181,100041,481,100154,181,100025,381,100155,181,99953,181,100157,181,99812,181,100167,100,99750,100,100223,100,99673,100,100229,100,99598,100,100304,100,99334,100,100400,100,99221,100
2019-06-28 10:06:10.000000000,100133,506,100110,506,100141,100,100041,400,100154,100,100025,300,100155,100,99953,100,100157,100,99812,100,100167,100,99750,100,100223,100,99673,100,100229,100,99598,100,100304,100,99334,100,100400,100,99221,100
2019-06-28 10:06:20.000000000,100133,303,100110,303,100141,303,100041,603,100154,100,100025,300,100155,100,99953,100,100157,100,99812,100,100167,100,99750,100,100223,100,99673,100,100229,100,99598,100,100304,100,99334,100,100400,100,99221,100
2019-06-28 10:06:23.194161820,100133,303,100110,303,100141,203,100041,603,100154,100,100025,300,100155,100,99953,100,100157,100,99812,100,100167,100,99750,100,100223,100,99673,100,100229,100,99598,100,100304,100,99334,100,100400,100,99221,100
2019-06-28 10:06:30.000000000,100133,303,100110,303,100154,303,100041,603,100155,100,100025,300,100157,100,99953,100,100167,100,99812,100,100223,100,99750,100,100229,100,99673,100,100304,100,99598,100,100400,100,99334,100,100888,100,99221,100
2019-06-28 10:06:40.000000000,100133,303,100110,303,100154,303,100041,603,100155,100,100025,300,100157,100,99953,100,100167,100,99812,100,100223,100,99750,100,100229,100,99673,100,100304,100,99598,100,100400,100,99334,100,100888,100,99221,100
2019-06-28 10:06:40.417427623,100133,303,100110,303,100154,303,100041,603,100155,100,100025,300,100157,100,99953,100,100167,100,99812,100,100223,100,99750,100,100229,100,99673,100,100304,100,99598,100,100400,100,99334,100,100888,100,99221,100
2019-06-28 10:06:50.000000000,100133,303,100110,303,100154,303,100041,603,100155,100,100025,300,100157,100,99953,100,100167,100,99812,100,100223,100,99750,100,100229,100,99673,100,100304,100,99598,100,100400,100,99334,100,100888,100,99221,100
2019-06-28 10:06:55.158607785,100133,203,100110,303,100154,303,100041,603,100155,100,100025,300,100157,100,99953,100,100167,100,99750,100,100223,100,99673,100,100229,100,99598,100,100304,100,99334,100,100400,100,99221,100,100888,100,99198,100
2019-06-28 10:07:00.000000000,100154,303,100110,303,100155,303,100041,603,100157,100,100025,300,100167,100,99953,100,100223,100,99750,100,100229,100,99673,100,100304,100,99598,100,100400,100,99334,100,100888,100,99221,100,100944,100,99198,100
2019-06-28 10:07:10.000000000,100154,181,100110,181,100155,181,100041,481,100157,181,100025,381,100167,181,99953,181,100223,181,99750,181,100229,100,99673,100,100304,100,99598,100,100400,100,99334,100,100888,100,99221,100,100944,100,99198,100
