,ask_price_1,ask_size_1,bid_price_1,bid_size_1,ask_price_2,ask_size_2,bid_price_2,bid_size_2,ask_price_3,ask_size_3,bid_price_3,bid_size_3,ask_price_4,ask_size_4,bid_price_4,bid_size_4,ask_price_5,ask_size_5,bid_price_5,bid_size_5,ask_price_6,ask_size_6,bid_price_6,bid_size_6,ask_price_7,ask_size_7,bid_price_7,bid_size_7,ask_price_8,ask_size_8,bid_price_8,bid_size_8,ask_price_9,ask_size_9,bid_price_9,bid_size_9,ask_price_10,ask_size_10,bid_price_10,bid_size_10
2019-06-28 09:30:00.000000000,100062,100,,,,,,,,,,,,,,,,,,,,,,,,,,,,,,,,,,,,,,
2019-06-28 09:30:00.000000003,100062,100,99955,100,100161,100,,,,,,,,,,,,,,,,,,,,,,,,,,,,,,,,,,
2019-06-28 09:30:00.000000005,100062,100,99955,100,100161,100,99917,100,,,,,,,,,,,,,,,,,,,,,,,,,,,,,,,,
2019-06-28 09:30:00.000000006,100062,100,99955,100,100072,100,99917,100,100107,100,,,100161,100,,,,,,,,,,,,,,,,,,,,,,,,,,
2019-06-28 09:30:00.000000008,100062,100,99963,100,100072,100,99955,100,100107,100,99917,100,100161,100,,,,,,,,,,,,,,,,,,,,,,,,,,
2019-06-28 09:30:00.000000010,100062,100,99964,100,100071,100,99963,100,100072,100,99955,100,100107,100,99917,100,100161,100,,,,,,,,,,,,,,,,,,,,,,
2019-06-28 09:30:00.000000014,100022,100,99964,100,100062,100,99963,100,100071,100,99955,100,100072,200,99917,100,100107,100,,,100161,100,,,,,,,,,,,,,,,,,,
2019-06-28 09:30:00.000000017,100022,100,99964,100,100062,100,99963,100,100071,100,99955,100,100072,200,99945,100,100107,100,99917,100,100161,100,,,,,,,,,,,,,,,,,,
2019-06-28 09:30:00.000000018,100062,100,99964,100,100071,100,99963,100,100072,200,99955,100,100107,100,99945,100,100161,100,99917,100,,,,,,,,,,,,,,,,,,,,
2019-06-28 09:30:00.000000019,100062,100,99964,100,100071,100,99963,100,100072,200,99955,100,100106,100,99945,100,100107,100,99917,100,100161,100,,,,,,,,,,,,,,,,,,
2019-06-28 09:30:00.000000020,100038,100,99964,100,100062,100,99963,100,100071,100,99955,100,100072,200,99945,100,100106,100,99917,100,100107,100,,,100161,100,,,,,,,,,,,,,,
2019-06-28 09:30:00.000000022,100038,100,99964,100,100062,100,99963,100,100067,100,99955,100,100071,100,99945,100,100072,200,99941,100,100106,100,99917,100,100107,100,,,100161,100,,,,,,,,,,
2019-06-28 09:30:00.000000025,100038,100,99964,100,100062,100,99963,100,100067,100,99955,100,100071,100,99945,100,100072,200,99941,100,100100,100,99917,100,100104,100,,,100106,100,,,100107,100,,,100161,100,,
2019-06-28 09:30:00.000000026,100038,100,99997,100,100062,100,99964,100,100067,100,99963,100,100071,100,99956,100,100072,200,99955,100,100100,100,99945,100,100104,100,99941,100,100106,100,99917,100,100107,100,,,100161,100,,
2019-06-28 09:30:00.000000027,100038,100,99997,100,100062,100,99964,100,100067,100,99963,100,100071,100,99956,100,100072,200,99955,100,100100,100,99945,100,100104,100,99941,100,100106,100,99917,100,100107,100,99916,100,100161,100,,
2019-06-28 09:30:00.000000028,100038,100,100030,100,100062,100,99997,100,100067,100,99964,100,100071,100,99963,100,100072,200,99956,100,100100,100,99955,100,100104,100,99945,100,100106,100,99941,100,100107,100,99939,100,100161,100,99917,100
2019-06-28 09:30:00.000000029,100038,100,100030,100,100062,100,99997,100,100067,100,99964,100,100071,100,99963,100,100072,200,99956,100,100100,100,99955,100,100104,100,99945,100,100106,100,99941,100,100107,100,99939,100,100149,100,99917,100
2019-06-28 09:30:00.000000030,100038,100,100030,100,100062,100,99997,100,100067,100,99996,100,100071,100,99964,100,100072,200,99963,100,100100,100,99956,100,100104,100,99955,100,100106,100,99945,100,100107,100,99941,100,100149,100,99939,100
2019-06-28 09:30:00.000000031,100038,100,100030,100,100062,100,99997,100,100067,100,99996,100,100071,100,99964,100,100072,200,99963,100,100100,100,99956,100,100104,100,99955,100,100106,100,99945,100,100107,100,99941,100,100149,100,99939,100
2019-06-28 09:30:00.000000032,100038,100,100030,100,100062,100,99997,100,100067,100,99996,100,100071,100,99964,100,100072,200,99963,100,100100,100,99956,100,100104,100,99955,100,100106,100,99945,100,100107,100,99941,100,100149,100,99939,100
2019-06-28 09:30:00.000000033,100038,100,100030,100,100062,100,99997,100,100067,100,99996,100,100071,200,99964,100,100072,200,99963,100,100080,100,99957,100,100100,100,99956,100,100104,100,99955,100,100106,100,99945,100,100107,100,99941,100
2019-06-28 09:30:00.000000037,100038,100,100030,100,100062,100,99997,100,100067,100,99996,100,100071,200,99978,100,100072,200,99964,100,100080,100,99963,100,100100,100,99957,100,100104,100,99956,100,100106,100,99955,100,100107,100,99945,100
2019-06-28 09:30:00.000000038,100038,100,100030,100,100062,100,99997,100,100067,100,99996,100,100071,200,99978,100,100072,200,99964,100,100080,100,99963,100,100100,100,99957,100,100104,100,99956,100,100106,100,99955,100,100107,100,99945,100
2019-06-28 09:30:00.000000039,100038,100,100030,100,100062,100,99997,100,100067,100,99996,100,100071,200,99978,100,100072,200,99964,100,100078,100,99963,100,100080,100,99957,100,100100,100,99956,100,100104,100,99955,100,100106,100,99945,100
2019-06-28 09:30:00.000000041,100030,100,99997,100,100038,100,99996,100,100062,100,99978,100,100067,100,99964,100,100071,200,99963,100,100072,200,99957,100,100078,100,99956,100,100080,100,99955,100,100100,100,99945,100,100104,100,99941,100
2019-06-28 09:30:00.000000042,100030,100,99997,100,100038,100,99996,100,100062,100,99978,100,100067,100,99964,100,100071,200,99963,100,100072,200,99957,100,100078,100,99956,100,100080,100,99955,100,100100,100,99945,100,100104,100,99941,100
2019-06-28 09:30:00.000000043,100030,100,99997,100,100038,100,99996,100,100059,100,99978,100,100062,100,99964,100,100067,100,99963,100,100071,200,99957,100,100072,200,99956,100,100078,100,99955,100,100080,100,99945,100,100100,100,99941,100
2019-06-28 09:30:00.000000045,100030,100,99997,100,100038,100,99996,100,100059,100,99987,100,100062,100,99978,100,100067,100,99964,100,100071,200,99963,100,100072,200,99957,100,100078,100,99956,100,100080,100,99955,100,100100,100,99945,100
2019-06-28 09:30:00.000000046,100030,100,99996,100,100038,100,99987,100,100059,100,99978,100,100062,100,99964,100,100067,100,99963,100,100071,200,99957,100,100072,200,99956,100,100078,100,99955,100,100080,100,99945,100,100100,100,99941,100
2019-06-28 09:30:00.000000048,100018,100,99996,100,100030,100,99987,100,100038,100,99978,100,100041,100,99964,100,100059,100,99963,100,100062,100,99957,100,100067,100,99956,100,100071,200,99955,100,100072,200,99945,100,100078,100,99941,100
2019-06-28 09:30:00.000000050,100018,100,99996,100,100030,100,99987,100,100038,100,99978,100,100041,100,99964,100,100059,100,99963,100,100062,100,99957,100,100067,100,99956,100,100071,200,99955,100,100072,200,99945,100,100078,100,99941,100
2019-06-28 09:30:00.000000052,100018,100,99996,100,100030,100,99987,100,100038,100,99978,100,100041,100,99964,100,100059,100,99963,100,100062,100,99957,100,100067,100,99956,100,100071,200,99955,100,100072,200,99945,100,100078,100,99941,100
2019-06-28 09:30:00.000000054,100018,100,99996,100,100030,100,99987,100,100038,100,99978,100,100041,100,99964,100,100059,100,99963,100,100062,100,99957,100,100067,100,99956,100,100071,200,99955,100,100072,200,99945,100,100078,100,99941,100
2019-06-28 09:30:00.000000060,100030,100,99996,100,100038,100,99987,100,100041,100,99978,100,100059,100,99964,100,100062,100,99963,100,100067,100,99957,100,100071,200,99956,100,100072,200,99955,100,100078,100,99945,100,100080,100,99941,100
2019-06-28 09:30:00.000000061,100030,100,99996,100,100038,100,99987,100,100041,100,99978,100,100059,100,99964,100,100062,100,99963,100,100067,100,99957,100,100071,200,99956,100,100072,200,99955,100,100078,100,99945,100,100080,100,99941,100
2019-06-28 09:30:00.000000063,100018,100,99996,100,100030,100,99987,100,100038,100,99978,100,100041,100,99964,100,100059,100,99963,100,100062,100,99957,100,100067,100,99956,100,100071,200,99955,100,100072,200,99945,100,100078,100,99941,100
2019-06-28 09:30:00.000000065,100018,100,99996,100,100030,100,99987,100,100038,100,99978,100,100041,100,99964,100,100059,100,99963,100,100062,100,99957,100,100067,100,99956,100,100071,200,99955,100,100072,200,99945,100,100078,100,99941,100
2019-06-28 09:30:00.000000066,100018,100,99996,200,100030,100,99987,100,100038,100,99978,100,100041,100,99964,100,100059,100,99963,100,100062,100,99957,100,100067,100,99956,100,100071,200,99955,100,100072,200,99945,100,100078,100,99941,100
2019-06-28 09:30:00.000000067,100018,100,99996,200,100030,100,99987,100,100038,100,99978,100,100041,100,99964,100,100059,100,99963,100,100062,100,99957,100,100067,100,99956,100,100071,200,99955,100,100072,200,99945,100,100078,100,99941,100
2019-06-28 09:30:00.000000068,100018,100,99996,200,100030,100,99987,100,100038,100,99978,100,100041,100,99964,100,100059,100,99963,100,100062,100,99957,100,100067,100,99956,100,100071,200,99955,100,100072,200,99945,100,100078,100,99941,100
2019-06-28 09:30:00.000000070,100018,100,99996,200,100021,100,99987,100,100030,100,99978,100,100038,100,99964,100,100041,100,99963,100,100059,100,99957,100,100062,100,99956,100,100067,100,99955,100,100071,200,99945,100,100072,200,99941,100
2019-06-28 09:30:00.000000071,100018,100,99996,200,100021,100,99987,100,100030,100,99978,100,100038,100,99964,100,100041,100,99963,100,100059,100,99957,100,100062,100,99956,100,100067,100,99955,100,100071,200,99945,100,100072,200,99941,100
2019-06-28 09:30:00.000000074,100018,100,99996,200,100021,100,99987,100,100030,100,99978,100,100038,100,99964,100,100041,100,99963,100,100050,100,99957,100,100059,100,99956,100,100062,100,99955,100,100067,100,99945,100,100071,200,99941,100
2019-06-28 09:30:00.000000075,100018,100,99996,200,100021,100,99987,100,100030,100,99978,100,100038,100,99964,100,100041,100,99963,100,100050,100,99957,100,100059,100,99956,100,100062,100,99955,100,100067,100,99945,100,100071,200,99941,100
2019-06-28 09:30:00.000000078,100018,100,99996,200,100021,100,99987,100,100030,100,99978,100,100038,100,99964,100,100041,100,99963,100,100050,100,99957,100,100059,100,99956,100,100062,100,99955,100,100067,100,99945,100,100071,200,99941,100
2019-06-28 09:30:00.000000084,100018,100,99996,100,100021,100,99987,100,100030,100,99978,100,100038,100,99964,100,100041,100,99963,100,100050,100,99957,100,100059,100,99956,100,100062,100,99955,100,100067,100,99945,100,100071,200,99941,100
2019-06-28 09:30:00.000000090,100018,100,99996,100,100021,100,99987,100,100025,100,99978,100,100030,100,99964,100,100038,100,99963,100,100041,100,99957,100,100050,100,99956,100,100059,100,99955,100,100062,100,99945,100,100067,100,99941,100
2019-06-28 09:30:00.000000091,100021,100,99996,100,100025,100,99987,100,100030,100,99978,100,100038,100,99964,100,100041,100,99963,100,100050,100,99957,100,100059,100,99956,100,100062,100,99955,100,100067,100,99945,100,100071,200,99941,100
2019-06-28 09:30:00.000000093,100018,100,99996,100,100021,100,99987,100,100025,100,99978,100,100030,100,99964,100,100038,100,99963,100,100041,100,99957,100,100050,100,99956,100,100059,100,99955,100,100062,100,99945,100,100067,100,99941,100
2019-06-28 09:30:00.000000095,100018,300,99996,100,100021,100,99987,100,100025,100,99978,100,100030,100,99964,100,100038,100,99963,100,100041,100,99957,100,100050,100,99956,100,100059,100,99955,100,100062,100,99945,100,100067,100,99941,100
2019-06-28 09:30:00.000000096,100018,400,99996,100,100021,100,99987,100,100025,100,99978,100,100030,100,99964,100,100038,100,99963,100,100041,100,99957,100,100050,100,99956,100,100059,100,99955,100,100062,100,99945,100,100067,100,99941,100
2019-06-28 09:30:00.000000099,100018,500,99996,100,100021,100,99987,100,100025,100,99978,100,100030,100,99964,100,100038,100,99963,100,100041,100,99957,100,100050,100,99956,100,100059,100,99955,100,100062,100,99945,100,100067,100,99941,100
2019-06-28 09:30:08.262682439,100018,600,99996,100,100021,100,99987,100,100025,100,99978,100,100030,100,99964,100,100041,100,99963,100,100050,100,99957,100,100059,100,99956,100,100062,100,99955,100,100067,100,99945,100,100071,200,99941,100
2019-06-28 09:30:10.000000000,100018,685,99996,185,100021,185,99987,185,100025,185,99978,185,100030,185,99964,185,100041,185,99963,185,100050,100,99957,100,100059,100,99956,100,100062,100,99955,100,100067,100,99945,100,100071,200,99941,100
2019-06-28 09:30:11.771846401,100018,685,99996,185,100021,185,99987,185,100025,185,99978,185,100030,185,99964,185,100041,185,99963,185,100050,100,99957,100,100059,100,99956,100,100062,100,99955,100,100067,100,99945,100,100071,200,99941,100
2019-06-28 09:30:20.000000000,100018,1024,99996,524,100021,100,99987,100,100025,100,99978,100,100030,100,99964,100,100041,100,99963,100,100050,100,99957,100,100059,100,99956,100,100062,100,99955,100,100067,100,99945,100,100071,200,99941,100
2019-06-28 09:30:30.000000000,100018,744,99996,244,100021,240,99987,240,100025,240,99978,240,100030,100,99964,100,100041,100,99963,100,100050,100,99957,100,100059,100,99956,100,100062,100,99955,100,100067,100,99945,100,100071,200,99941,100
2019-06-28 09:30:40.000000000,100018,685,99996,185,100021,185,99987,185,100025,185,99978,185,100030,185,99964,185,100041,185,99963,185,100050,100,99957,100,100059,100,99956,100,100062,100,99955,100,100067,100,99945,100,100071,200,99941,100
2019-06-28 09:30:50.000000000,100018,744,99996,244,100021,240,99987,240,100025,240,99978,240,100030,100,99964,100,100041,100,99963,100,100050,100,99957,100,100059,100,99956,100,100062,100,99955,100,100067,100,99945,100,100071,200,99941,100
2019-06-28 09:31:00.000000000,100018,812,99996,312,100021,312,99987,312,100025,100,99978,100,100030,100,99964,100,100041,100,99963,100,100050,100,99957,100,100059,100,99956,100,100062,100,99955,100,100067,100,99945,100,100071,200,99941,100
2019-06-28 09:31:10.000000000,100018,706,99996,206,100021,206,99987,206,100025,206,99978,206,100030,206,99964,206,100041,100,99963,100,100050,100,99957,100,100059,100,99956,100,100062,100,99955,100,100067,100,99945,100,100071,200,99941,100
2019-06-28 09:31:20.000000000,100018,1024,99996,524,100021,100,99987,100,100025,100,99978,100,100030,100,99964,100,100041,100,99963,100,100050,100,99957,100,100059,100,99956,100,100062,100,99955,100,100067,100,99945,100,100071,200,99941,100
2019-06-28 09:31:28.204250163,100018,1024,99996,524,100021,100,99987,100,100025,100,99978,100,100030,100,99964,100,100041,100,99963,100,100050,100,99957,100,100059,100,99956,100,100062,100,99955,100,100067,100,99945,100,100071,200,99941,100
2019-06-28 09:31:30.000000000,100018,744,99996,244,100021,240,99987,240,100025,240,99978,240,100030,100,99964,100,100041,100,99963,100,100050,100,99957,100,100059,100,99956,100,100062,100,99955,100,100067,100,99945,100,100071,200,99941,100
2019-06-28 09:31:40.000000000,100018,685,99996,185,100021,185,99987,185,100025,185,99978,185,100030,185,99964,185,100041,185,99963,185,100050,100,99957,100,100059,100,99956,100,100062,100,99955,100,100067,100,99945,100,100071,200,99941,100
2019-06-28 09:31:50.000000000,100018,1024,99996,524,100021,100,99987,100,100025,100,99978,100,100030,100,99964,100,100041,100,99963,100,100050,100,99957,100,100059,100,99956,100,100062,100,99955,100,100067,100,99945,100,100071,200,99941,100
2019-06-28 09:31:56.668724671,100018,924,99996,524,100021,100,99987,100,100025,100,99978,100,100030,100,99964,100,100041,100,99963,100,100050,100,99957,100,100059,100,99956,100,100062,100,99955,100,100067,100,99945,100,100071,200,99941,100
2019-06-28 09:31:56.726016274,100018,824,99996,524,100021,100,99987,100,100025,100,99978,100,100030,100,99964,100,100041,100,99963,100,100050,100,99957,100,100059,100,99956,100,100062,100,99955,100,100067,100,99945,100,100071,200,99941,100
2019-06-28 09:32:00.000000000,100018,824,99996,524,100021,100,99987,100,100025,100,99978,100,100030,100,99964,100,100041,100,99963,100,100050,100,99957,100,100059,100,99956,100,100062,100,99955,100,100067,100,99945,100,100071,200,99941,100
2019-06-28 09:32:10.000000000,100018,485,99996,185,100021,185,99987,185,100025,185,99978,185,100030,185,99964,185,100041,185,99963,185,100050,100,99957,100,100059,100,99956,100,100062,100,99955,100,100067,100,99945,100,100071,200,99941,100
2019-06-28 09:32:19.631718656,100018,385,99996,185,100021,185,99987,185,100025,185,99978,185,100030,185,99964,185,100041,185,99963,185,100050,100,99957,100,100059,100,99956,100,100062,100,99955,100,100067,100,99945,100,100071,200,99941,100
2019-06-28 09:32:20.000000000,100018,444,99996,244,100021,240,99987,240,100025,240,99978,240,100030,100,99964,100,100041,100,99963,100,100050,100,99957,100,100059,100,99956,100,100062,100,99955,100,100067,100,99945,100,100071,200,99941,100
2019-06-28 09:32:30.000000000,100018,385,99996,185,100021,185,99987,185,100025,185,99978,185,100030,185,99964,185,100041,185,99963,185,100050,100,99957,100,100059,100,99956,100,100062,100,99955,100,100067,100,99945,100,100071,200,99941,100
2019-06-28 09:32:35.761899774,100018,285,99996,185,100021,185,99987,185,100025,185,99978,185,100030,185,99964,85,100041,185,99963,185,100050,100,99957,100,100059,100,99956,100,100062,100,99955,100,100067,100,99945,100,100071,200,99941,100
2019-06-28 09:32:40.000000000,100018,306,99996,206,100021,206,99987,206,100025,206,99978,206,100030,206,99963,206,100041,100,99957,100,100050,100,99956,100,100059,100,99955,100,100062,100,99945,100,100067,100,99941,100,100071,200,99940,100
2019-06-28 09:32:42.238350988,100018,206,99996,206,100021,206,99987,206,100025,206,99978,206,100030,206,99963,206,100041,100,99957,100,100050,100,99956,100,100059,100,99955,100,100062,100,99945,100,100067,100,99941,100,100071,200,99940,100
2019-06-28 09:32:50.000000000,100018,312,99996,312,100021,312,99987,312,100025,100,99978,100,100030,100,99963,100,100041,100,99957,100,100050,100,99956,100,100059,100,99955,100,100062,100,99945,100,100067,100,99941,100,100071,200,99940,100
2019-06-28 09:33:00.000000000,100018,524,99996,524,100021,100,99987,100,100025,100,99978,100,100030,100,99963,100,100041,100,99957,100,100050,100,99956,100,100059,100,99955,100,100062,100,99945,100,100067,100,99941,100,100071,200,99940,100
2019-06-28 09:33:10.000000000,100018,524,99996,524,100021,100,99987,100,100025,100,99978,100,100030,100,99963,100,100041,100,99957,100,100050,100,99956,100,100059,100,99955,100,100062,100,99945,100,100067,100,99941,100,100071,200,99940,100
2019-06-28 09:33:20.000000000,100018,524,99996,524,100021,100,99987,100,100025,100,99978,100,100030,100,99963,100,100041,100,99957,100,100050,100,99956,100,100059,100,99955,100,100062,100,99945,100,100067,100,99941,100,100071,200,99940,100
2019-06-28 09:33:30.000000000,100018,244,99996,244,100021,240,99987,240,100025,240,99978,240,100030,100,99963,100,100041,100,99957,100,100050,100,99956,100,100059,100,99955,100,100062,100,99945,100,100067,100,99941,100,100071,200,99940,100
2019-06-28 09:33:40.000000000,100018,206,99996,206,100021,206,99987,206,100025,206,99978,206,100030,206,99963,206,100041,100,99957,100,100050,100,99956,100,100059,100,99955,100,100062,100,99945,100,100067,100,99941,100,100071,200,99940,100
2019-06-28 09:33:41.118277424,100018,206,99996,206,100021,206,99987,206,100025,206,99978,206,100030,206,99963,206,100041,100,99957,100,100050,100,99956,100,100059,100,99955,100,100067,100,99945,100,100071,200,99941,100,100072,100,99940,100
2019-06-28 09:33:42.789845994,100018,106,99996,206,100021,206,99987,206,100025,206,99978,206,100030,206,99963,206,100041,100,99957,100,100050,100,99956,100,100059,100,99955,100,100067,100,99945,100,100071,200,99941,100,100072,100,99940,100
2019-06-28 09:33:50.000000000,100021,244,99996,244,100025,240,99987,240,100030,240,99978,240,100041,100,99963,100,100050,100,99957,100,100059,100,99956,100,100067,100,99955,100,100071,200,99945,100,100072,100,99941,100,100078,100,99940,100
2019-06-28 09:33:50.148818329,100021,244,99996,244,100025,240,99987,240,100030,240,99978,240,100041,100,99963,100,100050,100,99957,100,100059,100,99956,100,100067,100,99955,100,100071,200,99945,100,100072,100,99940,100,100078,100,99939,100
2019-06-28 09:34:00.000000000,100021,312,99996,312,100025,312,99987,312,100030,100,99978,100,100041,100,99963,100,100050,100,99957,100,100059,100,99956,100,100067,100,99955,100,100071,200,99945,100,100072,100,99940,100,100078,100,99939,100
2019-06-28 09:34:10.000000000,100021,185,99996,185,100025,185,99987,185,100030,185,99978,185,100041,185,99963,185,100050,185,99957,185,100059,100,99956,100,100067,100,99955,100,100071,200,99945,100,100072,100,99940,100,100078,100,99939,100
2019-06-28 09:34:20.000000000,100021,206,99996,206,100025,206,99987,206,100030,206,99978,206,100041,206,99963,206,100050,100,99957,100,100059,100,99956,100,100067,100,99955,100,100071,200,99945,100,100072,100,99940,100,100078,100,99939,100
2019-06-28 09:34:21.748337040,100021,206,99996,206,100025,206,99987,206,100030,206,99978,206,100041,206,99963,206,100050,100,99957,100,100059,100,99956,100,100067,100,99955,100,100071,200,99945,100,100072,100,99940,100,100078,100,99939,100
2019-06-28 09:34:30.000000000,100021,524,99996,524,100025,100,99987,100,100030,100,99978,100,100041,100,99963,100,100050,100,99957,100,100059,100,99956,100,100067,100,99955,100,100071,200,99945,100,100072,100,99940,100,100078,100,99939,100
2019-06-28 09:34:40.000000000,100021,185,99996,185,100025,185,99987,185,100030,185,99978,185,100041,185,99963,185,100050,185,99957,185,100059,100,99956,100,100067,100,99955,100,100071,200,99945,100,100072,100,99940,100,100078,100,99939,100
2019-06-28 09:34:40.269794711,100021,85,99996,185,100025,185,99987,185,100030,185,99978,185,100041,185,99963,185,100050,185,99957,185,100059,100,99956,100,100067,100,99955,100,100071,200,99945,100,100072,100,99940,100,100078,100,99939,100
2019-06-28 09:34:49.756243995,100021,85,99996,185,100025,185,99987,185,100030,185,99978,185,100041,185,99963,185,100050,185,99957,185,100059,100,99956,100,100067,100,99955,100,100071,200,99945,100,100072,100,99940,100,100078,100,99939,100
2019-06-28 09:34:50.000000000,100025,185,99996,185,100030,185,99987,185,100041,185,99978,185,100050,185,99963,185,100059,185,99957,185,100067,100,99956,100,100071,200,99955,100,100072,100,99945,100,100078,100,99940,100,100080,100,99939,100
2019-06-28 09:34:51.187065911,100025,85,99996,185,100030,185,99987,185,100041,185,99978,185,100050,185,99963,185,100059,185,99957,185,100067,100,99956,100,100071,100,99955,100,100072,100,99945,100,100078,100,99940,100,100080,100,99939,100
2019-06-28 09:35:00.000000000,100030,312,99996,312,100041,312,99987,312,100050,100,99978,100,100059,100,99963,100,100067,100,99957,100,100071,100,99956,100,100072,100,99955,100,100078,100,99945,100,100080,100,99940,100,100088,100,99939,100
2019-06-28 09:35:02.439181560,100030,212,99996,312,100041,312,99987,312,100050,100,99978,100,100059,100,99963,100,100067,100,99957,100,100071,100,99956,100,100072,100,99955,100,100078,100,99945,100,100080,100,99940,100,100088,100,99939,100
2019-06-28 09:35:10.000000000,100041,524,99996,524,100050,100,99987,100,100059,100,99978,100,100067,100,99963,100,100071,100,99957,100,100072,100,99956,100,100078,100,99955,100,100080,100,99945,100,100088,100,99940,100,100100,100,99939,100
2019-06-28 09:35:12.245332643,100041,524,99996,524,100050,100,99987,100,100059,100,99978,100,100067,100,99963,100,100071,100,99957,100,100072,100,99956,100,100078,100,99955,100,100080,100,99945,100,100088,100,99940,100,100103,100,99939,100
2019-06-28 09:35:16.012443838,100041,524,99996,524,100050,100,99987,100,100059,100,99978,100,100067,100,99963,100,100071,100,99957,100,100072,100,99956,100,100078,100,99955,100,100080,100,99945,100,100088,100,99940,100,100103,100,99939,100
2019-06-28 09:35:20.000000000,100041,312,99996,312,100050,312,99987,312,100059,100,99978,100,100067,100,99963,100,100071,100,99957,100,100072,100,99956,100,100078,100,99955,100,100080,100,99945,100,100088,100,99940,100,100103,100,99939,100
2019-06-28 09:35:22.995591199,100041,212,99996,312,100050,312,99987,312,100059,100,99978,100,100067,100,99963,100,100071,100,99957,100,100072,100,99956,100,100078,100,99955,100,100080,100,99945,100,100088,100,99940,100,100103,100,99939,100
2019-06-28 09:35:30.000000000,100050,524,99996,524,100059,100,99987,100,100067,100,99978,100,100071,100,99963,100,100072,100,99957,100,100078,100,99956,100,100080,100,99955,100,100088,100,99945,100,100103,100,99940,100,100104,100,99939,100
2019-06-28 09:35:30.211099763,100050,524,99996,524,100059,100,99987,100,100067,100,99978,100,100071,100,99963,100,100072,100,99956,100,100078,100,99955,100,100080,100,99945,100,100088,100,99940,100,100103,100,99939,100,100104,100,99917,100
2019-06-28 09:35:39.989971858,100050,524,99996,524,100059,100,99987,100,100067,100,99978,100,100071,100,99963,100,100072,100,99956,100,100078,100,99955,100,100088,100,99945,100,100103,100,99940,100,100104,100,99939,100,100106,100,99917,100
2019-06-28 09:35:40.000000000,100050,206,99996,206,100059,206,99987,206,100067,206,99978,206,100071,206,99963,206,100072,100,99956,100,100078,100,99955,100,100088,100,99945,100,100103,100,99940,100,100104,100,99939,100,100106,100,99917,100
2019-06-28 09:35:43.731387938,100050,206,99996,206,100059,206,99987,206,100067,206,99978,206,100071,206,99963,206,100072,100,99956,100,100078,100,99955,100,100088,100,99945,100,100104,100,99940,100,100106,100,99939,100,100107,100,99917,100
2019-06-28 09:35:50.000000000,100050,524,99996,524,100059,100,99987,100,100067,100,99978,100,100071,100,99963,100,100072,100,99956,100,100078,100,99955,100,100088,100,99945,100,100104,100,99940,100,100106,100,99939,100,100107,100,99917,100
2019-06-28 09:35:58.747062483,100050,524,99996,524,100059,100,99987,100,100067,100,99978,100,100071,100,99963,100,100072,100,99956,100,100078,100,99955,100,100088,100,99945,100,100104,100,99940,100,100106,100,99939,100,100107,100,99917,100
2019-06-28 09:36:00.000000000,100050,244,99996,244,100059,240,99987,240,100067,240,99978,240,100071,100,99963,100,100072,100,99956,100,100078,100,99955,100,100088,100,99945,100,100104,100,99940,100,100106,100,99939,100,100107,100,99917,100
2019-06-28 09:36:04.167053329,100050,244,99996,244,100059,240,99987,240,100067,240,99978,240,100071,100,99963,100,100072,100,99956,100,100078,100,99955,100,100088,100,99940,100,100104,100,99939,100,100106,100,99917,100,100107,100,99916,100
2019-06-28 09:36:10.000000000,100050,524,99996,524,100059,100,99987,100,100067,100,99978,100,100071,100,99963,100,100072,100,99956,100,100078,100,99955,100,100088,100,99940,100,100104,100,99939,100,100106,100,99917,100,100107,100,99916,100
2019-06-28 09:36:20.000000000,100050,524,99996,524,100059,100,99987,100,100067,100,99978,100,100071,100,99963,100,100072,100,99956,100,100078,100,99955,100,100088,100,99940,100,100104,100,99939,100,100106,100,99917,100,100107,100,99916,100
2019-06-28 09:36:20.475531956,100050,424,99996,524,100059,100,99987,100,100067,100,99978,100,100071,100,99963,100,100072,100,99956,100,100078,100,99955,100,100088,100,99940,100,100104,100,99939,100,100106,100,99917,100,100107,100,99916,100
2019-06-28 09:36:22.927541727,100050,424,99996,524,100059,100,99987,100,100067,100,99978,100,100071,100,99963,100,100072,100,99956,100,100078,100,99955,100,100088,100,99940,100,100104,100,99939,100,100106,100,99917,100,100107,100,99916,100
2019-06-28 09:36:30.000000000,100059,185,99996,185,100067,185,99987,185,100071,185,99978,185,100072,185,99963,185,100078,185,99956,185,100088,100,99955,100,100104,100,99940,100,100106,100,99939,100,100107,100,99917,100,100126,100,99916,100
2019-06-28 09:36:38.212379489,100059,185,99996,185,100067,185,99987,185,100071,185,99978,185,100072,185,99963,185,100078,185,99956,185,100088,100,99940,100,100104,100,99939,100,100106,100,99917,100,100107,100,99916,100,100126,100,99913,100
2019-06-28 09:36:40.000000000,100059,206,99996,206,100067,206,99987,206,100071,206,99978,206,100072,206,99963,206,100078,100,99956,100,100088,100,99940,100,100104,100,99939,100,100106,100,99917,100,100107,100,99916,100,100126,100,99913,100
2019-06-28 09:36:40.251123039,100059,206,100041,100,100067,206,99996,206,100071,206,99987,206,100072,206,99978,206,100078,100,99963,206,100088,100,99956,100,100104,100,99940,100,100106,100,99939,100,100107,100,99917,100,100126,100,99916,100
2019-06-28 09:36:41.550762613,100059,106,100041,100,100067,206,99996,206,100071,206,99987,206,100072,206,99978,206,100078,100,99963,206,100088,100,99956,100,100104,100,99940,100,100106,100,99939,100,100107,100,99917,100,100126,100,99916,100
2019-06-28 09:36:42.746658768,100059,106,100041,100,100067,206,99996,206,100071,206,99987,206,100072,206,99978,206,100078,100,99963,206,100088,100,99956,100,100104,100,99940,100,100106,100,99939,100,100107,100,99917,100,100126,100,99916,100
2019-06-28 09:36:50.000000000,100067,244,100041,244,100071,240,99996,240,100072,240,99987,240,100078,100,99978,100,100088,100,99963,100,100104,100,99956,100,100106,100,99940,100,100107,100,99939,100,100126,100,99917,100,100139,100,99916,100
2019-06-28 09:37:00.000000000,100067,206,100041,206,100071,206,99996,206,100072,206,99987,206,100078,206,99978,206,100088,100,99963,100,100104,100,99956,100,100106,100,99940,100,100107,100,99939,100,100126,100,99917,100,100139,100,99916,100
2019-06-28 09:37:10.000000000,100067,206,100041,206,100071,206,99996,206,100072,206,99987,206,100078,206,99978,206,100088,100,99963,100,100104,100,99956,100,100106,100,99940,100,100107,100,99939,100,100126,100,99917,100,100139,100,99916,100
2019-06-28 09:37:20.000000000,100067,185,100041,185,100071,185,99996,185,100072,185,99987,185,100078,185,99978,185,100088,185,99963,185,100104,100,99956,100,100106,100,99940,100,100107,100,99939,100,100126,100,99917,100,100139,100,99916,100
2019-06-28 09:37:29.496543050,100067,85,100041,185,100071,185,99996,185,100072,185,99987,185,100078,185,99978,85,100088,185,99963,185,100104,100,99956,100,100106,100,99940,100,100107,100,99939,100,100126,100,99917,100,100139,100,99916,100
2019-06-28 09:37:30.000000000,100071,312,100041,312,100072,312,99996,312,100078,100,99987,100,100088,100,99963,100,100104,100,99956,100,100106,100,99940,100,100107,100,99939,100,100126,100,99917,100,100139,100,99916,100,100143,100,99913,100
2019-06-28 09:37:36.300177946,100071,212,100041,312,100072,312,99996,312,100078,100,99987,100,100088,100,99963,100,100104,100,99956,100,100106,100,99940,100,100107,100,99939,100,100126,100,99917,100,100139,100,99916,100,100143,100,99913,100
2019-06-28 09:37:40.000000000,100072,524,100041,524,100078,100,99996,100,100088,100,99987,100,100104,100,99963,100,100106,100,99956,100,100107,100,99940,100,100126,100,99939,100,100139,100,99917,100,100143,100,99916,100,100198,100,99913,100
2019-06-28 09:37:50.000000000,100072,524,100041,524,100078,100,99996,100,100088,100,99987,100,100104,100,99963,100,100106,100,99956,100,100107,100,99940,100,100126,100,99939,100,100139,100,99917,100,100143,100,99916,100,100198,100,99913,100
2019-06-28 09:38:00.000000000,100072,524,100041,524,100078,100,99996,100,100088,100,99987,100,100104,100,99963,100,100106,100,99956,100,100107,100,99940,100,100126,100,99939,100,100139,100,99917,100,100143,100,99916,100,100198,100,99913,100
2019-06-28 09:38:10.000000000,100072,312,100041,312,100078,312,99996,312,100088,100,99987,100,100104,100,99963,100,100106,100,99956,100,100107,100,99940,100,100126,100,99939,100,100139,100,99917,100,100143,100,99916,100,100198,100,99913,100
2019-06-28 09:38:20.000000000,100072,524,100041,524,100078,100,99996,100,100088,100,99987,100,100104,100,99963,100,100106,100,99956,100,100107,100,99940,100,100126,100,99939,100,100139,100,99917,100,100143,100,99916,100,100198,100,99913,100
2019-06-28 09:38:22.044060234,100072,524,100041,524,100078,100,99996,100,100088,100,99987,100,100104,100,99963,100,100106,100,99956,100,100126,100,99940,100,100139,100,99939,100,100143,100,99917,100,100198,100,99916,100,100447,100,99913,100
2019-06-28 09:38:28.724618609,100072,524,100041,524,100078,100,99996,100,100088,100,99987,100,100104,100,99963,100,100106,100,99956,100,100126,100,99940,100,100139,100,99939,100,100143,100,99917,100,100198,100,99916,100,100447,100,99913,100
2019-06-28 09:38:30.000000000,100072,312,100041,312,100078,312,99996,312,100088,100,99987,100,100104,100,99963,100,100106,100,99956,100,100126,100,99940,100,100139,100,99939,100,100143,100,99917,100,100198,100,99916,100,100447,100,99913,100
2019-06-28 09:38:40.000000000,100072,524,100041,524,100078,100,99996,100,100088,100,99987,100,100104,100,99963,100,100106,100,99956,100,100126,100,99940,100,100139,100,99939,100,100143,100,99917,100,100198,100,99916,100,100447,100,99913,100
2019-06-28 09:38:50.000000000,100072,206,100041,206,100078,206,99996,206,100088,206,99987,206,100104,206,99963,206,100106,100,99956,100,100126,100,99940,100,100139,100,99939,100,100143,100,99917,100,100198,100,99916,100,100447,100,99913,100
2019-06-28 09:38:53.276936244,100072,206,100041,206,100078,206,99996,106,100088,206,99987,206,100104,206,99963,206,100106,100,99956,100,100126,100,99940,100,100139,100,99939,100,100143,100,99917,100,100198,100,99916,100,100447,100,99913,100
2019-06-28 09:39:00.000000000,100072,312,100041,312,100078,312,99987,312,100088,100,99963,100,100104,100,99956,100,100106,100,99940,100,100126,100,99939,100,100139,100,99917,100,100143,100,99916,100,100198,100,99913,100,100447,100,99830,100
2019-06-28 09:39:07.025472744,100072,212,100041,312,100078,312,99987,312,100088,100,99963,100,100104,100,99956,100,100106,100,99940,100,100126,100,99939,100,100139,100,99917,100,100143,100,99916,100,100198,100,99913,100,100447,100,99830,100
2019-06-28 09:39:10.000000000,100078,312,100041,312,100088,312,99987,312,100104,100,99963,100,100106,100,99956,100,100126,100,99940,100,100139,100,99939,100,100143,100,99917,100,100198,100,99916,100,100447,100,99913,100,100519,100,99830,100
2019-06-28 09:39:20.000000000,100078,185,100041,185,100088,185,99987,185,100104,185,99963,185,100106,185,99956,185,100126,185,99940,185,100139,100,99939,100,100143,100,99917,100,100198,100,99916,100,100447,100,99913,100,100519,100,99830,100
2019-06-28 09:39:30.000000000,100078,524,100041,524,100088,100,99987,100,100104,100,99963,100,100106,100,99956,100,100126,100,99940,100,100139,100,99939,100,100143,100,99917,100,100198,100,99916,100,100447,100,99913,100,100519,100,99830,100
2019-06-28 09:39:38.703451988,100078,424,100041,524,100088,100,99987,100,100104,100,99963,100,100106,100,99956,100,100126,100,99940,100,100139,100,99939,100,100143,100,99917,100,100198,100,99916,100,100447,100,99913,100,100519,100,99830,100
2019-06-28 09:39:40.000000000,100088,206,100041,206,100104,206,99987,206,100106,206,99963,206,100126,206,99956,206,100139,100,99940,100,100143,100,99939,100,100198,100,99917,100,100447,100,99916,100,100519,100,99913,100,100556,100,99830,100
2019-06-28 09:39:42.077428181,100088,206,100072,100,100104,206,100041,206,100106,206,99987,206,100126,206,99963,206,100139,100,99956,206,100143,100,99940,100,100198,100,99939,100,100447,100,99917,100,100519,100,99916,100,100556,100,99913,100
2019-06-28 09:39:50.000000000,100088,206,100072,206,100104,206,100041,206,100106,206,99987,206,100126,206,99963,206,100139,100,99956,100,100143,100,99940,100,100198,100,99939,100,100447,100,99917,100,100519,100,99916,100,100556,100,99913,100
2019-06-28 09:39:58.941275784,100088,206,100072,206,100104,206,100041,206,100106,206,99987,206,100126,206,99963,206,100139,100,99956,100,100143,100,99940,100,100198,100,99939,100,100447,100,99917,100,100519,100,99916,100,100556,100,99913,100
2019-06-28 09:40:00.000000000,100088,524,100072,524,100104,100,100041,100,100106,100,99987,100,100126,100,99963,100,100139,100,99956,100,100143,100,99940,100,100198,100,99939,100,100447,100,99917,100,100519,100,99916,100,100556,100,99913,100
2019-06-28 09:40:10.000000000,100088,206,100072,206,100104,206,100041,206,100106,206,99987,206,100126,206,99963,206,100139,100,99956,100,100143,100,99940,100,100198,100,99939,100,100447,100,99917,100,100519,100,99916,100,100556,100,99913,100
2019-06-28 09:40:18.396404891,100088,206,100072,206,100104,206,100041,206,100106,206,99987,206,100126,206,99963,206,100139,100,99956,100,100143,100,99940,100,100198,100,99939,100,100447,100,99917,100,100519,100,99916,100,100556,100,99913,100
2019-06-28 09:40:20.000000000,100088,185,100072,185,100104,185,100041,185,100106,185,99987,185,100126,185,99963,185,100139,185,99956,185,100143,100,99940,100,100198,100,99939,100,100447,100,99917,100,100519,100,99916,100,100556,100,99913,100
2019-06-28 09:40:29.845251834,100088,185,100072,185,100104,185,100041,185,100106,185,99987,185,100126,185,99963,185,100139,185,99956,185,100143,100,99940,100,100198,100,99939,100,100447,100,99917,100,100519,100,99916,100,100556,100,99913,100
2019-06-28 09:40:30.000000000,100088,524,100072,524,100104,100,100041,100,100106,100,99987,100,100126,100,99963,100,100139,100,99956,100,100143,100,99940,100,100198,100,99939,100,100447,100,99917,100,100519,100,99916,100,100556,100,99913,100
2019-06-28 09:40:36.599369899,100088,424,100072,524,100104,100,100041,100,100106,100,99963,100,100126,100,99956,100,100139,100,99940,100,100143,100,99939,100,100198,100,99917,100,100447,100,99916,100,100519,100,99913,100,100556,100,99830,100
2019-06-28 09:40:40.000000000,100104,185,100072,185,100106,185,100041,185,100126,185,99963,185,100139,185,99956,185,100143,185,99940,185,100198,100,99939,100,100447,100,99917,100,100519,100,99916,100,100556,100,99913,100,100598,100,99830,100
2019-06-28 09:40:48.998018602,100104,85,100072,185,100106,185,100041,185,100126,185,99963,185,100139,185,99956,185,100143,185,99940,185,100198,100,99939,100,100447,100,99917,100,100519,100,99916,100,100556,100,99913,100,100598,100,99830,100
2019-06-28 09:40:50.000000000,100106,206,100072,206,100126,206,100041,206,100139,206,99963,206,100143,206,99956,206,100198,100,99940,100,100447,100,99939,100,100519,100,99917,100,100556,100,99916,100,100598,100,99913,100,100644,100,99830,100
2019-06-28 09:41:00.000000000,100106,312,100072,312,100126,312,100041,312,100139,100,99963,100,100143,100,99956,100,100198,100,99940,100,100447,100,99939,100,100519,100,99917,100,100556,100,99916,100,100598,100,99913,100,100644,100,99830,100
2019-06-28 09:41:09.188091799,100106,312,100072,312,100126,312,100041,312,100139,100,99963,100,100143,100,99956,100,100198,100,99940,100,100447,100,99939,100,100519,100,99917,100,100556,100,99916,100,100598,100,99913,100,100644,100,99830,100
2019-06-28 09:41:10.000000000,100106,244,100072,244,100126,240,100041,240,100139,240,99963,240,100143,100,99956,100,100198,100,99940,100,100447,100,99939,100,100519,100,99917,100,100556,100,99916,100,100598,100,99913,100,100644,100,99830,100
2019-06-28 09:41:20.000000000,100106,312,100072,312,100126,312,100041,312,100139,100,99963,100,100143,100,99956,100,100198,100,99940,100,100447,100,99939,100,100519,100,99917,100,100556,100,99916,100,100598,100,99913,100,100644,100,99830,100
2019-06-28 09:41:27.102351944,100106,312,100088,100,100126,312,100072,312,100139,100,100041,312,100143,100,99963,100,100198,100,99956,100,100447,100,99940,100,100519,100,99939,100,100556,100,99917,100,100598,100,99916,100,100644,100,99913,100
2019-06-28 09:41:30.000000000,100106,206,100088,206,100126,206,100072,206,100139,206,100041,206,100143,206,99963,206,100198,100,99956,100,100447,100,99940,100,100519,100,99939,100,100556,100,99917,100,100598,100,99916,100,100644,100,99913,100
2019-06-28 09:41:40.000000000,100106,312,100088,312,100126,312,100072,312,100139,100,100041,100,100143,100,99963,100,100198,100,99956,100,100447,100,99940,100,100519,100,99939,100,100556,100,99917,100,100598,100,99916,100,100644,100,99913,100
2019-06-28 09:41:48.321154573,100106,312,100088,312,100126,312,100072,312,100139,100,100041,100,100143,100,99963,100,100198,100,99956,100,100447,100,99940,100,100519,100,99939,100,100556,100,99917,100,100598,100,99916,100,100644,100,99913,100
2019-06-28 09:41:50.000000000,100106,185,100088,185,100126,185,100072,185,100139,185,100041,185,100143,185,99963,185,100198,185,99956,185,100447,100,99940,100,100519,100,99939,100,100556,100,99917,100,100598,100,99916,100,100644,100,99913,100
2019-06-28 09:41:59.241814003,100106,185,100088,285,100126,185,100072,185,100139,185,100041,185,100143,185,99963,85,100198,185,99956,185,100447,100,99940,100,100519,100,99939,100,100556,100,99917,100,100598,100,99916,100,100644,100,99913,100
2019-06-28 09:42:00.000000000,100106,312,100088,412,100126,312,100072,312,100139,100,100041,100,100143,100,99956,100,100198,100,99940,100,100447,100,99939,100,100519,100,99917,100,100556,100,99916,100,100598,100,99913,100,100644,100,99823,100
2019-06-28 09:42:02.168543419,100106,312,100088,412,100126,312,100072,312,100139,100,100041,100,100143,100,99956,100,100198,100,99940,100,100447,100,99939,100,100519,100,99917,100,100556,100,99916,100,100598,100,99913,100,100644,100,99823,100
2019-06-28 09:42:10.000000000,100106,185,100088,285,100126,185,100072,185,100139,185,100041,185,100143,185,99956,185,100198,185,99940,185,100447,100,99939,100,100519,100,99917,100,100556,100,99916,100,100598,100,99913,100,100644,100,99823,100
2019-06-28 09:42:20.000000000,100106,524,100088,624,100126,100,100072,100,100139,100,100041,100,100143,100,99956,100,100198,100,99940,100,100447,100,99939,100,100519,100,99917,100,100556,100,99916,100,100598,100,99913,100,100644,100,99823,100
2019-06-28 09:42:30.000000000,100106,244,100088,344,100126,240,100072,240,100139,240,100041,240,100143,100,99956,100,100198,100,99940,100,100447,100,99939,100,100519,100,99917,100,100556,100,99916,100,100598,100,99913,100,100644,100,99823,100
2019-06-28 09:42:40.000000000,100106,312,100088,412,100126,312,100072,312,100139,100,100041,100,100143,100,99956,100,100198,100,99940,100,100447,100,99939,100,100519,100,99917,100,100556,100,99916,100,100598,100,99913,100,100644,100,99823,100
2019-06-28 09:42:41.222978176,100106,312,100088,412,100126,312,100072,312,100139,100,100041,100,100143,100,99956,100,100198,100,99940,100,100447,100,99939,100,100519,100,99917,100,100556,100,99916,100,100598,100,99913,100,100644,100,99823,100
2019-06-28 09:42:50.000000000,100106,206,100088,306,100126,206,100072,206,100139,206,100041,206,100143,206,99956,206,100198,100,99940,100,100447,100,99939,100,100519,100,99917,100,100556,100,99916,100,100598,100,99913,100,100644,100,99823,100
2019-06-28 09:42:55.621182664,100106,206,100088,306,100126,206,100072,206,100139,206,100041,206,100143,206,99956,206,100198,100,99940,100,100447,100,99939,100,100519,100,99917,100,100556,100,99916,100,100598,100,99913,100,100644,100,99823,100
2019-06-28 09:42:58.062563030,100106,106,100088,306,100126,206,100072,206,100139,206,100041,206,100143,206,99956,206,100198,100,99940,100,100447,100,99939,100,100519,100,99917,100,100556,100,99916,100,100598,100,99913,100,100644,100,99823,100
2019-06-28 09:43:00.000000000,100126,524,100088,624,100139,100,100072,100,100143,100,100041,100,100198,100,99956,100,100447,100,99940,100,100519,100,99939,100,100556,100,99917,100,100598,100,99916,100,100644,100,99913,100,100819,100,99823,100
2019-06-28 09:43:10.000000000,100126,244,100088,344,100139,240,100072,240,100143,240,100041,240,100198,100,99956,100,100447,100,99940,100,100519,100,99939,100,100556,100,99917,100,100598,100,99916,100,100644,100,99913,100,100819,100,99823,100
2019-06-28 09:43:20.000000000,100126,244,100088,344,100139,240,100072,240,100143,240,100041,240,100198,100,99956,100,100447,100,99940,100,100519,100,99939,100,100556,100,99917,100,100598,100,99916,100,100644,100,99913,100,100819,100,99823,100
2019-06-28 09:43:25.659303501,100126,244,100088,344,100139,240,100072,240,100143,240,100041,240,100198,100,99956,100,100447,100,99940,100,100519,100,99939,100,100556,100,99917,100,100598,100,99916,100,100644,100,99913,100,100732,100,99823,100
2019-06-28 09:43:30.000000000,100126,206,100088,306,100139,206,100072,206,100143,206,100041,206,100198,206,99956,206,100447,100,99940,100,100519,100,99939,100,100556,100,99917,100,100598,100,99916,100,100644,100,99913,100,100732,100,99823,100
2019-06-28 09:43:30.449002575,100126,206,100088,306,100139,206,100072,106,100143,206,100041,206,100198,206,99956,206,100447,100,99940,100,100519,100,99939,100,100556,100,99917,100,100598,100,99916,100,100644,100,99913,100,100732,100,99823,100
2019-06-28 09:43:40.000000000,100126,206,100088,306,100139,206,100041,206,100143,206,99956,206,100198,206,99940,206,100447,100,99939,100,100519,100,99917,100,100556,100,99916,100,100598,100,99913,100,100644,100,99823,100,100732,100,99796,100
2019-06-28 09:43:43.217320376,100126,106,100088,306,100139,206,100041,206,100143,206,99956,206,100198,206,99940,206,100447,100,99939,100,100519,100,99917,100,100556,100,99916,100,100598,100,99913,100,100644,100,99823,100,100732,100,99796,100
2019-06-28 09:43:50.000000000,100139,185,100088,285,100143,185,100041,185,100198,185,99956,185,100447,185,99940,185,100519,185,99939,185,100556,100,99917,100,100598,100,99916,100,100644,100,99913,100,100732,100,99823,100,100819,100,99796,100
2019-06-28 09:43:50.218651071,100139,185,100088,285,100143,185,100041,185,100198,185,99956,185,100447,185,99940,185,100519,185,99939,185,100556,100,99917,100,100598,100,99916,100,100644,100,99913,100,100747,100,99823,100,100819,100,99796,100
2019-06-28 09:43:56.222736469,100139,85,100088,285,100143,185,100041,185,100198,85,99956,185,100447,185,99940,185,100519,185,99939,185,100556,100,99917,100,100598,100,99916,100,100644,100,99913,100,100747,100,99823,100,100819,100,99796,100
2019-06-28 09:44:00.000000000,100143,524,100088,624,100447,100,100041,100,100519,100,99956,100,100556,100,99940,100,100598,100,99939,100,100644,100,99917,100,100747,100,99916,100,100819,100,99913,100,100834,100,99823,100,101085,100,99796,100
2019-06-28 09:44:10.000000000,100143,312,100088,412,100447,312,100041,312,100519,100,99956,100,100556,100,99940,100,100598,100,99939,100,100644,100,99917,100,100747,100,99916,100,100819,100,99913,100,100834,100,99823,100,101085,100,99796,100
2019-06-28 09:44:10.295581705,100143,312,100126,100,100447,312,100088,412,100519,100,100041,312,100556,100,99956,100,100598,100,99940,100,100644,100,99939,100,100747,100,99917,100,100819,100,99916,100,100834,100,99913,100,101085,100,99823,100
2019-06-28 09:44:11.533365297,100143,312,100126,100,100447,312,100088,412,100519,100,100041,312,100556,100,99956,100,100598,100,99940,100,100644,100,99939,100,100747,100,99917,100,100809,100,99916,100,100819,100,99913,100,100834,100,99823,100
2019-06-28 09:44:20.000000000,100143,312,100126,312,100447,312,100088,412,100519,100,100041,100,100556,100,99956,100,100598,100,99940,100,100644,100,99939,100,100747,100,99917,100,100809,100,99916,100,100819,100,99913,100,100834,100,99823,100
2019-06-28 09:44:30.000000000,100143,524,100126,524,100447,100,100088,200,100519,100,100041,100,100556,100,99956,100,100598,100,99940,100,100644,100,99939,100,100747,100,99917,100,100809,100,99916,100,100819,100,99913,100,100834,100,99823,100
2019-06-28 09:44:40.000000000,100143,206,100126,206,100447,206,100088,306,100519,206,100041,206,100556,206,99956,206,100598,100,99940,100,100644,100,99939,100,100747,100,99917,100,100809,100,99916,100,100819,100,99913,100,100834,100,99823,100
2019-06-28 09:44:50.000000000,100143,185,100126,185,100447,185,100088,285,100519,185,100041,185,100556,185,99956,185,100598,185,99940,185,100644,100,99939,100,100747,100,99917,100,100809,100,99916,100,100819,100,99913,100,100834,100,99823,100
2019-06-28 09:44:54.174068189,100143,85,100126,185,100447,185,100088,285,100519,185,100041,185,100556,185,99956,185,100598,185,99940,185,100644,100,99939,100,100747,100,99917,100,100809,100,99916,100,100819,100,99913,100,100834,100,99823,100
2019-06-28 09:44:56.166990366,100447,185,100143,15,100519,185,100126,185,100556,185,100088,285,100598,185,100041,185,100644,100,99956,185,100747,100,99940,185,100809,100,99939,100,100819,100,99917,100,100834,100,99916,100,101085,100,99913,100
2019-06-28 09:44:58.324139686,100447,185,100143,115,100519,185,100126,185,100556,185,100088,285,100598,185,100041,185,100644,100,99956,185,100747,100,99940,185,100809,100,99939,100,100819,100,99917,100,100834,100,99916,100,101085,100,99913,100
2019-06-28 09:45:00.000000000,100447,185,100143,200,100519,185,100126,185,100556,185,100088,285,100598,185,100041,185,100644,185,99956,185,100747,100,99940,100,100809,100,99939,100,100819,100,99917,100,100834,100,99916,100,101085,100,99913,100
2019-06-28 09:45:10.000000000,100447,185,100143,200,100519,185,100126,185,100556,185,100088,285,100598,185,100041,185,100644,185,99956,185,100747,100,99940,100,100809,100,99939,100,100819,100,99917,100,100834,100,99916,100,101085,100,99913,100
2019-06-28 09:45:11.816629451,100447,85,100143,200,100519,185,100126,185,100556,185,100088,285,100598,185,100041,185,100644,185,99956,185,100747,100,99940,100,100809,100,99939,100,100819,100,99917,100,100834,100,99916,100,101085,100,99913,100
2019-06-28 09:45:20.000000000,100519,185,100143,200,100556,185,100126,185,100598,185,100088,285,100644,185,100041,185,100747,185,99956,185,100809,100,99940,100,100819,100,99939,100,100834,100,99917,100,101085,100,99916,100,101248,100,99913,100
2019-06-28 09:45:30.000000000,100519,206,100143,221,100556,206,100126,206,100598,206,100088,306,100644,206,100041,206,100747,100,99956,100,100809,100,99940,100,100819,100,99939,100,100834,100,99917,100,101085,100,99916,100,101248,100,99913,100
2019-06-28 09:45:37.132429463,100519,206,100143,221,100556,206,100126,206,100598,206,100088,306,100644,206,100041,206,100747,100,99956,100,100809,100,99940,100,100819,100,99939,100,100834,100,99917,100,101085,100,99916,100,101213,100,99913,100
2019-06-28 09:45:40.000000000,100519,206,100143,221,100556,206,100126,206,100598,206,100088,306,100644,206,100041,206,100747,100,99956,100,100809,100,99940,100,100819,100,99939,100,100834,100,99917,100,101085,100,99916,100,101213,100,99913,100
2019-06-28 09:45:50.000000000,100519,244,100143,259,100556,240,100126,240,100598,240,100088,340,100644,100,100041,100,100747,100,99956,100,100809,100,99940,100,100819,100,99939,100,100834,100,99917,100,101085,100,99916,100,101213,100,99913,100
2019-06-28 09:45:55.350202570,100519,244,100143,259,100556,240,100126,240,100598,240,100088,340,100644,100,100041,100,100747,100,99956,100,100809,100,99940,100,100819,100,99939,100,100834,100,99917,100,101085,100,99916,100,101213,100,99913,100
2019-06-28 09:45:58.895910011,100519,244,100143,259,100556,240,100126,240,100598,240,100088,340,100644,100,100041,100,100747,100,99956,100,100809,100,99940,100,100819,100,99939,100,100834,100,99916,100,101085,100,99913,100,101178,100,99823,100
2019-06-28 09:46:00.000000000,100519,312,100143,327,100556,312,100126,312,100598,100,100088,200,100644,100,100041,100,100747,100,99956,100,100809,100,99940,100,100819,100,99939,100,100834,100,99916,100,101085,100,99913,100,101178,100,99823,100
2019-06-28 09:46:01.239063978,100519,312,100143,327,100556,312,100126,312,100598,100,100088,200,100644,100,100041,100,100747,100,99956,100,100809,100,99940,100,100819,100,99939,100,100834,100,99916,100,101085,100,99913,100,101178,100,99823,100
2019-06-28 09:46:10.000000000,100519,185,100143,200,100556,185,100126,185,100598,185,100088,285,100644,185,100041,185,100747,185,99956,185,100809,100,99940,100,100819,100,99939,100,100834,100,99916,100,101085,100,99913,100,101178,100,99823,100
2019-06-28 09:46:20.000000000,100519,206,100143,221,100556,206,100126,206,100598,206,100088,306,100644,206,100041,206,100747,100,99956,100,100809,100,99940,100,100819,100,99939,100,100834,100,99916,100,101085,100,99913,100,101178,100,99823,100
2019-06-28 09:46:30.000000000,100519,312,100143,327,100556,312,100126,312,100598,100,100088,200,100644,100,100041,100,100747,100,99956,100,100809,100,99940,100,100819,100,99939,100,100834,100,99916,100,101085,100,99913,100,101178,100,99823,100
2019-06-28 09:46:35.160419308,100519,312,100144,100,100556,312,100143,327,100598,100,100126,312,100644,100,100088,200,100747,100,100041,100,100809,100,99956,100,100819,100,99940,100,100834,100,99939,100,101085,100,99916,100,101178,100,99913,100
2019-06-28 09:46:40.000000000,100519,312,100144,312,100556,312,100143,327,100598,100,100126,100,100644,100,100088,200,100747,100,100041,100,100809,100,99956,100,100819,100,99940,100,100834,100,99939,100,101085,100,99916,100,101178,100,99913,100
2019-06-28 09:46:50.000000000,100519,206,100144,206,100556,206,100143,221,100598,206,100126,206,100644,206,100088,306,100747,100,100041,100,100809,100,99956,100,100819,100,99940,100,100834,100,99939,100,101085,100,99916,100,101178,100,99913,100
2019-06-28 09:46:53.927842137,100442,100,100144,206,100519,206,100143,221,100556,206,100126,206,100598,206,100088,306,100644,206,100041,100,100747,100,99956,100,100809,100,99940,100,100819,100,99939,100,100834,100,99916,100,101085,100,99913,100
2019-06-28 09:46:56.142829888,100519,206,100144,206,100556,206,100143,221,100598,206,100126,206,100644,206,100088,306,100809,100,100041,100,100819,100,99956,100,100834,100,99940,100,101085,100,99939,100,101178,100,99916,100,101213,100,99913,100
2019-06-28 09:47:00.000000000,100519,524,100144,524,100556,100,100143,115,100598,100,100126,100,100644,100,100088,200,100809,100,100041,100,100819,100,99956,100,100834,100,99940,100,101085,100,99939,100,101178,100,99916,100,101213,100,99913,100
2019-06-28 09:47:03.861517943,100519,524,100353,100,100556,100,100144,524,100598,100,100143,115,100644,100,100126,100,100809,100,100088,200,100819,100,100041,100,100834,100,99956,100,101085,100,99940,100,101178,100,99939,100,101213,100,99916,100
2019-06-28 09:47:06.151295133,100519,524,100144,524,100556,100,100143,115,100598,100,100126,100,100644,100,100088,200,100809,100,100041,100,100819,100,99956,100,100834,100,99939,100,101085,100,99916,100,101178,100,99913,100,101213,100,99823,100
2019-06-28 09:47:10.000000000,100519,244,100144,244,100556,240,100143,255,100598,240,100126,240,100644,100,100088,200,100809,100,100041,100,100819,100,99956,100,100834,100,99939,100,101085,100,99916,100,101178,100,99913,100,101213,100,99823,100
2019-06-28 09:47:10.125992127,100519,244,100160,100,100556,240,100144,244,100598,240,100143,255,100644,100,100126,240,100809,100,100088,200,100819,100,100041,100,100834,100,99956,100,101085,100,99939,100,101178,100,99916,100,101213,100,99913,100
2019-06-28 09:47:11.633295611,100519,244,100160,100,100556,240,100144,244,100598,240,100143,255,100644,100,100126,240,100809,100,100089,100,100819,100,100088,200,100834,100,100041,100,101085,100,99939,100,101178,100,99916,100,101213,100,99913,100
2019-06-28 09:47:20.000000000,100519,244,100160,244,100556,240,100144,240,100598,240,100143,255,100644,100,100126,100,100809,100,100089,100,100819,100,100088,200,100834,100,100041,100,101085,100,99939,100,101178,100,99916,100,101213,100,99913,100
2019-06-28 09:47:30.000000000,100519,185,100160,185,100556,185,100144,185,100598,185,100143,200,100644,185,100126,185,100809,185,100089,185,100819,100,100088,200,100834,100,100041,100,101085,100,99939,100,101178,100,99916,100,101213,100,99913,100
2019-06-28 09:47:40.000000000,100519,185,100160,185,100556,185,100144,185,100598,185,100143,200,100644,185,100126,185,100809,185,100089,185,100819,100,100088,200,100834,100,100041,100,101085,100,99939,100,101178,100,99916,100,101213,100,99913,100
2019-06-28 09:47:50.000000000,100519,524,100160,524,100556,100,100144,100,100598,100,100143,115,100644,100,100126,100,100809,100,100089,100,100819,100,100088,200,100834,100,100041,100,101085,100,99939,100,101178,100,99916,100,101213,100,99913,100
2019-06-28 09:47:55.890384413,100519,524,100160,424,100556,100,100144,100,100598,100,100143,115,100644,100,100126,100,100819,100,100089,100,100834,100,100088,200,101085,100,100041,100,101178,100,99939,100,101213,100,99916,100,101248,100,99913,100
2019-06-28 09:48:00.000000000,100519,312,100144,312,100556,312,100143,327,100598,100,100126,100,100644,100,100089,100,100819,100,100088,200,100834,100,100041,100,101085,100,99939,100,101178,100,99916,100,101213,100,99913,100,101248,100,99823,100
2019-06-28 09:48:06.453377106,100519,312,100144,312,100556,312,100143,327,100598,100,100126,100,100644,100,100089,100,100819,100,100088,200,100834,100,100041,100,101085,100,99916,100,101178,100,99913,100,101213,100,99823,100,101248,100,99796,100
2019-06-28 09:48:08.738057414,100519,312,100144,312,100556,312,100143,327,100598,100,100126,100,100644,100,100089,100,100819,100,100088,200,100834,100,100041,100,101085,100,99916,100,101178,100,99913,100,101213,100,99847,100,101248,100,99796,100
2019-06-28 09:48:10.000000000,100519,244,100144,244,100556,240,100143,255,100598,240,100126,240,100644,100,100089,100,100819,100,100088,200,100834,100,100041,100,101085,100,99916,100,101178,100,99913,100,101213,100,99847,100,101248,100,99796,100
2019-06-28 09:48:13.634502392,100519,244,100144,244,100556,240,100143,255,100598,240,100126,240,100644,100,100089,100,100819,100,100088,200,100834,100,100041,100,101085,100,99916,100,101178,100,99913,100,101213,100,99888,100,101248,100,99847,100
2019-06-28 09:48:20.000000000,100519,524,100144,524,100556,100,100143,115,100598,100,100126,100,100644,100,100089,100,100819,100,100088,200,100834,100,100041,100,101085,100,99916,100,101178,100,99913,100,101213,100,99888,100,101248,100,99847,100
2019-06-28 09:48:22.076353498,100519,524,100144,424,100556,100,100143,115,100644,100,100126,100,100819,100,100089,100,100834,100,100088,200,101085,100,100041,100,101178,100,99916,100,101213,100,99913,100,101248,100,99888,100,101249,100,99847,100
2019-06-28 09:48:22.387593051,100152,100,100144,424,100519,524,100143,115,100556,100,100126,100,100644,100,100089,100,100819,100,100088,200,100834,100,100041,100,101085,100,99916,100,101178,100,99913,100,101213,100,99888,100,101248,100,99847,100
2019-06-28 09:48:30.000000000,100152,244,100143,259,100519,240,100126,240,100556,240,100089,240,100644,100,100088,200,100819,100,100041,100,100834,100,99916,100,101085,100,99913,100,101178,100,99888,100,101213,100,99847,100,101248,100,99796,100
2019-06-28 09:48:40.000000000,100152,312,100143,327,100519,312,100126,312,100556,100,100089,100,100644,100,100088,200,100819,100,100041,100,100834,100,99916,100,101085,100,99913,100,101178,100,99888,100,101213,100,99847,100,101248,100,99796,100
2019-06-28 09:48:43.809310998,100152,312,100143,227,100519,312,100126,312,100556,100,100089,100,100644,100,100088,200,100819,100,100041,100,100834,100,99916,100,101085,100,99913,100,101178,100,99888,100,101213,100,99847,100,101248,100,99796,100
2019-06-28 09:48:50.000000000,100152,185,100143,100,100519,185,100126,185,100556,185,100089,185,100644,185,100088,285,100819,185,100041,185,100834,100,99916,100,101085,100,99913,100,101178,100,99888,100,101213,100,99847,100,101248,100,99796,100
2019-06-28 09:48:57.603872747,100152,185,100145,100,100519,185,100143,100,100556,185,100126,185,100644,185,100089,185,100819,185,100088,285,100834,100,100041,185,101085,100,99916,100,101178,100,99913,100,101213,100,99888,100,101248,100,99847,100
2019-06-28 09:49:00.000000000,100152,244,100145,244,100519,240,100143,155,100556,240,100126,240,100644,100,100089,100,100819,100,100088,200,100834,100,100041,100,101085,100,99916,100,101178,100,99913,100,101213,100,99888,100,101248,100,99847,100
2019-06-28 09:49:10.000000000,100152,312,100145,312,100519,312,100143,227,100556,100,100126,100,100644,100,100089,100,100819,100,100088,200,100834,100,100041,100,101085,100,99916,100,101178,100,99913,100,101213,100,99888,100,101248,100,99847,100
2019-06-28 09:49:20.000000000,100152,524,100145,524,100519,100,100143,15,100556,100,100126,100,100644,100,100089,100,100819,100,100088,200,100834,100,100041,100,101085,100,99916,100,101178,100,99913,100,101213,100,99888,100,101248,100,99847,100
2019-06-28 09:49:30.000000000,100152,524,100145,524,100519,100,100143,15,100556,100,100126,100,100644,100,100089,100,100819,100,100088,200,100834,100,100041,100,101085,100,99916,100,101178,100,99913,100,101213,100,99888,100,101248,100,99847,100
2019-06-28 09:49:40.000000000,100152,524,100145,524,100519,100,100143,15,100556,100,100126,100,100644,100,100089,100,100819,100,100088,200,100834,100,100041,100,101085,100,99916,100,101178,100,99913,100,101213,100,99888,100,101248,100,99847,100
2019-06-28 09:49:42.448157053,100152,524,100145,524,100519,100,100143,15,100556,100,100126,100,100644,100,100089,100,100819,100,100088,200,101085,100,100041,100,101178,100,99918,100,101213,100,99916,100,101248,100,99913,100,101283,100,99888,100
2019-06-28 09:49:50.000000000,100152,244,100145,244,100519,240,100143,155,100556,240,100126,240,100644,100,100089,100,100819,100,100088,200,101085,100,100041,100,101178,100,99918,100,101213,100,99916,100,101248,100,99913,100,101283,100,99888,100
2019-06-28 09:50:00.000000000,100152,185,100145,185,100519,185,100143,100,100556,185,100126,185,100644,185,100089,185,100819,185,100088,285,101085,100,100041,100,101178,100,99918,100,101213,100,99916,100,101248,100,99913,100,101283,100,99888,100
2019-06-28 09:50:10.000000000,100152,524,100145,524,100519,100,100143,15,100556,100,100126,100,100644,100,100089,100,100819,100,100088,200,101085,100,100041,100,101178,100,99918,100,101213,100,99916,100,101248,100,99913,100,101283,100,99888,100
2019-06-28 09:50:13.404762803,100152,524,100145,624,100519,100,100143,15,100556,100,100126,100,100644,100,100089,100,100819,100,100088,200,101085,100,100041,100,101178,100,99918,100,101213,100,99916,100,101248,100,99913,100,101283,100,99888,100
2019-06-28 09:50:13.644731606,100152,524,100145,624,100519,100,100143,15,100556,100,100126,100,100636,100,100089,100,100644,100,100088,200,100819,100,100041,100,101085,100,99918,100,101178,100,99916,100,101213,100,99913,100,101248,100,99888,100
2019-06-28 09:50:17.132800366,100152,524,100145,624,100445,100,100143,15,100519,100,100126,100,100556,100,100089,100,100636,100,100088,200,100644,100,100041,100,100819,100,99918,100,101085,100,99916,100,101178,100,99913,100,101213,100,99888,100
2019-06-28 09:50:20.000000000,100152,244,100145,344,100445,240,100143,155,100519,240,100126,240,100556,100,100089,100,100636,100,100088,200,100644,100,100041,100,100819,100,99918,100,101085,100,99916,100,101178,100,99913,100,101213,100,99888,100
2019-06-28 09:50:30.000000000,100152,185,100145,285,100445,185,100143,100,100519,185,100126,185,100556,185,100089,185,100636,185,100088,285,100644,100,100041,100,100819,100,99918,100,101085,100,99916,100,101178,100,99913,100,101213,100,99888,100
2019-06-28 09:50:33.524099741,100152,185,100145,285,100445,185,100143,100,100519,185,100126,185,100556,185,100089,185,100636,185,100088,285,100644,100,100041,100,100819,100,99918,100,101025,100,99916,100,101085,100,99913,100,101178,100,99888,100
2019-06-28 09:50:40.000000000,100152,524,100145,624,100445,100,100143,15,100519,100,100126,100,100556,100,100089,100,100636,100,100088,200,100644,100,100041,100,100819,100,99918,100,101025,100,99916,100,101085,100,99913,100,101178,100,99888,100
2019-06-28 09:50:45.557990551,100152,424,100145,624,100445,100,100143,15,100519,100,100126,100,100556,100,100089,100,100636,100,100088,200,100644,100,100041,100,100819,100,99918,100,101025,100,99916,100,101085,100,99913,100,101178,100,99888,100
2019-06-28 09:50:50.000000000,100445,244,100145,344,100519,240,100143,155,100556,240,100126,240,100636,100,100089,100,100644,100,100088,200,100819,100,100041,100,101025,100,99918,100,101085,100,99916,100,101178,100,99913,100,101213,100,99888,100
2019-06-28 09:50:50.614597296,100445,244,100145,344,100519,240,100143,155,100556,240,100126,240,100636,100,100089,100,100644,100,100088,200,100774,100,100041,100,100819,100,99918,100,101025,100,99913,100,101085,100,99888,100,101178,100,99847,100
2019-06-28 09:51:00.000000000,100445,206,100145,306,100519,206,100143,121,100556,206,100126,206,100636,206,100089,206,100644,100,100088,200,100774,100,100041,100,100819,100,99918,100,101025,100,99913,100,101085,100,99888,100,101178,100,99847,100
2019-06-28 09:51:10.000000000,100445,185,100145,285,100519,185,100143,100,100556,185,100126,185,100636,185,100089,185,100644,185,100088,285,100774,100,100041,100,100819,100,99918,100,101025,100,99913,100,101085,100,99888,100,101178,100,99847,100
2019-06-28 09:51:13.229422902,100445,85,100145,285,100519,185,100143,100,100556,185,100126,185,100636,185,100089,185,100644,185,100088,285,100774,100,100041,100,100819,100,99918,100,101025,100,99913,100,101085,100,99888,100,101178,100,99847,100
2019-06-28 09:51:20.000000000,100519,524,100145,624,100556,100,100143,15,100636,100,100126,100,100644,100,100089,100,100774,100,100088,200,100819,100,100041,100,101025,100,99918,100,101085,100,99913,100,101178,100,99888,100,101213,100,99847,100
2019-06-28 09:51:30.000000000,100519,244,100145,344,100556,240,100143,155,100636,240,100126,240,100644,100,100089,100,100774,100,100088,200,100819,100,100041,100,101025,100,99918,100,101085,100,99913,100,101178,100,99888,100,101213,100,99847,100
2019-06-28 09:51:40.000000000,100519,524,100145,624,100556,100,100143,15,100636,100,100126,100,100644,100,100089,100,100774,100,100088,200,100819,100,100041,100,101025,100,99918,100,101085,100,99913,100,101178,100,99888,100,101213,100,99847,100
2019-06-28 09:51:50.000000000,100519,312,100145,412,100556,312,100143,227,100636,100,100126,100,100644,100,100089,100,100774,100,100088,200,100819,100,100041,100,101025,100,99918,100,101085,100,99913,100,101178,100,99888,100,101213,100,99847,100
2019-06-28 09:51:53.334070908,100519,312,100152,100,100556,312,100145,412,100636,100,100143,212,100644,100,100126,100,100774,100,100089,100,100819,100,100088,200,101025,100,100041,100,101085,100,99918,100,101178,100,99913,100,101213,100,99888,100
2019-06-28 09:51:56.478514056,100519,212,100152,100,100556,312,100145,412,100636,100,100143,212,100644,100,100126,100,100774,100,100089,100,100819,100,100088,200,101025,100,100041,100,101085,100,99918,100,101178,100,99913,100,101213,100,99888,100
2019-06-28 09:52:00.000000000,100556,244,100152,244,100636,240,100145,340,100644,240,100126,240,100774,100,100089,100,100819,100,100088,200,101025,100,100041,100,101085,100,99918,100,101178,100,99913,100,101213,100,99888,100,101248,100,99847,100
2019-06-28 09:52:10.000000000,100556,185,100152,185,100636,185,100145,285,100644,185,100126,185,100774,185,100089,185,100819,185,100088,285,101025,100,100041,100,101085,100,99918,100,101178,100,99913,100,101213,100,99888,100,101248,100,99847,100
2019-06-28 09:52:20.000000000,100556,185,100152,185,100636,185,100145,285,100644,185,100126,185,100774,185,100089,185,100819,185,100088,285,101025,100,100041,100,101085,100,99918,100,101178,100,99913,100,101213,100,99888,100,101248,100,99847,100
2019-06-28 09:52:30.000000000,100556,244,100152,244,100636,240,100145,340,100644,240,100126,240,100774,100,100089,100,100819,100,100088,200,101025,100,100041,100,101085,100,99918,100,101178,100,99913,100,101213,100,99888,100,101248,100,99847,100
2019-06-28 09:52:32.480782376,100556,244,100445,100,100636,240,100152,244,100644,240,100145,240,100774,100,100126,240,100819,100,100089,100,101025,100,100088,200,101085,100,100041,100,101178,100,99918,100,101213,100,99913,100,101248,100,99888,100
2019-06-28 09:52:40.000000000,100556,312,100445,312,100636,312,100152,312,100644,100,100145,100,100774,100,100126,100,100819,100,100089,100,101025,100,100088,200,101085,100,100041,100,101178,100,99918,100,101213,100,99913,100,101248,100,99888,100
2019-06-28 09:52:44.791135479,100556,312,100445,312,100636,312,100152,312,100644,100,100145,100,100774,100,100126,100,100819,100,100089,100,101025,100,100088,200,101085,100,100041,100,101178,100,99918,100,101213,100,99913,100,101248,100,99888,100
2019-06-28 09:52:48.361144476,100556,312,100445,312,100636,312,100152,312,100644,100,100145,100,100774,100,100126,100,100819,100,100089,100,101025,100,100088,200,101085,100,100041,100,101178,100,99918,100,101213,100,99913,100,101248,100,99888,100
2019-06-28 09:52:50.000000000,100556,185,100445,185,100636,185,100152,185,100644,185,100145,185,100774,185,100126,185,100819,185,100089,185,101025,100,100088,200,101085,100,100041,100,101178,100,99918,100,101213,100,99913,100,101248,100,99888,100
2019-06-28 09:52:55.358698397,100556,185,100445,285,100636,185,100152,185,100644,185,100145,185,100774,185,100126,185,100819,185,100089,185,101025,100,100088,100,101085,100,100041,100,101178,100,99918,100,101213,100,99913,100,101248,100,99888,100
2019-06-28 09:53:00.000000000,100556,524,100445,624,100636,100,100152,100,100644,100,100145,100,100774,100,100126,100,100819,100,100089,100,101025,100,100088,100,101085,100,100041,100,101178,100,99918,100,101213,100,99913,100,101248,100,99888,100
2019-06-28 09:53:10.000000000,100556,312,100445,412,100636,312,100152,312,100644,100,100145,100,100774,100,100126,100,100819,100,100089,100,101025,100,100088,100,101085,100,100041,100,101178,100,99918,100,101213,100,99913,100,101248,100,99888,100
2019-06-28 09:53:16.262041863,100556,312,100445,412,100636,312,100152,312,100644,100,100145,100,100774,100,100126,100,100819,100,100089,100,101025,100,100088,100,101085,100,100041,100,101178,100,99918,100,101213,100,99913,100,101248,100,99888,100
2019-06-28 09:53:20.000000000,100556,185,100445,285,100636,185,100152,185,100644,185,100145,185,100774,185,100126,185,100819,185,100089,185,101025,100,100088,100,101085,100,100041,100,101178,100,99918,100,101213,100,99913,100,101248,100,99888,100
2019-06-28 09:53:27.485684423,100556,185,100445,285,100636,185,100152,185,100644,185,100145,185,100774,185,100126,185,100819,185,100089,185,101025,100,100088,100,101085,100,100041,100,101178,100,99918,100,101213,100,99913,100,101248,100,99888,100
2019-06-28 09:53:30.000000000,100556,185,100445,285,100636,185,100152,185,100644,185,100145,185,100774,185,100126,185,100819,185,100089,185,101025,100,100088,100,101085,100,100041,100,101178,100,99918,100,101213,100,99913,100,101248,100,99888,100
2019-06-28 09:53:40.000000000,100556,206,100445,306,100636,206,100152,206,100644,206,100145,206,100774,206,100126,206,100819,100,100089,100,101025,100,100088,100,101085,100,100041,100,101178,100,99918,100,101213,100,99913,100,101248,100,99888,100
2019-06-28 09:53:47.642559257,100556,206,100445,306,100636,206,100152,206,100644,206,100145,206,100774,206,100126,106,100819,100,100089,100,101025,100,100088,100,101085,100,100041,100,101178,100,99918,100,101213,100,99913,100,101248,100,99888,100
2019-06-28 09:53:50.000000000,100556,185,100445,285,100636,185,100152,185,100644,185,100145,185,100774,185,100089,185,100819,185,100088,185,101025,100,100041,100,101085,100,99918,100,101178,100,99913,100,101213,100,99888,100,101248,100,99847,100
2019-06-28 09:54:00.000000000,100556,206,100445,306,100636,206,100152,206,100644,206,100145,206,100774,206,100089,206,100819,100,100088,100,101025,100,100041,100,101085,100,99918,100,101178,100,99913,100,101213,100,99888,100,101248,100,99847,100
2019-06-28 09:54:05.051246403,100556,206,100445,406,100636,206,100152,206,100644,206,100145,206,100774,206,100089,206,100819,100,100088,100,101025,100,100041,100,101085,100,99918,100,101178,100,99913,100,101213,100,99888,100,101248,100,99847,100
2019-06-28 09:54:10.000000000,100556,206,100445,406,100636,206,100152,206,100644,206,100145,206,100774,206,100089,206,100819,100,100088,100,101025,100,100041,100,101085,100,99918,100,101178,100,99913,100,101213,100,99888,100,101248,100,99847,100
2019-06-28 09:54:20.000000000,100556,312,100445,512,100636,312,100152,312,100644,100,100145,100,100774,100,100089,100,100819,100,100088,100,101025,100,100041,100,101085,100,99918,100,101178,100,99913,100,101213,100,99888,100,101248,100,99847,100
2019-06-28 09:54:27.551575327,100556,312,100445,512,100636,312,100152,312,100644,100,100145,100,100774,100,100089,100,100819,100,100088,100,101025,100,100041,100,101085,100,99918,100,101178,100,99913,100,101213,100,99888,100,101248,100,99847,100
2019-06-28 09:54:27.895635081,100556,312,100445,512,100636,312,100152,312,100644,100,100145,100,100774,100,100089,100,100819,100,100041,100,101025,100,99918,100,101085,100,99913,100,101178,100,99888,100,101213,100,99847,100,101248,100,99796,100
2019-06-28 09:54:30.000000000,100556,524,100445,724,100636,100,100152,100,100644,100,100145,100,100774,100,100089,100,100819,100,100041,100,101025,100,99918,100,101085,100,99913,100,101178,100,99888,100,101213,100,99847,100,101248,100,99796,100
2019-06-28 09:54:30.939865657,100556,524,100445,724,100636,100,100152,100,100644,100,100145,100,100774,100,100089,100,100819,100,100041,100,101085,100,99918,100,101178,100,99913,100,101213,100,99888,100,101248,100,99847,100,101264,100,99796,100
2019-06-28 09:54:40.000000000,100556,312,100445,512,100636,312,100152,312,100644,100,100145,100,100774,100,100089,100,100819,100,100041,100,101085,100,99918,100,101178,100,99913,100,101213,100,99888,100,101248,100,99847,100,101264,100,99796,100
2019-06-28 09:54:50.000000000,100556,312,100445,512,100636,312,100152,312,100644,100,100145,100,100774,100,100089,100,100819,100,100041,100,101085,100,99918,100,101178,100,99913,100,101213,100,99888,100,101248,100,99847,100,101264,100,99796,100
2019-06-28 09:55:00.000000000,100556,185,100445,385,100636,185,100152,185,100644,185,100145,185,100774,185,100089,185,100819,185,100041,185,101085,100,99918,100,101178,100,99913,100,101213,100,99888,100,101248,100,99847,100,101264,100,99796,100
2019-06-28 09:55:10.000000000,100556,185,100445,385,100636,185,100152,185,100644,185,100145,185,100774,185,100089,185,100819,185,100041,185,101085,100,99918,100,101178,100,99913,100,101213,100,99888,100,101248,100,99847,100,101264,100,99796,100
2019-06-28 09:55:20.000000000,100556,312,100445,512,100636,312,100152,312,100644,100,100145,100,100774,100,100089,100,100819,100,100041,100,101085,100,99918,100,101178,100,99913,100,101213,100,99888,100,101248,100,99847,100,101264,100,99796,100
2019-06-28 09:55:30.000000000,100556,524,100445,724,100636,100,100152,100,100644,100,100145,100,100774,100,100089,100,100819,100,100041,100,101085,100,99918,100,101178,100,99913,100,101213,100,99888,100,101248,100,99847,100,101264,100,99796,100
2019-06-28 09:55:40.000000000,100556,185,100445,385,100636,185,100152,185,100644,185,100145,185,100774,185,100089,185,100819,185,100041,185,101085,100,99918,100,101178,100,99913,100,101213,100,99888,100,101248,100,99847,100,101264,100,99796,100
2019-06-28 09:55:43.625512784,100556,85,100445,385,100636,185,100152,185,100644,185,100145,185,100774,185,100089,185,100819,185,100041,185,101085,100,99918,100,101178,100,99913,100,101213,100,99888,100,101248,100,99847,100,101264,100,99796,100
2019-06-28 09:55:49.529191239,100556,85,100519,100,100636,185,100445,385,100644,185,100152,185,100774,185,100145,185,100819,185,100089,185,101085,100,100041,185,101178,100,99918,100,101213,100,99913,100,101248,100,99888,100,101264,100,99847,100
2019-06-28 09:55:50.000000000,100636,185,100519,185,100644,185,100445,385,100774,185,100152,185,100819,185,100145,185,101085,185,100089,185,101178,100,100041,100,101213,100,99918,100,101248,100,99913,100,101264,100,99888,100,101283,100,99847,100
2019-06-28 09:56:00.000000000,100636,206,100519,206,100644,206,100445,406,100774,206,100152,206,100819,206,100145,206,101085,100,100089,100,101178,100,100041,100,101213,100,99918,100,101248,100,99913,100,101264,100,99888,100,101283,100,99847,100
2019-06-28 09:56:07.272077858,100636,206,100519,306,100644,206,100445,406,100774,206,100152,106,100819,206,100145,206,101085,100,100089,100,101178,100,100041,100,101213,100,99918,100,101248,100,99913,100,101264,100,99888,100,101283,100,99847,100
2019-06-28 09:56:10.000000000,100636,185,100519,285,100644,185,100445,385,100774,185,100145,185,100819,185,100089,185,101085,185,100041,185,101178,100,99918,100,101213,100,99913,100,101248,100,99888,100,101264,100,99847,100,101283,100,99796,100
2019-06-28 09:56:12.486226034,100636,185,100519,285,100644,185,100445,385,100774,185,100145,185,100819,185,100089,185,101085,185,100041,185,101178,100,99918,100,101213,100,99913,100,101248,100,99888,100,101264,100,99847,100,101283,100,99796,100
2019-06-28 09:56:20.000000000,100636,206,100519,306,100644,206,100445,406,100774,206,100145,206,100819,206,100089,206,101085,100,100041,100,101178,100,99918,100,101213,100,99913,100,101248,100,99888,100,101264,100,99847,100,101283,100,99796,100
2019-06-28 09:56:20.331354755,100636,106,100519,306,100644,206,100445,406,100774,206,100145,206,100819,206,100089,206,101085,100,100041,100,101178,100,99918,100,101213,100,99913,100,101248,100,99888,100,101264,100,99847,100,101283,100,99796,100
2019-06-28 09:56:30.000000000,100644,185,100519,285,100774,185,100445,385,100819,185,100145,185,101085,185,100089,185,101178,185,100041,185,101213,100,99918,100,101248,100,99913,100,101264,100,99888,100,101283,100,99847,100,101295,100,99796,100
2019-06-28 09:56:35.423891085,100644,85,100519,285,100774,185,100445,385,100819,185,100145,185,101085,185,100089,185,101178,185,100041,185,101213,100,99918,100,101248,100,99913,100,101264,100,99888,100,101283,100,99847,100,101295,100,99796,100
2019-06-28 09:56:40.000000000,100774,206,100519,306,100819,206,100445,406,101085,206,100145,206,101178,206,100089,206,101213,100,100041,100,101248,100,99918,100,101264,100,99913,100,101283,100,99888,100,101295,100,99847,100,101313,100,99796,100
2019-06-28 09:56:44.670744300,100774,206,100636,100,100819,206,100519,306,101085,206,100445,406,101178,206,100145,206,101213,100,100089,206,101248,100,100041,100,101264,100,99918,100,101283,100,99913,100,101295,100,99888,100,101313,100,99847,100
2019-06-28 09:56:50.000000000,100774,524,100636,524,100819,100,100519,200,101085,100,100445,300,101178,100,100145,100,101213,100,100089,100,101248,100,100041,100,101264,100,99918,100,101283,100,99913,100,101295,100,99888,100,101313,100,99847,100
2019-06-28 09:56:51.363194020,100774,524,100636,624,100819,100,100519,200,101085,100,100445,300,101178,100,100145,100,101213,100,100089,100,101248,100,100041,100,101264,100,99918,100,101283,100,99913,100,101295,100,99888,100,101313,100,99847,100
2019-06-28 09:57:00.000000000,100774,524,100636,624,100819,100,100519,200,101085,100,100445,300,101178,100,100145,100,101213,100,100089,100,101248,100,100041,100,101264,100,99918,100,101283,100,99913,100,101295,100,99888,100,101313,100,99847,100
2019-06-28 09:57:10.000000000,100774,312,100636,412,100819,312,100519,412,101085,100,100445,300,101178,100,100145,100,101213,100,100089,100,101248,100,100041,100,101264,100,99918,100,101283,100,99913,100,101295,100,99888,100,101313,100,99847,100
2019-06-28 09:57:10.912680475,100774,312,100636,512,100819,312,100519,312,101085,100,100445,300,101178,100,100145,100,101213,100,100089,100,101248,100,100041,100,101264,100,99918,100,101283,100,99913,100,101295,100,99888,100,101313,100,99847,100
2019-06-28 09:57:20.000000000,100774,244,100636,444,100819,240,100519,240,101085,240,100445,440,101178,100,100145,100,101213,100,100089,100,101248,100,100041,100,101264,100,99918,100,101283,100,99913,100,101295,100,99888,100,101313,100,99847,100
2019-06-28 09:57:30.000000000,100774,312,100636,512,100819,312,100519,312,101085,100,100445,300,101178,100,100145,100,101213,100,100089,100,101248,100,100041,100,101264,100,99918,100,101283,100,99913,100,101295,100,99888,100,101313,100,99847,100
2019-06-28 09:57:30.143615284,100774,312,100636,612,100819,312,100519,312,101085,100,100445,300,101178,100,100145,100,101213,100,100089,100,101248,100,100041,100,101264,100,99918,100,101283,100,99913,100,101295,100,99888,100,101313,100,99847,100
2019-06-28 09:57:40.000000000,100774,524,100636,824,100819,100,100519,100,101085,100,100445,300,101178,100,100145,100,101213,100,100089,100,101248,100,100041,100,101264,100,99918,100,101283,100,99913,100,101295,100,99888,100,101313,100,99847,100
2019-06-28 09:57:42.578319398,100774,524,100636,824,100819,100,100519,100,101085,100,100445,300,101178,100,100145,100,101213,100,100089,100,101248,100,100041,100,101264,100,99918,100,101283,100,99913,100,101295,100,99888,100,101306,100,99847,100
2019-06-28 09:57:49.795290549,100774,424,100636,824,100819,100,100519,100,101085,100,100445,300,101178,100,100145,100,101213,100,100089,100,101248,100,100041,100,101264,100,99918,100,101283,100,99913,100,101295,100,99888,100,101306,100,99847,100
2019-06-28 09:57:50.000000000,100819,185,100636,485,101085,185,100519,185,101178,185,100445,385,101213,185,100145,185,101248,185,100089,185,101264,100,100041,100,101283,100,99918,100,101295,100,99913,100,101306,100,99888,100,101316,100,99847,100
2019-06-28 09:57:58.739778750,100819,185,100636,485,101085,185,100519,185,101178,185,100445,385,101213,185,100145,185,101248,185,100089,185,101264,100,100041,100,101283,100,99918,100,101295,100,99913,100,101306,100,99888,100,101316,100,99847,100
2019-06-28 09:58:00.000000000,100819,206,100636,506,101085,206,100519,206,101178,206,100445,406,101213,206,100145,206,101248,100,100089,100,101264,100,100041,100,101283,100,99918,100,101295,100,99913,100,101306,100,99888,100,101316,100,99847,100
2019-06-28 09:58:02.449293100,100819,106,100636,506,101085,206,100519,206,101178,206,100445,406,101213,206,100145,206,101248,100,100089,100,101264,100,100041,100,101283,100,99918,100,101295,100,99913,100,101306,100,99888,100,101316,100,99847,100
2019-06-28 09:58:10.000000000,101085,524,100636,824,101178,100,100519,100,101213,100,100445,300,101248,100,100145,100,101264,100,100089,100,101283,100,100041,100,101295,100,99918,100,101306,100,99913,100,101316,100,99888,100,101356,100,99847,100
2019-06-28 09:58:20.000000000,101085,244,100636,544,101178,240,100519,240,101213,240,100445,440,101248,100,100145,100,101264,100,100089,100,101283,100,100041,100,101295,100,99918,100,101306,100,99913,100,101316,100,99888,100,101356,100,99847,100
2019-06-28 09:58:26.214679492,101085,144,100636,544,101178,240,100519,240,101213,240,100445,440,101248,100,100145,100,101264,100,100089,100,101283,100,100041,100,101295,100,99918,100,101306,100,99913,100,101316,100,99888,100,101356,100,99847,100
2019-06-28 09:58:30.000000000,101178,206,100636,506,101213,206,100519,206,101248,206,100445,406,101264,206,100145,206,101283,100,100089,100,101295,100,100041,100,101306,100,99918,100,101316,100,99913,100,101356,100,99888,100,101389,100,99847,100
2019-06-28 09:58:40.000000000,101178,185,100636,485,101213,185,100519,185,101248,185,100445,385,101264,185,100145,185,101283,185,100089,185,101295,100,100041,100,101306,100,99918,100,101316,100,99913,100,101356,100,99888,100,101389,100,99847,100
2019-06-28 09:58:50.000000000,101178,185,100636,485,101213,185,100519,185,101248,185,100445,385,101264,185,100145,185,101283,185,100089,185,101295,100,100041,100,101306,100,99918,100,101316,100,99913,100,101356,100,99888,100,101389,100,99847,100
2019-06-28 09:58:50.803455492,101178,185,100636,485,101213,185,100606,100,101248,185,100519,185,101264,185,100445,385,101283,185,100145,185,101295,100,100089,185,101306,100,100041,100,101316,100,99918,100,101356,100,99913,100,101389,100,99888,100
2019-06-28 09:59:00.000000000,101178,244,100636,544,101213,240,100606,240,101248,240,100519,240,101264,100,100445,300,101283,100,100145,100,101295,100,100089,100,101306,100,100041,100,101316,100,99918,100,101356,100,99913,100,101389,100,99888,100
2019-06-28 09:59:10.000000000,101178,185,100636,485,101213,185,100606,185,101248,185,100519,185,101264,185,100445,385,101283,185,100145,185,101295,100,100089,100,101306,100,100041,100,101316,100,99918,100,101356,100,99913,100,101389,100,99888,100
2019-06-28 09:59:18.359707849,101178,185,100636,485,101213,185,100606,185,101248,185,100586,100,101264,185,100519,185,101283,185,100445,385,101295,100,100145,185,101306,100,100089,100,101316,100,100041,100,101356,100,99918,100,101389,100,99913,100
2019-06-28 09:59:20.000000000,101178,524,100636,824,101213,100,100606,100,101248,100,100586,100,101264,100,100519,100,101283,100,100445,300,101295,100,100145,100,101306,100,100089,100,101316,100,100041,100,101356,100,99918,100,101389,100,99913,100
2019-06-28 09:59:20.446546870,100685,100,100636,824,101178,524,100606,100,101213,100,100586,100,101248,100,100519,100,101264,100,100445,300,101283,100,100145,100,101295,100,100089,100,101306,100,100041,100,101316,100,99918,100,101356,100,99913,100
2019-06-28 09:59:28.925486512,100685,100,100636,824,101178,524,100606,100,101213,100,100586,100,101248,100,100519,100,101264,100,100445,200,101283,100,100145,100,101295,100,100089,100,101306,100,100041,100,101316,100,99918,100,101356,100,99913,100
2019-06-28 09:59:30.000000000,100685,524,100636,824,101178,100,100606,100,101213,100,100586,100,101248,100,100519,100,101264,100,100445,200,101283,100,100145,100,101295,100,100089,100,101306,100,100041,100,101316,100,99918,100,101356,100,99913,100
2019-06-28 09:59:32.613044267,100685,524,100636,824,100818,100,100606,100,101178,100,100586,100,101213,100,100519,100,101248,100,100445,200,101264,100,100145,100,101283,100,100089,100,101295,100,100041,100,101306,100,99918,100,101316,100,99913,100
2019-06-28 09:59:32.632179229,100685,524,100636,824,100818,200,100606,100,101178,100,100586,100,101213,100,100519,100,101248,100,100445,200,101264,100,100145,100,101283,100,100089,100,101295,100,100041,100,101306,100,99918,100,101316,100,99913,100
2019-06-28 09:59:34.848874098,100685,524,100636,724,100818,200,100606,100,101178,100,100586,100,101213,100,100519,100,101248,100,100445,200,101264,100,100145,100,101283,100,100089,100,101295,100,100041,100,101306,100,99918,100,101316,100,99913,100
2019-06-28 09:59:40.000000000,100685,244,100636,444,100818,340,100606,240,101178,240,100586,240,101213,100,100519,100,101248,100,100445,200,101264,100,100145,100,101283,100,100089,100,101295,100,100041,100,101306,100,99918,100,101316,100,99913,100
2019-06-28 09:59:50.000000000,100685,206,100636,406,100818,306,100606,206,101178,206,100586,206,101213,206,100519,206,101248,100,100445,200,101264,100,100145,100,101283,100,100089,100,101295,100,100041,100,101306,100,99918,100,101316,100,99913,100
2019-06-28 09:59:53.489391812,100685,206,100636,306,100818,306,100606,206,101178,206,100586,206,101213,206,100519,206,101248,100,100445,200,101264,100,100145,100,101283,100,100089,100,101295,100,100041,100,101306,100,99918,100,101316,100,99913,100
2019-06-28 10:00:00.000000000,100685,185,100636,285,100818,285,100606,185,101178,185,100586,185,101213,185,100519,185,101248,185,100445,285,101264,100,100145,100,101283,100,100089,100,101295,100,100041,100,101306,100,99918,100,101316,100,99913,100
2019-06-28 10:00:07.088968249,100685,185,100636,185,100818,285,100606,185,101178,185,100586,185,101213,185,100519,185,101248,185,100445,285,101264,100,100145,100,101283,100,100089,100,101295,100,100041,100,101306,100,99918,100,101316,100,99913,100
2019-06-28 10:00:10.000000000,100685,185,100636,185,100818,285,100606,185,101178,185,100586,185,101213,185,100519,185,101248,185,100445,285,101264,100,100145,100,101283,100,100089,100,101295,100,100041,100,101306,100,99918,100,101316,100,99913,100
2019-06-28 10:00:10.973917297,100685,185,100636,185,100818,285,100606,185,101178,185,100586,185,101213,185,100519,185,101248,185,100445,185,101264,100,100145,100,101283,100,100089,100,101295,100,100041,100,101306,100,99918,100,101316,100,99913,100
2019-06-28 10:00:20.000000000,100685,524,100636,524,100818,200,100606,100,101178,100,100586,100,101213,100,100519,100,101248,100,100445,100,101264,100,100145,100,101283,100,100089,100,101295,100,100041,100,101306,100,99918,100,101316,100,99913,100
2019-06-28 10:00:22.365288009,100685,524,100636,424,100818,200,100606,100,101178,100,100586,100,101213,100,100519,100,101248,100,100445,100,101264,100,100145,100,101283,100,100089,100,101295,100,100041,100,101306,100,99918,100,101316,100,99913,100
2019-06-28 10:00:27.571173858,100685,524,100636,324,100818,200,100606,100,101178,100,100586,100,101213,100,100519,100,101248,100,100445,100,101264,100,100145,100,101283,100,100089,100,101295,100,100041,100,101306,100,99918,100,101316,100,99913,100
2019-06-28 10:00:30.000000000,100685,244,100606,244,100818,340,100586,240,101178,240,100519,240,101213,100,100445,100,101248,100,100145,100,101264,100,100089,100,101283,100,100041,100,101295,100,99918,100,101306,100,99913,100,101316,100,99888,100
2019-06-28 10:00:35.226765179,100685,244,100606,244,100818,340,100586,240,101178,240,100519,140,101213,100,100445,100,101248,100,100145,100,101264,100,100089,100,101283,100,100041,100,101295,100,99918,100,101306,100,99913,100,101316,100,99888,100
2019-06-28 10:00:36.169505331,100636,100,100606,244,100685,244,100586,240,100818,340,100519,140,101178,240,100445,100,101213,100,100145,100,101248,100,100089,100,101264,100,99918,100,101283,100,99913,100,101295,100,99888,100,101306,100,99847,100
2019-06-28 10:00:40.000000000,100636,524,100606,524,100685,100,100586,100,100818,200,100445,100,101178,100,100145,100,101213,100,100089,100,101248,100,99918,100,101264,100,99913,100,101283,100,99888,100,101295,100,99847,100,101306,100,,
2019-06-28 10:00:50.000000000,100636,524,100606,524,100685,100,100586,100,100818,200,100445,100,101178,100,100145,100,101213,100,100089,100,101248,100,99918,100,101264,100,99913,100,101283,100,99888,100,101295,100,99847,100,101306,100,,
2019-06-28 10:00:51.474668284,100636,524,100606,424,100685,100,100586,100,100818,200,100445,100,101178,100,100145,100,101213,100,100089,100,101248,100,99918,100,101264,100,99913,100,101283,100,99888,100,101295,100,99847,100,101306,100,,
2019-06-28 10:01:00.000000000,100636,312,100586,312,100685,312,100445,312,100818,200,100145,100,101178,100,100089,100,101213,100,99918,100,101248,100,99913,100,101264,100,99888,100,101283,100,99847,100,101295,100,,,101306,100,,
2019-06-28 10:01:00.155947355,100635,100,100586,312,100636,312,100445,312,100685,312,100145,100,100818,200,100089,100,101178,100,99918,100,101213,100,99913,100,101248,100,99888,100,101264,100,99847,100,101283,100,,,101295,100,,
2019-06-28 10:01:10.000000000,100635,185,100586,185,100636,185,100445,185,100685,185,100145,185,100818,285,100089,185,101178,185,99918,185,101213,100,99913,100,101248,100,99888,100,101264,100,99847,100,101283,100,,,101295,100,,
2019-06-28 10:01:14.266048359,100635,185,100586,85,100636,185,100445,185,100685,185,100145,185,100818,285,100089,185,101178,185,99918,185,101213,100,99913,100,101248,100,99888,100,101264,100,99847,100,101283,100,,,101295,100,,
2019-06-28 10:01:20.000000000,100635,206,100445,206,100636,206,100145,206,100685,206,100089,206,100818,306,99918,206,101178,100,99913,100,101213,100,99888,100,101248,100,99847,100,101264,100,,,101283,100,,,101295,100,,
2019-06-28 10:01:25.537736133,100606,100,100445,206,100635,206,100145,206,100636,206,100089,206,100685,206,99918,206,100818,206,99913,100,101178,100,99888,100,101213,100,99847,100,101248,100,,,101264,100,,,101283,100,,
2019-06-28 10:01:28.056398726,100606,100,100445,206,100635,206,100145,206,100636,206,100089,206,100685,206,100008,100,100818,206,99918,206,101213,100,99913,100,101248,100,99888,100,101264,100,99847,100,101283,100,,,101295,100,,
2019-06-28 10:01:30.000000000,100606,312,100445,312,100635,312,100145,312,100636,100,100089,100,100685,100,100008,100,100818,100,99918,100,101213,100,99913,100,101248,100,99888,100,101264,100,99847,100,101283,100,,,101295,100,,
2019-06-28 10:01:30.280000379,100606,312,100445,312,100635,312,100145,312,100636,100,100089,100,100685,100,100046,100,100818,100,100008,100,101213,100,99918,100,101248,100,99913,100,101264,100,99888,100,101283,100,99847,100,101295,100,,
2019-06-28 10:01:38.260855333,100606,312,100445,312,100635,312,100145,312,100636,100,100089,100,100685,100,100076,100,100818,100,100046,100,101213,100,100008,100,101248,100,99918,100,101264,100,99913,100,101283,100,99888,100,101295,100,99847,100
2019-06-28 10:01:38.307477657,100606,312,100445,212,100635,312,100145,312,100636,100,100089,100,100685,100,100076,100,100818,100,100046,100,101213,100,100008,100,101248,100,99918,100,101264,100,99913,100,101283,100,99888,100,101295,100,99847,100
2019-06-28 10:01:40.000000000,100606,312,100145,312,100635,312,100089,312,100636,100,100076,100,100685,100,100046,100,100818,100,100008,100,101213,100,99918,100,101248,100,99913,100,101264,100,99888,100,101283,100,99847,100,101295,100,,
2019-06-28 10:01:50.000000000,100606,244,100145,244,100635,240,100089,240,100636,240,100076,240,100685,100,100046,100,100818,100,100008,100,101213,100,99918,100,101248,100,99913,100,101264,100,99888,100,101283,100,99847,100,101295,100,,
2019-06-28 10:01:54.089594781,100606,244,100145,244,100635,240,100089,240,100636,240,100076,240,100685,100,100046,100,100818,100,100008,100,101213,100,99918,100,101248,100,99913,100,101283,100,99888,100,101295,100,99882,100,101306,100,99847,100
2019-06-28 10:01:59.266840752,100279,100,100145,244,100606,244,100089,240,100635,240,100076,240,100636,240,100046,100,100685,100,100008,100,100818,100,99918,100,101213,100,99913,100,101248,100,99888,100,101283,100,99882,100,101295,100,99847,100
2019-06-28 10:02:00.000000000,100279,312,100145,312,100606,312,100089,312,100635,100,100076,100,100636,100,100046,100,100685,100,100008,100,100818,100,99918,100,101213,100,99913,100,101248,100,99888,100,101283,100,99882,100,101295,100,99847,100
2019-06-28 10:02:06.352384672,100279,212,100145,312,100606,312,100089,312,100635,100,100076,100,100636,100,100046,100,100685,100,100008,100,100818,100,99918,100,101213,100,99913,100,101248,100,99888,100,101283,100,99882,100,101295,100,99847,100
2019-06-28 10:02:09.338715368,100279,212,100163,100,100606,312,100145,312,100635,100,100089,312,100636,100,100076,100,100685,100,100046,100,100818,100,100008,100,101213,100,99918,100,101248,100,99913,100,101283,100,99888,100,101295,100,99882,100
2019-06-28 10:02:10.000000000,100606,312,100163,312,100635,312,100145,312,100636,100,100089,100,100685,100,100076,100,100818,100,100046,100,101213,100,100008,100,101248,100,99918,100,101283,100,99913,100,101295,100,99888,100,101306,100,99882,100
2019-06-28 10:02:14.693138105,100606,312,100463,100,100635,312,100163,312,100636,100,100145,312,100685,100,100089,100,100818,100,100076,100,101213,100,100046,100,101248,100,100008,100,101283,100,99918,100,101295,100,99913,100,101306,100,99888,100
2019-06-28 10:02:16.556803374,100606,312,100550,100,100635,312,100463,100,100636,100,100163,312,100685,100,100145,312,100818,100,100089,100,101213,100,100076,100,101248,100,100046,100,101283,100,100008,100,101306,100,99918,100,101316,100,99913,100
2019-06-28 10:02:20.000000000,100606,185,100550,185,100635,185,100463,185,100636,185,100163,185,100685,185,100145,185,100818,185,100089,185,101213,100,100076,100,101248,100,100046,100,101283,100,100008,100,101306,100,99918,100,101316,100,99913,100
2019-06-28 10:02:30.000000000,100606,524,100550,524,100635,100,100463,100,100636,100,100163,100,100685,100,100145,100,100818,100,100089,100,101213,100,100076,100,101248,100,100046,100,101283,100,100008,100,101306,100,99918,100,101316,100,99913,100
2019-06-28 10:02:40.000000000,100606,206,100550,206,100635,206,100463,206,100636,206,100163,206,100685,206,100145,206,100818,100,100089,100,101213,100,100076,100,101248,100,100046,100,101283,100,100008,100,101306,100,99918,100,101316,100,99913,100
2019-06-28 10:02:48.016946387,100606,206,100550,206,100635,206,100463,206,100636,206,100446,100,100685,206,100163,206,100818,100,100145,206,101213,100,100089,100,101248,100,100076,100,101283,100,100046,100,101306,100,100008,100,101316,100,99918,100
2019-06-28 10:02:50.000000000,100606,312,100550,312,100635,312,100463,312,100636,100,100446,100,100685,100,100163,100,100818,100,100145,100,101213,100,100089,100,101248,100,100076,100,101283,100,100046,100,101306,100,100008,100,101316,100,99918,100
2019-06-28 10:02:53.302507539,100606,312,100550,312,100635,312,100463,312,100636,100,100446,100,100685,100,100163,100,100818,100,100145,100,100945,100,100089,100,101213,100,100076,100,101248,100,100046,100,101283,100,100008,100,101306,100,99918,100
2019-06-28 10:02:59.503309601,100606,212,100550,312,100635,312,100463,312,100636,100,100446,100,100685,100,100163,100,100818,100,100145,100,100945,100,100089,100,101213,100,100076,100,101248,100,100046,100,101283,100,100008,100,101306,100,99918,100
2019-06-28 10:03:00.000000000,100635,185,100550,185,100636,185,100463,185,100685,185,100446,185,100818,185,100163,185,100945,185,100145,185,101213,100,100089,100,101248,100,100076,100,101283,100,100046,100,101306,100,100008,100,101316,100,99918,100
2019-06-28 10:03:10.000000000,100635,312,100550,312,100636,312,100463,312,100685,100,100446,100,100818,100,100163,100,100945,100,100145,100,101213,100,100089,100,101248,100,100076,100,101283,100,100046,100,101306,100,100008,100,101316,100,99918,100
2019-06-28 10:03:10.792664125,100635,312,100551,100,100636,312,100550,312,100685,100,100463,312,100818,100,100446,100,100945,100,100163,100,101213,100,100145,100,101248,100,100089,100,101283,100,100076,100,101306,100,100046,100,101316,100,100008,100
2019-06-28 10:03:20.000000000,100635,206,100551,206,100636,206,100550,206,100685,206,100463,206,100818,206,100446,206,100945,100,100163,100,101213,100,100145,100,101248,100,100089,100,101283,100,100076,100,101306,100,100046,100,101316,100,100008,100
2019-06-28 10:03:30.000000000,100635,524,100551,524,100636,100,100550,100,100685,100,100463,100,100818,100,100446,100,100945,100,100163,100,101213,100,100145,100,101248,100,100089,100,101283,100,100076,100,101306,100,100046,100,101316,100,100008,100
2019-06-28 10:03:31.743039592,100605,100,100551,524,100635,524,100550,100,100636,100,100463,100,100685,100,100446,100,100818,100,100163,100,100945,100,100145,100,101213,100,100089,100,101248,100,100076,100,101283,100,100046,100,101306,100,100008,100
2019-06-28 10:03:33.188983264,100605,100,100551,524,100635,524,100550,100,100636,100,100514,100,100685,100,100463,100,100818,100,100446,100,100945,100,100163,100,101213,100,100145,100,101248,100,100089,100,101283,100,100076,100,101306,100,100046,100
2019-06-28 10:03:39.665339703,100605,100,100551,424,100635,524,100550,100,100636,100,100514,100,100685,100,100463,100,100818,100,100446,100,100945,100,100163,100,101213,100,100145,100,101248,100,100089,100,101283,100,100076,100,101306,100,100046,100
2019-06-28 10:03:40.000000000,100605,524,100550,524,100635,100,100514,100,100636,100,100463,100,100685,100,100446,100,100818,100,100163,100,100945,100,100145,100,101213,100,100089,100,101248,100,100076,100,101283,100,100046,100,101306,100,100008,100
2019-06-28 10:03:50.000000000,100605,244,100550,244,100635,240,100514,240,100636,240,100463,240,100685,100,100446,100,100818,100,100163,100,100945,100,100145,100,101213,100,100089,100,101248,100,100076,100,101283,100,100046,100,101306,100,100008,100
2019-06-28 10:04:00.000000000,100605,185,100550,185,100635,185,100514,185,100636,185,100463,185,100685,185,100446,185,100818,185,100163,185,100945,100,100145,100,101213,100,100089,100,101248,100,100076,100,101283,100,100046,100,101306,100,100008,100
2019-06-28 10:04:05.782306936,100568,100,100550,185,100605,185,100514,185,100635,185,100463,185,100636,185,100446,185,100685,185,100163,185,100818,185,100145,100,100945,100,100089,100,101213,100,100076,100,101248,100,100046,100,101283,100,100008,100
2019-06-28 10:04:10.000000000,100568,312,100550,312,100605,312,100514,312,100635,100,100463,100,100636,100,100446,100,100685,100,100163,100,100818,100,100145,100,100945,100,100089,100,101213,100,100076,100,101248,100,100046,100,101283,100,100008,100
2019-06-28 10:04:18.519460535,100568,312,100550,312,100605,312,100514,312,100635,100,100463,100,100636,100,100446,100,100685,100,100163,100,100818,100,100145,100,101034,100,100089,100,101213,100,100076,100,101248,100,100046,100,101283,100,100008,100
2019-06-28 10:04:20.000000000,100568,524,100550,524,100605,100,100514,100,100635,100,100463,100,100636,100,100446,100,100685,100,100163,100,100818,100,100145,100,101034,100,100089,100,101213,100,100076,100,101248,100,100046,100,101283,100,100008,100
2019-06-28 10:04:30.000000000,100568,206,100550,206,100605,206,100514,206,100635,206,100463,206,100636,206,100446,206,100685,100,100163,100,100818,100,100145,100,101034,100,100089,100,101213,100,100076,100,101248,100,100046,100,101283,100,100008,100
2019-06-28 10:04:35.931970015,100568,206,100550,206,100605,206,100514,206,100635,206,100463,206,100636,206,100446,206,100685,100,100163,100,100750,100,100145,100,100818,100,100089,100,101034,100,100076,100,101213,100,100046,100,101248,100,100008,100
