,ask_price_1,ask_size_1,bid_price_1,bid_size_1,ask_price_2,ask_size_2,bid_price_2,bid_size_2,ask_price_3,ask_size_3,bid_price_3,bid_size_3,ask_price_4,ask_size_4,bid_price_4,bid_size_4,ask_price_5,ask_size_5,bid_price_5,bid_size_5,ask_price_6,ask_size_6,bid_price_6,bid_size_6,ask_price_7,ask_size_7,bid_price_7,bid_size_7,ask_price_8,ask_size_8,bid_price_8,bid_size_8,ask_price_9,ask_size_9,bid_price_9,bid_size_9,ask_price_10,ask_size_10,bid_price_10,bid_size_10
2019-06-28 09:30:00.000000001,,,100007,100,,,,,,,,,,,,,,,,,,,,,,,,,,,,,,,,,,,,
2019-06-28 09:30:00.000000003,100079,100,100007,100,,,99923,100,,,,,,,,,,,,,,,,,,,,,,,,,,,,,,,,
2019-06-28 09:30:00.000000006,100079,100,99923,100,,,,,,,,,,,,,,,,,,,,,,,,,,,,,,,,,,,,
2019-06-28 09:30:00.000000008,100079,100,99923,100,,,99916,100,,,,,,,,,,,,,,,,,,,,,,,,,,,,,,,,
2019-06-28 09:30:00.000000009,100079,100,99923,100,100080,100,99916,100,,,,,,,,,,,,,,,,,,,,,,,,,,,,,,,,
2019-06-28 09:30:00.000000010,100079,100,99952,100,100080,100,99923,100,,,99916,100,,,,,,,,,,,,,,,,,,,,,,,,,,,,
2019-06-28 09:30:00.000000014,100010,100,99952,100,100079,100,99923,100,100080,100,99916,100,,,,,,,,,,,,,,,,,,,,,,,,,,,,
2019-06-28 09:30:00.000000015,100010,100,99952,100,100043,100,99923,100,100079,100,99916,100,100080,100,,,,,,,,,,,,,,,,,,,,,,,,,,
2019-06-28 09:30:00.000000018,100010,100,99952,100,100043,100,99923,100,100079,100,99916,100,100080,100,,,100096,100,,,,,,,,,,,,,,,,,,,,,,
2019-06-28 09:30:00.000000019,100010,100,99952,100,100043,100,99923,100,100079,100,99916,100,100080,100,99899,100,100096,100,,,100105,100,,,,,,,,,,,,,,,,,,
2019-06-28 09:30:00.000000020,100010,100,99923,100,100043,100,99916,100,100079,100,99899,100,100080,100,,,100096,100,,,100105,100,,,,,,,,,,,,,,,,,,
2019-06-28 09:30:00.000000022,99933,100,99923,100,100010,100,99916,100,100043,100,99899,100,100079,100,,,100080,100,,,100096,100,,,100105,100,,,,,,,,,,,,,,
2019-06-28 09:30:00.000000023,100010,100,99923,100,100043,100,99916,100,100079,100,99899,100,100080,100,,,100096,100,,,100105,100,,,,,,,,,,,,,,,,,,
2019-06-28 09:30:00.000000028,100010,100,99923,100,100041,100,99916,100,100043,100,99899,100,100079,100,,,100080,100,,,100096,100,,,100105,100,,,,,,,,,,,,,,
2019-06-28 09:30:00.000000030,100010,100,99923,100,100041,100,99916,100,100043,100,99899,100,100063,100,,,100079,100,,,100080,100,,,100096,100,,,100105,100,,,,,,,,,,
2019-06-28 09:30:00.000000031,100041,100,99923,100,100043,100,99916,100,100063,100,99899,100,100079,100,,,100080,100,,,100096,100,,,100105,100,,,,,,,,,,,,,,
2019-06-28 09:30:00.000000035,100041,100,99985,100,100043,100,99957,100,100063,100,99923,100,100079,100,99916,100,100080,100,99899,100,100096,100,,,100105,100,,,,,,,,,,,,,,
2019-06-28 09:30:00.000000038,100041,100,99985,100,100043,100,99957,100,100063,100,99923,100,100079,100,99916,100,100080,100,99899,100,100096,100,,,100105,100,,,100145,100,,,,,,,,,,
2019-06-28 09:30:00.000000042,100041,100,99957,100,100043,100,99923,100,100063,100,99916,100,100079,100,99899,100,100080,100,,,100096,100,,,100105,100,,,100145,100,,,,,,,,,,
2019-06-28 09:30:00.000000045,100041,200,99957,100,100043,100,99923,100,100063,100,99916,100,100079,100,99899,100,100080,100,,,100096,100,,,100105,100,,,100145,100,,,,,,,,,,
2019-06-28 09:30:00.000000046,100041,200,99993,100,100043,100,99957,100,100063,100,99923,100,100079,100,99916,100,100080,100,99899,100,100096,100,,,100105,100,,,100145,100,,,,,,,,,,
2019-06-28 09:30:00.000000048,100041,200,99957,100,100043,100,99923,100,100063,100,99916,100,100079,100,99899,100,100080,100,,,100096,100,,,100105,100,,,100145,100,,,,,,,,,,
2019-06-28 09:30:00.000000049,100041,200,99957,100,100043,100,99923,100,100063,100,99916,100,100079,100,99899,100,100080,100,,,100096,100,,,100105,100,,,100119,100,,,100145,100,,,,,,
2019-06-28 09:30:00.000000051,100016,100,99957,100,100041,200,99923,100,100043,100,99916,100,100063,100,99899,100,100079,100,,,100080,100,,,100096,100,,,100105,100,,,100119,100,,,100145,100,,
2019-06-28 09:30:00.000000052,100016,100,99985,100,100041,200,99957,100,100043,100,99923,100,100063,100,99916,100,100077,100,99899,100,100079,100,,,100080,100,,,100096,100,,,100105,100,,,100119,100,,
2019-06-28 09:30:00.000000055,99993,100,99985,100,100016,100,99957,100,100041,200,99923,100,100043,100,99916,100,100063,100,99899,100,100077,100,99865,100,100079,100,,,100080,100,,,100096,100,,,100105,100,,
2019-06-28 09:30:00.000000056,99993,100,99985,100,100016,100,99957,100,100041,200,99923,100,100043,100,99916,100,100063,100,99899,100,100077,100,99865,100,100079,100,,,100080,100,,,100096,100,,,100105,100,,
2019-06-28 09:30:00.000000059,99993,100,99985,100,100016,100,99957,100,100041,200,99923,100,100043,100,99916,100,100063,100,99899,100,100077,100,99865,100,100079,100,,,100080,100,,,100096,100,,,100105,100,,
2019-06-28 09:30:00.000000060,99993,100,99985,100,100016,100,99957,100,100022,100,99923,100,100041,200,99916,100,100043,100,99899,100,100063,100,99865,100,100077,100,,,100079,100,,,100080,100,,,100096,100,,
2019-06-28 09:30:00.000000061,99993,100,99985,200,100016,100,99957,100,100022,100,99923,100,100041,200,99916,100,100043,100,99899,100,100063,100,99865,100,100077,100,,,100079,100,,,100080,100,,,100096,100,,
2019-06-28 09:30:00.000000062,100016,100,99985,200,100022,100,99957,100,100041,200,99923,100,100043,100,99916,100,100063,100,99899,100,100077,100,99865,100,100079,100,,,100080,100,,,100096,100,,,100105,100,,
2019-06-28 09:30:00.000000065,100016,100,99985,200,100022,100,99957,100,100041,200,99923,100,100043,100,99916,100,100060,100,99899,100,100063,100,99865,100,100077,100,,,100079,100,,,100080,100,,,100096,100,,
2019-06-28 09:30:00.000000066,99993,100,99985,200,100016,100,99957,100,100022,100,99923,100,100041,200,99916,100,100043,100,99899,100,100060,100,99865,100,100063,100,,,100077,100,,,100079,100,,,100080,100,,
2019-06-28 09:30:00.000000067,99993,100,99985,200,100016,100,99957,100,100022,100,99923,100,100041,200,99916,100,100043,100,99899,100,100060,100,99865,100,100063,100,,,100077,100,,,100079,100,,,100080,100,,
2019-06-28 09:30:00.000000068,99993,100,99985,100,100016,100,99957,100,100022,100,99923,100,100041,200,99916,100,100043,100,99899,100,100060,100,99865,100,100063,100,,,100077,100,,,100079,100,,,100080,100,,
2019-06-28 09:30:00.000000070,99993,100,99985,100,100016,100,99957,100,100022,100,99923,100,100041,200,99916,100,100043,100,99899,100,100060,100,99865,100,100063,100,99809,100,100077,100,,,100079,100,,,100080,100,,
2019-06-28 09:30:00.000000073,99993,100,99985,100,100016,100,99957,100,100022,100,99923,100,100041,200,99916,100,100043,100,99899,100,100060,100,99865,100,100063,100,99809,100,100077,100,,,100079,100,,,100080,100,,
2019-06-28 09:30:00.000000074,99993,100,99985,100,100016,100,99957,100,100022,100,99923,100,100041,200,99916,100,100043,100,99899,100,100060,100,99865,100,100063,100,99809,100,100077,100,,,100079,100,,,100080,100,,
2019-06-28 09:30:00.000000075,99993,100,99985,100,100016,100,99957,100,100022,100,99932,100,100041,200,99923,100,100043,100,99916,100,100060,100,99899,100,100063,100,99865,100,100077,100,99809,100,100079,100,,,100080,100,,
2019-06-28 09:30:00.000000076,99993,100,99985,100,100016,100,99969,100,100022,100,99957,100,100024,100,99932,100,100041,200,99923,100,100043,100,99916,100,100060,100,99899,100,100063,100,99865,100,100077,100,99813,100,100079,100,99809,100
2019-06-28 09:30:00.000000077,99993,100,99986,300,100016,100,99985,100,100022,100,99969,100,100024,100,99957,200,100041,200,99932,100,100043,100,99923,100,100060,100,99916,100,100063,100,99899,100,100077,100,99865,100,100079,100,99813,100
2019-06-28 09:30:00.000000078,99993,100,99986,400,100016,100,99985,100,100022,100,99969,100,100024,100,99957,200,100041,200,99932,100,100043,100,99923,100,100060,100,99916,100,100063,100,99899,100,100077,100,99865,100,100079,100,99813,100
2019-06-28 09:30:00.000000082,99993,100,99986,500,100016,100,99985,100,100022,100,99969,100,100024,100,99957,200,100041,200,99932,100,100043,100,99923,100,100060,100,99916,100,100063,100,99899,100,100077,100,99865,100,100079,100,99813,100
2019-06-28 09:30:00.000000083,99993,100,99986,600,100016,100,99985,100,100022,100,99969,100,100024,100,99957,200,100041,200,99932,100,100043,100,99923,100,100060,100,99916,100,100063,100,99899,100,100077,100,99865,100,100079,100,99813,100
2019-06-28 09:30:00.000000084,99993,100,99986,700,100016,100,99985,100,100022,100,99969,100,100024,100,99957,200,100041,200,99932,100,100043,100,99923,100,100060,100,99916,100,100063,100,99899,100,100077,100,99865,100,100079,100,99813,100
2019-06-28 09:30:00.000000085,99993,100,99986,700,100016,100,99985,100,100022,100,99969,100,100024,100,99957,200,100041,200,99932,100,100043,100,99923,100,100060,100,99916,100,100063,100,99899,100,100068,100,99865,100,100077,100,99813,100
2019-06-28 09:30:00.000000086,99992,100,99986,700,99993,100,99985,100,100016,100,99969,100,100022,100,99957,200,100024,100,99932,100,100041,200,99923,100,100043,100,99916,100,100060,100,99899,100,100063,100,99865,100,100068,100,99813,100
2019-06-28 09:30:00.000000087,99992,100,99986,700,99993,100,99985,100,100016,100,99969,100,100022,100,99957,200,100024,100,99932,100,100028,100,99923,100,100041,200,99916,100,100043,100,99899,100,100060,100,99865,100,100063,100,99813,100
2019-06-28 09:30:00.000000092,99992,100,99986,700,99993,100,99985,100,100016,100,99969,100,100022,100,99957,200,100024,100,99950,100,100028,100,99932,100,100041,200,99923,100,100043,100,99916,100,100060,100,99899,100,100063,100,99865,100
2019-06-28 09:30:00.000000093,99992,100,99986,800,99993,100,99985,100,100016,100,99969,100,100022,100,99957,200,100024,100,99950,100,100028,100,99932,100,100041,200,99923,100,100043,100,99916,100,100060,100,99899,100,100063,100,99865,100
2019-06-28 09:30:00.000000094,99993,100,99986,800,100016,100,99985,100,100022,100,99969,100,100024,100,99957,200,100028,100,99950,100,100041,200,99932,100,100043,100,99923,100,100060,100,99916,100,100063,100,99899,100,100068,100,99865,100
2019-06-28 09:30:00.000000095,100016,100,99986,800,100022,100,99985,100,100024,100,99969,100,100028,100,99957,200,100041,200,99950,100,100043,100,99932,100,100060,100,99923,100,100063,100,99916,100,100068,100,99899,100,100077,100,99865,100
2019-06-28 09:30:00.000000096,100016,100,99992,100,100022,100,99986,800,100024,100,99985,100,100028,100,99969,100,100041,200,99957,200,100043,100,99950,100,100060,100,99932,100,100063,100,99923,100,100068,100,99916,100,100071,100,99899,100
2019-06-28 09:30:10.000000000,100016,262,99992,262,100022,262,99986,962,100024,100,99985,100,100028,100,99969,100,100041,200,99957,200,100043,100,99950,100,100060,100,99932,100,100063,100,99923,100,100068,100,99916,100,100071,100,99899,100
2019-06-28 09:30:17.466448969,100016,262,99992,262,100022,262,99986,962,100024,100,99985,100,100028,100,99969,100,100041,200,99957,200,100043,100,99950,100,100060,100,99932,100,100063,100,99923,100,100068,100,99916,100,100071,100,99899,100
2019-06-28 09:30:20.000000000,100016,262,99992,262,100022,262,99986,962,100024,100,99985,100,100028,100,99969,100,100041,200,99957,200,100043,100,99950,100,100060,100,99932,100,100063,100,99923,100,100068,100,99916,100,100071,100,99899,100
2019-06-28 09:30:26.331624986,100016,262,99992,362,100022,262,99986,862,100024,100,99985,100,100028,100,99969,100,100041,200,99957,200,100043,100,99950,100,100060,100,99932,100,100063,100,99923,100,100068,100,99916,100,100071,100,99899,100
2019-06-28 09:30:30.000000000,100016,424,99992,524,100022,100,99986,700,100024,100,99985,100,100028,100,99969,100,100041,200,99957,200,100043,100,99950,100,100060,100,99932,100,100063,100,99923,100,100068,100,99916,100,100071,100,99899,100
2019-06-28 09:30:35.307763544,100016,424,99992,524,100022,100,99986,700,100024,100,99985,100,100028,100,99969,100,100032,100,99957,200,100041,200,99950,100,100043,100,99932,100,100060,100,99916,100,100063,100,99899,100,100068,100,99865,100
2019-06-28 09:30:40.000000000,100016,181,99992,281,100022,181,99986,781,100024,181,99985,181,100028,181,99969,181,100032,100,99957,200,100041,200,99950,100,100043,100,99932,100,100060,100,99916,100,100063,100,99899,100,100068,100,99865,100
2019-06-28 09:30:45.210383025,100016,181,99992,181,100022,181,99986,781,100024,181,99985,181,100028,181,99969,181,100032,100,99957,200,100041,200,99950,100,100043,100,99932,100,100060,100,99916,100,100063,100,99899,100,100068,100,99865,100
2019-06-28 09:30:50.000000000,100016,181,99992,181,100022,181,99986,781,100024,181,99985,181,100028,181,99969,181,100032,100,99957,200,100041,200,99950,100,100043,100,99932,100,100060,100,99916,100,100063,100,99899,100,100068,100,99865,100
2019-06-28 09:31:00.000000000,100016,181,99992,181,100022,181,99986,781,100024,181,99985,181,100028,181,99969,181,100032,100,99957,200,100041,200,99950,100,100043,100,99932,100,100060,100,99916,100,100063,100,99899,100,100068,100,99865,100
2019-06-28 09:31:10.000000000,100016,210,99992,210,100022,207,99986,807,100024,207,99985,207,100028,100,99969,100,100032,100,99957,200,100041,200,99950,100,100043,100,99932,100,100060,100,99916,100,100063,100,99899,100,100068,100,99865,100
2019-06-28 09:31:20.000000000,100016,262,99992,262,100022,262,99986,862,100024,100,99985,100,100028,100,99969,100,100032,100,99957,200,100041,200,99950,100,100043,100,99932,100,100060,100,99916,100,100063,100,99899,100,100068,100,99865,100
2019-06-28 09:31:30.000000000,100016,262,99992,262,100022,262,99986,862,100024,100,99985,100,100028,100,99969,100,100032,100,99957,200,100041,200,99950,100,100043,100,99932,100,100060,100,99916,100,100063,100,99899,100,100068,100,99865,100
2019-06-28 09:31:39.535300382,100016,262,99992,262,100022,262,99986,762,100024,100,99985,100,100028,100,99969,100,100032,100,99957,200,100041,200,99950,100,100043,100,99932,100,100060,100,99916,100,100063,100,99899,100,100068,100,99865,100
2019-06-28 09:31:40.000000000,100016,165,99992,165,100022,165,99986,665,100024,165,99985,165,100028,165,99969,165,100032,165,99957,265,100041,200,99950,100,100043,100,99932,100,100060,100,99916,100,100063,100,99899,100,100068,100,99865,100
2019-06-28 09:31:50.000000000,100016,262,99992,262,100022,262,99986,762,100024,100,99985,100,100028,100,99969,100,100032,100,99957,200,100041,200,99950,100,100043,100,99932,100,100060,100,99916,100,100063,100,99899,100,100068,100,99865,100
2019-06-28 09:32:00.000000000,100016,424,99992,424,100022,100,99986,600,100024,100,99985,100,100028,100,99969,100,100032,100,99957,200,100041,200,99950,100,100043,100,99932,100,100060,100,99916,100,100063,100,99899,100,100068,100,99865,100
2019-06-28 09:32:10.000000000,100016,165,99992,165,100022,165,99986,665,100024,165,99985,165,100028,165,99969,165,100032,165,99957,265,100041,200,99950,100,100043,100,99932,100,100060,100,99916,100,100063,100,99899,100,100068,100,99865,100
2019-06-28 09:32:20.000000000,100016,181,99992,181,100022,181,99986,681,100024,181,99985,181,100028,181,99969,181,100032,100,99957,200,100041,200,99950,100,100043,100,99932,100,100060,100,99916,100,100063,100,99899,100,100068,100,99865,100
2019-06-28 09:32:21.387234262,100016,181,99992,181,100022,181,99986,681,100024,181,99985,181,100028,181,99969,181,100032,100,99957,200,100041,200,99950,100,100043,100,99932,100,100060,100,99916,100,100063,100,99899,100,100068,100,99865,100
2019-06-28 09:32:30.000000000,100016,165,99992,165,100022,165,99986,665,100024,165,99985,165,100028,165,99969,165,100032,165,99957,265,100041,200,99950,100,100043,100,99932,100,100060,100,99916,100,100063,100,99899,100,100068,100,99865,100
2019-06-28 09:32:31.541696767,99993,100,99992,165,100016,165,99986,565,100022,165,99985,165,100024,165,99969,165,100028,165,99957,265,100032,165,99950,100,100041,200,99932,100,100043,100,99916,100,100060,100,99899,100,100063,100,99865,100
2019-06-28 09:32:40.000000000,99993,424,99992,424,100016,100,99986,500,100022,100,99985,100,100024,100,99969,100,100028,100,99957,200,100032,100,99950,100,100041,200,99932,100,100043,100,99916,100,100060,100,99899,100,100063,100,99865,100
2019-06-28 09:32:50.000000000,99993,210,99992,210,100016,207,99986,607,100022,207,99985,207,100024,100,99969,100,100028,100,99957,200,100032,100,99950,100,100041,200,99932,100,100043,100,99916,100,100060,100,99899,100,100063,100,99865,100
2019-06-28 09:32:53.385931668,99993,210,99992,110,100016,207,99986,607,100022,207,99985,207,100024,100,99969,100,100028,100,99957,200,100032,100,99950,100,100041,200,99932,100,100043,100,99916,100,100060,100,99899,100,100063,100,99865,100
2019-06-28 09:32:56.721865721,99993,210,99992,10,100016,207,99986,507,100022,207,99985,207,100024,100,99969,100,100028,100,99957,200,100032,100,99950,100,100041,200,99932,100,100043,100,99916,100,100060,100,99899,100,100063,100,99865,100
2019-06-28 09:33:00.000000000,99993,210,99986,510,100016,207,99985,207,100022,207,99969,207,100024,100,99957,200,100028,100,99950,100,100032,100,99932,100,100041,200,99916,100,100043,100,99899,100,100060,100,99865,100,100063,100,99813,100
2019-06-28 09:33:08.664250419,99993,210,99986,510,100016,207,99985,207,100022,207,99969,207,100024,100,99957,200,100028,100,99950,100,100032,100,99932,100,100041,200,99916,100,100043,100,99899,100,100060,100,99865,100,100063,100,99813,100
2019-06-28 09:33:10.000000000,99993,165,99986,465,100016,165,99985,165,100022,165,99969,165,100024,165,99957,265,100028,165,99950,165,100032,100,99932,100,100041,200,99916,100,100043,100,99899,100,100060,100,99865,100,100063,100,99813,100
2019-06-28 09:33:10.678763936,99993,165,99986,465,100016,165,99985,165,100022,165,99969,165,100024,165,99957,265,100028,165,99950,165,100032,100,99932,100,100041,200,99916,100,100043,100,99899,100,100060,100,99865,100,100063,100,99813,100
2019-06-28 09:33:20.000000000,99993,210,99986,510,100016,207,99985,207,100022,207,99969,207,100024,100,99957,200,100028,100,99950,100,100032,100,99932,100,100041,200,99916,100,100043,100,99899,100,100060,100,99865,100,100063,100,99813,100
2019-06-28 09:33:30.000000000,99993,424,99986,724,100016,100,99985,100,100022,100,99969,100,100024,100,99957,200,100028,100,99950,100,100032,100,99932,100,100041,200,99916,100,100043,100,99899,100,100060,100,99865,100,100063,100,99813,100
2019-06-28 09:33:40.000000000,99993,165,99986,465,100016,165,99985,165,100022,165,99969,165,100024,165,99957,265,100028,165,99950,165,100032,100,99932,100,100041,200,99916,100,100043,100,99899,100,100060,100,99865,100,100063,100,99813,100
2019-06-28 09:33:43.039822352,99993,165,99986,365,100016,165,99985,165,100022,165,99969,165,100024,165,99957,265,100028,165,99950,165,100032,100,99932,100,100041,200,99916,100,100043,100,99899,100,100060,100,99865,100,100063,100,99813,100
2019-06-28 09:33:50.000000000,99993,210,99986,410,100016,207,99985,207,100022,207,99969,207,100024,100,99957,200,100028,100,99950,100,100032,100,99932,100,100041,200,99916,100,100043,100,99899,100,100060,100,99865,100,100063,100,99813,100
2019-06-28 09:33:58.126508998,99993,210,99986,410,100016,207,99985,207,100022,207,99969,207,100024,100,99957,200,100028,100,99950,100,100032,100,99932,100,100041,200,99916,100,100043,100,99899,100,100060,100,99865,100,100063,100,99813,100
2019-06-28 09:34:00.000000000,99993,210,99986,410,100016,207,99985,207,100022,207,99969,207,100024,100,99957,200,100028,100,99950,100,100032,100,99932,100,100041,200,99916,100,100043,100,99899,100,100060,100,99865,100,100063,100,99813,100
2019-06-28 09:34:07.946113407,99993,210,99986,410,100016,207,99985,207,100022,207,99969,207,100024,100,99957,200,100028,100,99950,100,100032,100,99916,100,100041,200,99899,100,100043,100,99865,100,100060,100,99813,100,100063,100,99809,100
2019-06-28 09:34:10.000000000,99993,181,99986,381,100016,181,99985,181,100022,181,99969,181,100024,181,99957,281,100028,100,99950,100,100032,100,99916,100,100041,200,99899,100,100043,100,99865,100,100060,100,99813,100,100063,100,99809,100
2019-06-28 09:34:20.000000000,99993,210,99986,410,100016,207,99985,207,100022,207,99969,207,100024,100,99957,200,100028,100,99950,100,100032,100,99916,100,100041,200,99899,100,100043,100,99865,100,100060,100,99813,100,100063,100,99809,100
2019-06-28 09:34:30.000000000,99993,181,99986,381,100016,181,99985,181,100022,181,99969,181,100024,181,99957,281,100028,100,99950,100,100032,100,99916,100,100041,200,99899,100,100043,100,99865,100,100060,100,99813,100,100063,100,99809,100
2019-06-28 09:34:40.000000000,99993,262,99986,462,100016,262,99985,262,100022,100,99969,100,100024,100,99957,200,100028,100,99950,100,100032,100,99916,100,100041,200,99899,100,100043,100,99865,100,100060,100,99813,100,100063,100,99809,100
2019-06-28 09:34:50.000000000,99993,210,99986,410,100016,207,99985,207,100022,207,99969,207,100024,100,99957,200,100028,100,99950,100,100032,100,99916,100,100041,200,99899,100,100043,100,99865,100,100060,100,99813,100,100063,100,99809,100
2019-06-28 09:35:00.000000000,99993,181,99986,381,100016,181,99985,181,100022,181,99969,181,100024,181,99957,281,100028,100,99950,100,100032,100,99916,100,100041,200,99899,100,100043,100,99865,100,100060,100,99813,100,100063,100,99809,100
2019-06-28 09:35:00.372979136,99993,181,99986,381,100016,181,99985,181,100022,181,99969,181,100024,181,99957,281,100028,100,99950,100,100032,100,99916,100,100041,200,99899,100,100043,100,99813,100,100060,100,99809,100,100063,100,99468,100
2019-06-28 09:35:06.565759515,99993,181,99986,381,100016,181,99985,181,100022,181,99969,181,100024,181,99957,281,100032,100,99950,100,100041,200,99916,100,100043,100,99899,100,100060,100,99813,100,100063,100,99809,100,100068,100,99468,100
2019-06-28 09:35:10.000000000,99993,424,99986,624,100016,100,99985,100,100022,100,99969,100,100024,100,99957,200,100032,100,99950,100,100041,200,99916,100,100043,100,99899,100,100060,100,99813,100,100063,100,99809,100,100068,100,99468,100
2019-06-28 09:35:20.000000000,99993,165,99986,365,100016,165,99985,165,100022,165,99969,165,100024,165,99957,265,100032,165,99950,165,100041,200,99916,100,100043,100,99899,100,100060,100,99813,100,100063,100,99809,100,100068,100,99468,100
2019-06-28 09:35:29.218376050,99992,100,99986,265,99993,165,99985,165,100016,165,99969,165,100022,165,99957,265,100024,165,99950,165,100032,165,99916,100,100041,200,99899,100,100043,100,99813,100,100060,100,99809,100,100063,100,99468,100
2019-06-28 09:35:30.000000000,99992,210,99986,310,99993,207,99985,207,100016,207,99969,207,100022,100,99957,200,100024,100,99950,100,100032,100,99916,100,100041,200,99899,100,100043,100,99813,100,100060,100,99809,100,100063,100,99468,100
2019-06-28 09:35:33.682753186,99992,210,99986,210,99993,207,99985,207,100016,207,99969,207,100024,100,99957,200,100032,100,99950,100,100041,200,99916,100,100043,100,99899,100,100060,100,99813,100,100063,100,99809,100,100068,100,99468,100
2019-06-28 09:35:40.000000000,99992,424,99986,424,99993,100,99985,100,100016,100,99969,100,100024,100,99957,200,100032,100,99950,100,100041,200,99916,100,100043,100,99899,100,100060,100,99813,100,100063,100,99809,100,100068,100,99468,100
2019-06-28 09:35:50.000000000,99992,165,99986,165,99993,165,99985,165,100016,165,99969,165,100024,165,99957,265,100032,165,99950,165,100041,200,99916,100,100043,100,99899,100,100060,100,99813,100,100063,100,99809,100,100068,100,99468,100
2019-06-28 09:35:56.290412146,99992,165,99986,165,99993,165,99985,165,100016,165,99969,165,100024,165,99957,265,100032,165,99950,165,100041,100,99916,100,100043,100,99899,100,100060,100,99813,100,100063,100,99809,100,100068,100,99468,100
2019-06-28 09:35:56.378749139,99992,165,99986,65,99993,165,99985,165,100016,165,99969,165,100024,165,99957,165,100032,165,99950,165,100041,100,99916,100,100043,100,99899,100,100060,100,99813,100,100063,100,99809,100,100068,100,99468,100
2019-06-28 09:36:00.000000000,99992,210,99985,210,99993,207,99969,207,100016,207,99957,207,100024,100,99950,100,100032,100,99916,100,100041,100,99899,100,100043,100,99813,100,100060,100,99809,100,100063,100,99468,100,100068,100,99246,100
2019-06-28 09:36:02.103046409,99992,210,99985,210,99993,207,99969,207,100016,207,99957,207,100024,100,99950,100,100032,100,99916,100,100041,100,99899,100,100043,100,99813,100,100060,100,99809,100,100063,100,99468,100,100068,100,99391,100
2019-06-28 09:36:10.000000000,99992,262,99985,262,99993,262,99969,262,100016,100,99957,100,100024,100,99950,100,100032,100,99916,100,100041,100,99899,100,100043,100,99813,100,100060,100,99809,100,100063,100,99468,100,100068,100,99391,100
2019-06-28 09:36:12.410284471,99992,262,99985,162,99993,262,99969,262,100016,100,99957,100,100024,100,99950,100,100032,100,99916,100,100041,100,99899,100,100043,100,99813,100,100060,100,99809,100,100063,100,99468,100,100068,100,99391,100
2019-06-28 09:36:16.227031546,99986,100,99985,162,99992,262,99969,262,99993,262,99957,100,100016,100,99950,100,100024,100,99916,100,100032,100,99813,100,100041,100,99809,100,100043,100,99468,100,100060,100,99391,100,100063,100,99246,100
2019-06-28 09:36:20.000000000,99986,210,99969,210,99992,207,99957,207,99993,207,99950,207,100016,100,99916,100,100024,100,99813,100,100032,100,99809,100,100041,100,99468,100,100043,100,99391,100,100060,100,99246,100,100063,100,99191,100
2019-06-28 09:36:21.712380226,99986,210,99969,210,99992,207,99957,207,99993,207,99950,207,100016,100,99916,100,100024,100,99813,100,100032,100,99809,100,100041,100,99468,100,100043,100,99391,100,100060,100,99246,100,100063,100,99191,100
2019-06-28 09:36:27.933067773,99986,210,99969,210,99992,207,99957,207,99993,207,99950,207,100016,100,99916,100,100024,100,99813,100,100032,100,99809,100,100041,100,99468,100,100043,100,99391,100,100060,100,99246,100,100063,100,99191,100
2019-06-28 09:36:30.000000000,99986,424,99969,424,99992,100,99957,100,99993,100,99950,100,100016,100,99916,100,100024,100,99813,100,100032,100,99809,100,100041,100,99468,100,100043,100,99391,100,100060,100,99246,100,100063,100,99191,100
2019-06-28 09:36:40.000000000,99986,262,99969,262,99992,262,99957,262,99993,100,99950,100,100016,100,99916,100,100024,100,99813,100,100032,100,99809,100,100041,100,99468,100,100043,100,99391,100,100060,100,99246,100,100063,100,99191,100
2019-06-28 09:36:50.000000000,99986,165,99969,165,99992,165,99957,165,99993,165,99950,165,100016,165,99916,165,100024,165,99813,165,100032,100,99809,100,100041,100,99468,100,100043,100,99391,100,100060,100,99246,100,100063,100,99191,100
2019-06-28 09:36:55.273084101,99986,165,99969,65,99992,165,99957,165,99993,165,99950,165,100016,165,99916,165,100024,165,99813,165,100032,100,99809,100,100041,100,99468,100,100043,100,99391,100,100060,100,99246,100,100063,100,99191,100
2019-06-28 09:37:00.000000000,99986,262,99957,262,99992,262,99950,262,99993,100,99916,100,100016,100,99813,100,100024,100,99809,100,100032,100,99468,100,100041,100,99391,100,100043,100,99246,100,100060,100,99191,100,100063,100,99140,100
2019-06-28 09:37:03.243828091,99986,262,99957,162,99992,262,99950,262,99993,100,99916,100,100016,100,99813,100,100024,100,99809,100,100032,100,99468,100,100041,100,99391,100,100043,100,99246,100,100060,100,99191,100,100063,100,99140,100
2019-06-28 09:37:10.000000000,99986,262,99950,262,99992,262,99916,262,99993,100,99813,100,100016,100,99809,100,100024,100,99468,100,100032,100,99391,100,100041,100,99246,100,100043,100,99191,100,100060,100,99140,100,100063,100,99053,100
2019-06-28 09:37:13.807244628,99986,262,99950,162,99992,262,99916,262,99993,100,99813,100,100016,100,99809,100,100024,100,99468,100,100032,100,99391,100,100041,100,99246,100,100043,100,99191,100,100060,100,99053,100,100063,100,98999,100
2019-06-28 09:37:20.000000000,99986,210,99916,210,99992,207,99813,207,99993,207,99809,207,100016,100,99468,100,100024,100,99391,100,100032,100,99246,100,100041,100,99191,100,100043,100,99053,100,100060,100,98999,100,100063,100,98825,100
2019-06-28 09:37:30.000000000,99986,210,99916,210,99992,207,99813,207,99993,207,99809,207,100016,100,99468,100,100024,100,99391,100,100032,100,99246,100,100041,100,99191,100,100043,100,99053,100,100060,100,98999,100,100063,100,98825,100
2019-06-28 09:37:38.524691288,99986,210,99916,110,99992,207,99813,207,99993,207,99809,207,100016,100,99468,100,100024,100,99391,100,100032,100,99246,100,100041,100,99191,100,100043,100,99053,100,100063,100,98999,100,100068,100,98825,100
2019-06-28 09:37:40.000000000,99986,210,99813,210,99992,207,99809,207,99993,207,99468,207,100016,100,99391,100,100024,100,99246,100,100032,100,99191,100,100041,100,99053,100,100043,100,98999,100,100063,100,98825,100,100068,100,98732,100
2019-06-28 09:37:50.000000000,99986,262,99813,262,99992,262,99809,262,99993,100,99468,100,100016,100,99391,100,100024,100,99246,100,100032,100,99191,100,100041,100,99053,100,100043,100,98999,100,100063,100,98825,100,100068,100,98732,100
2019-06-28 09:38:00.000000000,99986,181,99813,181,99992,181,99809,181,99993,181,99468,181,100016,181,99391,181,100024,100,99246,100,100032,100,99191,100,100041,100,99053,100,100043,100,98999,100,100063,100,98825,100,100068,100,98732,100
2019-06-28 09:38:02.682711807,99950,100,99813,181,99986,181,99809,181,99992,181,99468,181,99993,181,99391,181,100016,181,99246,100,100024,100,99191,100,100032,100,99053,100,100041,100,98999,100,100043,100,98825,100,100063,100,98732,100
2019-06-28 09:38:09.329826331,99950,200,99813,181,99986,181,99809,181,99992,181,99468,181,99993,181,99391,181,100016,181,99246,100,100024,100,99191,100,100032,100,99053,100,100041,100,98999,100,100043,100,98825,100,100063,100,98732,100
2019-06-28 09:38:10.000000000,99950,281,99813,181,99986,181,99809,181,99992,181,99468,181,99993,181,99391,181,100016,100,99246,100,100024,100,99191,100,100032,100,99053,100,100041,100,98999,100,100043,100,98825,100,100063,100,98732,100
2019-06-28 09:38:20.000000000,99950,310,99813,210,99986,207,99809,207,99992,207,99468,207,99993,100,99391,100,100016,100,99246,100,100024,100,99191,100,100032,100,99053,100,100041,100,98999,100,100043,100,98825,100,100063,100,98732,100
2019-06-28 09:38:30.000000000,99950,362,99813,262,99986,262,99809,262,99992,100,99468,100,99993,100,99391,100,100016,100,99246,100,100024,100,99191,100,100032,100,99053,100,100041,100,98999,100,100043,100,98825,100,100063,100,98732,100
2019-06-28 09:38:40.000000000,99950,310,99813,210,99986,207,99809,207,99992,207,99468,207,99993,100,99391,100,100016,100,99246,100,100024,100,99191,100,100032,100,99053,100,100041,100,98999,100,100043,100,98825,100,100063,100,98732,100
2019-06-28 09:38:50.000000000,99950,281,99813,181,99986,181,99809,181,99992,181,99468,181,99993,181,99391,181,100016,100,99246,100,100024,100,99191,100,100032,100,99053,100,100041,100,98999,100,100043,100,98825,100,100063,100,98732,100
2019-06-28 09:39:00.000000000,99950,362,99813,262,99986,262,99809,262,99992,100,99468,100,99993,100,99391,100,100016,100,99246,100,100024,100,99191,100,100032,100,99053,100,100041,100,98999,100,100043,100,98825,100,100063,100,98732,100
2019-06-28 09:39:02.422444825,99950,362,99813,162,99986,262,99809,262,99992,100,99468,100,99993,100,99391,100,100016,100,99246,100,100024,100,99191,100,100032,100,99053,100,100041,100,98999,100,100043,100,98825,100,100063,100,98732,100
2019-06-28 09:39:07.660305002,99916,100,99813,162,99950,362,99809,262,99986,262,99468,100,99992,100,99391,100,99993,100,99246,100,100016,100,99191,100,100024,100,99053,100,100032,100,98999,100,100041,100,98825,100,100043,100,98732,100
2019-06-28 09:39:09.692454648,99916,100,99813,162,99950,362,99809,262,99986,262,99468,100,99992,100,99391,100,99993,100,99246,100,100016,100,99191,100,100024,100,99053,100,100032,100,98999,100,100041,100,98825,100,100043,100,98732,100
2019-06-28 09:39:10.000000000,99916,181,99809,181,99950,281,99468,181,99986,181,99391,181,99992,181,99246,181,99993,100,99191,100,100016,100,99053,100,100024,100,98999,100,100032,100,98825,100,100041,100,98732,100,100043,100,98695,100
2019-06-28 09:39:19.817809892,99916,181,99809,81,99950,281,99468,181,99986,181,99391,181,99992,181,99246,181,99993,100,99191,100,100016,100,99053,100,100024,100,98999,100,100032,100,98825,100,100041,100,98695,100,100043,100,,
2019-06-28 09:39:20.000000000,99916,210,99468,210,99950,307,99391,207,99986,207,99246,207,99992,100,99191,100,99993,100,99053,100,100016,100,98999,100,100024,100,98825,100,100032,100,98695,100,100041,100,,,100043,100,,
2019-06-28 09:39:22.774657287,99605,100,99468,210,99916,210,99391,207,99950,307,99246,207,99986,207,99191,100,99992,100,99053,100,99993,100,98999,100,100016,100,98825,100,100024,100,98695,100,100032,100,,,100041,100,,
2019-06-28 09:39:28.485987909,99605,100,99583,100,99916,210,99468,210,99950,307,99391,207,99986,207,99246,207,99992,100,99191,100,99993,100,99053,100,100016,100,98999,100,100024,100,98825,100,100032,100,98695,100,100041,100,,
2019-06-28 09:39:30.000000000,99605,210,99583,210,99916,207,99468,207,99950,307,99391,207,99986,100,99246,100,99992,100,99191,100,99993,100,99053,100,100016,100,98999,100,100024,100,98825,100,100032,100,98695,100,100041,100,,
2019-06-28 09:39:31.496496560,99605,210,99583,210,99655,100,99468,207,99916,207,99391,207,99950,307,99246,100,99986,100,99191,100,99992,100,99053,100,99993,100,98999,100,100016,100,98825,100,100024,100,98695,100,100032,100,,
2019-06-28 09:39:39.977118609,99605,210,99583,210,99655,100,99468,207,99813,100,99391,207,99916,207,99246,100,99950,207,99191,100,99986,100,99053,100,99992,100,98999,100,99993,100,98825,100,100016,100,98695,100,100024,100,,
2019-06-28 09:39:40.000000000,99605,262,99583,262,99655,262,99468,262,99813,100,99391,100,99916,100,99246,100,99950,100,99191,100,99986,100,99053,100,99992,100,98999,100,99993,100,98825,100,100016,100,98695,100,100024,100,,
2019-06-28 09:39:50.000000000,99605,181,99583,181,99655,181,99468,181,99813,181,99391,181,99916,181,99246,181,99950,100,99191,100,99986,100,99053,100,99992,100,98999,100,99993,100,98825,100,100016,100,98695,100,100024,100,,
2019-06-28 09:39:59.046686834,99605,181,99583,181,99655,181,99468,181,99813,181,99441,100,99916,181,99391,181,99950,100,99246,181,99986,100,99191,100,99992,100,99053,100,99993,100,98999,100,100016,100,98825,100,100024,100,98695,100
2019-06-28 09:40:00.000000000,99605,210,99583,210,99655,207,99468,207,99813,207,99441,207,99916,100,99391,100,99950,100,99246,100,99986,100,99191,100,99992,100,99053,100,99993,100,98999,100,100016,100,98825,100,100024,100,98695,100
2019-06-28 09:40:10.000000000,99605,210,99583,210,99655,207,99468,207,99813,207,99441,207,99916,100,99391,100,99950,100,99246,100,99986,100,99191,100,99992,100,99053,100,99993,100,98999,100,100016,100,98825,100,100024,100,98695,100
2019-06-28 09:40:20.000000000,99605,262,99583,262,99655,262,99468,262,99813,100,99441,100,99916,100,99391,100,99950,100,99246,100,99986,100,99191,100,99992,100,99053,100,99993,100,98999,100,100016,100,98825,100,100024,100,98695,100
2019-06-28 09:40:20.312107421,99605,262,99583,262,99655,262,99468,262,99813,200,99441,100,99916,100,99391,100,99950,100,99246,100,99986,100,99191,100,99992,100,99053,100,99993,100,98999,100,100016,100,98825,100,100024,100,98695,100
2019-06-28 09:40:30.000000000,99605,424,99583,424,99655,100,99468,100,99813,200,99441,100,99916,100,99391,100,99950,100,99246,100,99986,100,99191,100,99992,100,99053,100,99993,100,98999,100,100016,100,98825,100,100024,100,98695,100
2019-06-28 09:40:32.130409112,99605,324,99583,424,99655,100,99468,100,99813,200,99441,100,99916,100,99391,100,99950,100,99246,100,99986,100,99191,100,99992,100,99053,100,99993,100,98999,100,100016,100,98825,100,100032,100,98695,100
2019-06-28 09:40:40.000000000,99655,424,99583,424,99813,200,99468,100,99916,100,99441,100,99950,100,99391,100,99986,100,99246,100,99992,100,99191,100,99993,100,99053,100,100016,100,98999,100,100032,100,98825,100,100041,100,98695,100
2019-06-28 09:40:50.000000000,99655,181,99583,181,99813,281,99468,181,99916,181,99441,181,99950,181,99391,181,99986,100,99246,100,99992,100,99191,100,99993,100,99053,100,100016,100,98999,100,100032,100,98825,100,100041,100,98695,100
2019-06-28 09:41:00.000000000,99655,181,99583,181,99813,281,99468,181,99916,181,99441,181,99950,181,99391,181,99986,100,99246,100,99992,100,99191,100,99993,100,99053,100,100016,100,98999,100,100032,100,98825,100,100041,100,98695,100
2019-06-28 09:41:10.000000000,99655,424,99583,424,99813,200,99468,100,99916,100,99441,100,99950,100,99391,100,99986,100,99246,100,99992,100,99191,100,99993,100,99053,100,100016,100,98999,100,100032,100,98825,100,100041,100,98695,100
2019-06-28 09:41:12.154865895,99655,324,99583,424,99813,200,99441,100,99916,100,99391,100,99950,100,99246,100,99986,100,99191,100,99992,100,99053,100,99993,100,98999,100,100016,100,98825,100,100032,100,98695,100,100041,100,,
2019-06-28 09:41:20.000000000,99813,310,99583,210,99916,207,99441,207,99950,207,99391,207,99986,100,99246,100,99992,100,99191,100,99993,100,99053,100,100016,100,98999,100,100032,100,98825,100,100041,100,98695,100,100043,100,,
2019-06-28 09:41:25.995851209,99813,210,99583,210,99916,207,99441,207,99950,207,99391,207,99986,100,99246,100,99992,100,99191,100,99993,100,99053,100,100016,100,98999,100,100032,100,98825,100,100041,100,98695,100,100043,100,,
2019-06-28 09:41:30.000000000,99813,165,99583,165,99916,165,99441,165,99950,165,99391,165,99986,165,99246,165,99992,165,99191,165,99993,100,99053,100,100016,100,98999,100,100032,100,98825,100,100041,100,98695,100,100043,100,,
2019-06-28 09:41:40.000000000,99813,262,99583,262,99916,262,99441,262,99950,100,99391,100,99986,100,99246,100,99992,100,99191,100,99993,100,99053,100,100016,100,98999,100,100032,100,98825,100,100041,100,98695,100,100043,100,,
2019-06-28 09:41:43.605312593,99813,262,99655,100,99916,262,99583,262,99950,100,99441,262,99986,100,99391,100,99992,100,99246,100,99993,100,99191,100,100016,100,99053,100,100032,100,98999,100,100041,100,98825,100,100043,100,98695,100
2019-06-28 09:41:50.000000000,99813,181,99655,181,99916,181,99583,181,99950,181,99441,181,99986,181,99391,181,99992,100,99246,100,99993,100,99191,100,100016,100,99053,100,100032,100,98999,100,100041,100,98825,100,100043,100,98695,100
2019-06-28 09:42:00.000000000,99813,210,99655,210,99916,207,99583,207,99950,207,99441,207,99986,100,99391,100,99992,100,99246,100,99993,100,99191,100,100016,100,99053,100,100032,100,98999,100,100041,100,98825,100,100043,100,98695,100
2019-06-28 09:42:10.000000000,99813,210,99655,210,99916,207,99583,207,99950,207,99441,207,99986,100,99391,100,99992,100,99246,100,99993,100,99191,100,100016,100,99053,100,100032,100,98999,100,100041,100,98825,100,100043,100,98695,100
2019-06-28 09:42:20.000000000,99813,210,99655,210,99916,207,99583,207,99950,207,99441,207,99986,100,99391,100,99992,100,99246,100,99993,100,99191,100,100016,100,99053,100,100032,100,98999,100,100041,100,98825,100,100043,100,98695,100
2019-06-28 09:42:30.000000000,99813,181,99655,181,99916,181,99583,181,99950,181,99441,181,99986,181,99391,181,99992,100,99246,100,99993,100,99191,100,100016,100,99053,100,100032,100,98999,100,100041,100,98825,100,100043,100,98695,100
2019-06-28 09:42:39.672801333,99800,100,99655,181,99813,181,99583,181,99916,181,99441,181,99950,181,99391,181,99986,181,99246,100,99992,100,99191,100,99993,100,99053,100,100016,100,98999,100,100032,100,98825,100,100041,100,98695,100
2019-06-28 09:42:40.000000000,99800,262,99655,262,99813,262,99583,262,99916,100,99441,100,99950,100,99391,100,99986,100,99246,100,99992,100,99191,100,99993,100,99053,100,100016,100,98999,100,100032,100,98825,100,100041,100,98695,100
2019-06-28 09:42:50.000000000,99800,165,99655,165,99813,165,99583,165,99916,165,99441,165,99950,165,99391,165,99986,165,99246,165,99992,100,99191,100,99993,100,99053,100,100016,100,98999,100,100032,100,98825,100,100041,100,98695,100
2019-06-28 09:43:00.000000000,99800,262,99655,262,99813,262,99583,262,99916,100,99441,100,99950,100,99391,100,99986,100,99246,100,99992,100,99191,100,99993,100,99053,100,100016,100,98999,100,100032,100,98825,100,100041,100,98695,100
2019-06-28 09:43:10.000000000,99800,210,99655,210,99813,207,99583,207,99916,207,99441,207,99950,100,99391,100,99986,100,99246,100,99992,100,99191,100,99993,100,99053,100,100016,100,98999,100,100032,100,98825,100,100041,100,98695,100
2019-06-28 09:43:12.251078509,99800,210,99655,210,99813,207,99583,207,99916,207,99554,100,99950,100,99441,207,99986,100,99391,100,99992,100,99246,100,99993,100,99191,100,100016,100,99053,100,100032,100,98999,100,100041,100,98825,100
2019-06-28 09:43:13.405045861,99800,210,99655,210,99813,207,99583,207,99916,207,99554,100,99950,100,99441,207,99992,100,99391,100,99993,100,99246,100,100016,100,99191,100,100032,100,99053,100,100041,100,98999,100,100043,100,98825,100
2019-06-28 09:43:20.000000000,99800,424,99655,424,99813,100,99583,100,99916,100,99554,100,99950,100,99441,100,99992,100,99391,100,99993,100,99246,100,100016,100,99191,100,100032,100,99053,100,100041,100,98999,100,100043,100,98825,100
2019-06-28 09:43:30.000000000,99800,210,99655,210,99813,207,99583,207,99916,207,99554,207,99950,100,99441,100,99992,100,99391,100,99993,100,99246,100,100016,100,99191,100,100032,100,99053,100,100041,100,98999,100,100043,100,98825,100
2019-06-28 09:43:40.000000000,99800,210,99655,210,99813,207,99583,207,99916,207,99554,207,99950,100,99441,100,99992,100,99391,100,99993,100,99246,100,100016,100,99191,100,100032,100,99053,100,100041,100,98999,100,100043,100,98825,100
2019-06-28 09:43:47.858097574,99800,210,99655,110,99813,207,99583,207,99916,207,99554,207,99950,100,99441,100,99992,100,99391,100,99993,100,99246,100,100016,100,99191,100,100032,100,99053,100,100041,100,98999,100,100043,100,98825,100
2019-06-28 09:43:50.000000000,99800,165,99583,165,99813,165,99554,165,99916,165,99441,165,99950,165,99391,165,99992,165,99246,165,99993,100,99191,100,100016,100,99053,100,100032,100,98999,100,100041,100,98825,100,100043,100,98695,100
2019-06-28 09:43:56.819640839,99799,100,99583,165,99800,165,99554,165,99813,165,99441,165,99916,165,99391,165,99950,165,99246,165,99992,165,99191,100,99993,100,99053,100,100016,100,98999,100,100032,100,98825,100,100041,100,98695,100
2019-06-28 09:44:00.000000000,99799,165,99583,165,99800,165,99554,165,99813,165,99441,165,99916,165,99391,165,99950,165,99246,165,99992,100,99191,100,99993,100,99053,100,100016,100,98999,100,100032,100,98825,100,100041,100,98695,100
2019-06-28 09:44:10.000000000,99799,424,99583,424,99800,100,99554,100,99813,100,99441,100,99916,100,99391,100,99950,100,99246,100,99992,100,99191,100,99993,100,99053,100,100016,100,98999,100,100032,100,98825,100,100041,100,98695,100
2019-06-28 09:44:20.000000000,99799,181,99583,181,99800,181,99554,181,99813,181,99441,181,99916,181,99391,181,99950,100,99246,100,99992,100,99191,100,99993,100,99053,100,100016,100,98999,100,100032,100,98825,100,100041,100,98695,100
2019-06-28 09:44:24.463865704,99799,281,99583,181,99800,181,99554,181,99813,181,99441,181,99916,181,99391,181,99950,100,99246,100,99992,100,99191,100,99993,100,99053,100,100016,100,98999,100,100032,100,98825,100,100041,100,98695,100
2019-06-28 09:44:30.000000000,99799,310,99583,210,99800,207,99554,207,99813,207,99441,207,99916,100,99391,100,99950,100,99246,100,99992,100,99191,100,99993,100,99053,100,100016,100,98999,100,100032,100,98825,100,100041,100,98695,100
2019-06-28 09:44:40.000000000,99799,362,99583,262,99800,262,99554,262,99813,100,99441,100,99916,100,99391,100,99950,100,99246,100,99992,100,99191,100,99993,100,99053,100,100016,100,98999,100,100032,100,98825,100,100041,100,98695,100
2019-06-28 09:44:50.000000000,99799,281,99583,181,99800,181,99554,181,99813,181,99441,181,99916,181,99391,181,99950,100,99246,100,99992,100,99191,100,99993,100,99053,100,100016,100,98999,100,100032,100,98825,100,100041,100,98695,100
2019-06-28 09:45:00.000000000,99799,310,99583,210,99800,207,99554,207,99813,207,99441,207,99916,100,99391,100,99950,100,99246,100,99992,100,99191,100,99993,100,99053,100,100016,100,98999,100,100032,100,98825,100,100041,100,98695,100
2019-06-28 09:45:00.164453765,99799,310,99583,110,99800,207,99554,207,99813,207,99441,207,99916,100,99391,100,99950,100,99246,100,99992,100,99191,100,99993,100,99053,100,100016,100,98999,100,100032,100,98825,100,100041,100,98695,100
2019-06-28 09:45:01.659458712,99655,100,99583,110,99799,310,99554,207,99800,207,99441,207,99813,207,99391,100,99916,100,99246,100,99950,100,99191,100,99992,100,99053,100,99993,100,98999,100,100016,100,98825,100,100032,100,98695,100
2019-06-28 09:45:10.000000000,99655,210,99554,210,99799,307,99441,207,99800,207,99391,207,99813,100,99246,100,99916,100,99191,100,99950,100,99053,100,99992,100,98999,100,99993,100,98825,100,100016,100,98695,100,100032,100,,
2019-06-28 09:45:18.920268613,99655,210,99554,110,99799,307,99441,207,99800,207,99391,207,99813,100,99246,100,99916,100,99191,100,99950,100,99054,100,99992,100,99053,100,99993,100,98999,100,100016,100,98825,100,100032,100,98695,100
2019-06-28 09:45:20.000000000,99655,424,99441,424,99799,200,99391,100,99800,100,99246,100,99813,100,99191,100,99916,100,99054,100,99950,100,99053,100,99992,100,98999,100,99993,100,98825,100,100016,100,98695,100,100032,100,,
2019-06-28 09:45:30.000000000,99655,165,99441,165,99799,265,99391,165,99800,165,99246,165,99813,165,99191,165,99916,165,99054,165,99950,100,99053,100,99992,100,98999,100,99993,100,98825,100,100016,100,98695,100,100032,100,,
2019-06-28 09:45:40.000000000,99655,181,99441,181,99799,281,99391,181,99800,181,99246,181,99813,181,99191,181,99916,100,99054,100,99950,100,99053,100,99992,100,98999,100,99993,100,98825,100,100016,100,98695,100,100032,100,,
2019-06-28 09:45:50.000000000,99655,165,99441,165,99799,265,99391,165,99800,165,99246,165,99813,165,99191,165,99916,165,99054,165,99950,100,99053,100,99992,100,98999,100,99993,100,98825,100,100016,100,98695,100,100032,100,,
2019-06-28 09:45:59.449114574,99655,265,99441,165,99799,265,99391,165,99800,165,99246,165,99813,165,99191,165,99916,165,99054,165,99950,100,99053,100,99992,100,98999,100,99993,100,98825,100,100016,100,98695,100,100032,100,,
2019-06-28 09:46:00.000000000,99655,310,99441,210,99799,307,99391,207,99800,207,99246,207,99813,100,99191,100,99916,100,99054,100,99950,100,99053,100,99992,100,98999,100,99993,100,98825,100,100016,100,98695,100,100032,100,,
2019-06-28 09:46:06.859743801,99655,310,99441,210,99799,307,99391,207,99800,207,99246,207,99813,100,99191,100,99916,100,99054,100,99950,100,99053,100,99992,100,98999,100,99993,100,98825,100,100016,100,98794,100,100032,100,98695,100
2019-06-28 09:46:09.088880312,99655,310,99441,210,99799,307,99391,207,99800,207,99246,207,99813,100,99054,100,99916,100,99053,100,99950,100,98999,100,99992,100,98838,100,99993,100,98825,100,100016,100,98794,100,100032,100,98695,100
2019-06-28 09:46:10.000000000,99655,310,99441,210,99799,307,99391,207,99800,207,99246,207,99813,100,99054,100,99916,100,99053,100,99950,100,98999,100,99992,100,98838,100,99993,100,98825,100,100016,100,98794,100,100032,100,98695,100
2019-06-28 09:46:11.677362186,99655,310,99441,110,99799,307,99391,207,99800,207,99246,207,99813,100,99054,100,99916,100,99053,100,99950,100,98999,100,99992,100,98838,100,99993,100,98825,100,100016,100,98794,100,100032,100,98695,100
2019-06-28 09:46:20.000000000,99655,265,99391,165,99799,265,99246,165,99800,165,99054,165,99813,165,99053,165,99916,165,98999,165,99950,100,98838,100,99992,100,98825,100,99993,100,98794,100,100016,100,98695,100,100032,100,,
2019-06-28 09:46:30.000000000,99655,310,99391,210,99799,307,99246,207,99800,207,99054,207,99813,100,99053,100,99916,100,98999,100,99950,100,98838,100,99992,100,98825,100,99993,100,98794,100,100016,100,98695,100,100032,100,,
2019-06-28 09:46:40.000000000,99655,265,99391,165,99799,265,99246,165,99800,165,99054,165,99813,165,99053,165,99916,165,98999,165,99950,100,98838,100,99992,100,98825,100,99993,100,98794,100,100016,100,98695,100,100032,100,,
2019-06-28 09:46:49.763829964,99655,265,99391,165,99799,265,99384,100,99800,165,99246,165,99813,165,99054,165,99916,165,99053,165,99950,100,98999,165,99992,100,98838,100,99993,100,98825,100,100016,100,98794,100,100032,100,98695,100
2019-06-28 09:46:50.000000000,99655,310,99391,210,99799,307,99384,207,99800,207,99246,207,99813,100,99054,100,99916,100,99053,100,99950,100,98999,100,99992,100,98838,100,99993,100,98825,100,100016,100,98794,100,100032,100,98695,100
2019-06-28 09:47:00.000000000,99655,362,99391,262,99799,362,99384,262,99800,100,99246,100,99813,100,99054,100,99916,100,99053,100,99950,100,98999,100,99992,100,98838,100,99993,100,98825,100,100016,100,98794,100,100032,100,98695,100
2019-06-28 09:47:07.662201079,99655,362,99584,100,99799,362,99391,262,99800,100,99384,262,99813,100,99246,100,99916,100,99054,100,99950,100,99053,100,99992,100,98999,100,100016,100,98838,100,100032,100,98825,100,100041,100,98794,100
2019-06-28 09:47:08.129141883,99655,362,99584,100,99799,362,99428,100,99800,100,99391,262,99813,100,99384,262,99916,100,99246,100,99950,100,99054,100,99992,100,99053,100,100032,100,98999,100,100041,100,98838,100,100068,100,98825,100
2019-06-28 09:47:10.000000000,99655,281,99584,181,99799,281,99428,181,99800,181,99391,181,99813,181,99384,181,99916,100,99246,100,99950,100,99054,100,99992,100,99053,100,100032,100,98999,100,100041,100,98838,100,100068,100,98825,100
2019-06-28 09:47:14.890337407,99655,281,99584,81,99799,281,99442,100,99800,181,99428,181,99813,181,99391,181,99916,100,99384,181,99950,100,99246,100,99992,100,99054,100,100032,100,99053,100,100041,100,98999,100,100068,100,98838,100
2019-06-28 09:47:19.266295727,99655,281,99584,81,99799,281,99442,200,99800,181,99428,181,99813,181,99391,181,99916,100,99384,181,99950,100,99246,100,99992,100,99054,100,100032,100,99053,100,100041,100,98999,100,100068,100,98838,100
2019-06-28 09:47:20.000000000,99655,281,99442,281,99799,281,99428,181,99800,181,99391,181,99813,181,99384,181,99916,100,99246,100,99950,100,99054,100,99992,100,99053,100,100032,100,98999,100,100041,100,98838,100,100068,100,98825,100
2019-06-28 09:47:30.000000000,99655,362,99442,362,99799,362,99428,262,99800,100,99391,100,99813,100,99384,100,99916,100,99246,100,99950,100,99054,100,99992,100,99053,100,100032,100,98999,100,100041,100,98838,100,100068,100,98825,100
2019-06-28 09:47:40.000000000,99655,265,99442,265,99799,265,99428,165,99800,165,99391,165,99813,165,99384,165,99916,165,99246,165,99950,100,99054,100,99992,100,99053,100,100032,100,98999,100,100041,100,98838,100,100068,100,98825,100
2019-06-28 09:47:50.000000000,99655,265,99442,265,99799,265,99428,165,99800,165,99391,165,99813,165,99384,165,99916,165,99246,165,99950,100,99054,100,99992,100,99053,100,100032,100,98999,100,100041,100,98838,100,100068,100,98825,100
2019-06-28 09:48:00.000000000,99655,265,99442,265,99799,265,99428,165,99800,165,99391,165,99813,165,99384,165,99916,165,99246,165,99950,100,99054,100,99992,100,99053,100,100032,100,98999,100,100041,100,98838,100,100068,100,98825,100
2019-06-28 09:48:01.061625312,99655,265,99584,100,99799,265,99442,265,99800,165,99428,165,99813,165,99391,165,99916,165,99384,165,99950,100,99246,165,99992,100,99054,100,100032,100,99053,100,100041,100,98999,100,100068,100,98838,100
2019-06-28 09:48:10.000000000,99655,524,99584,424,99799,200,99442,200,99800,100,99428,100,99813,100,99391,100,99916,100,99384,100,99950,100,99246,100,99992,100,99054,100,100032,100,99053,100,100041,100,98999,100,100068,100,98838,100
2019-06-28 09:48:20.000000000,99655,265,99584,165,99799,265,99442,265,99800,165,99428,165,99813,165,99391,165,99916,165,99384,165,99950,100,99246,100,99992,100,99054,100,100032,100,99053,100,100041,100,98999,100,100068,100,98838,100
2019-06-28 09:48:30.000000000,99655,265,99584,165,99799,265,99442,265,99800,165,99428,165,99813,165,99391,165,99916,165,99384,165,99950,100,99246,100,99992,100,99054,100,100032,100,99053,100,100041,100,98999,100,100068,100,98838,100
2019-06-28 09:48:30.106257399,99655,265,99584,265,99799,265,99442,165,99800,165,99428,165,99813,165,99391,165,99916,165,99384,165,99950,100,99246,100,99992,100,99054,100,100032,100,99053,100,100041,100,98999,100,100068,100,98838,100
2019-06-28 09:48:40.000000000,99655,524,99584,524,99799,200,99442,100,99800,100,99428,100,99813,100,99391,100,99916,100,99384,100,99950,100,99246,100,99992,100,99054,100,100032,100,99053,100,100041,100,98999,100,100068,100,98838,100
2019-06-28 09:48:41.151791323,99655,424,99584,524,99799,200,99442,100,99800,100,99428,100,99813,100,99391,100,99916,100,99384,100,99950,100,99246,100,99992,100,99054,100,100032,100,99053,100,100041,100,98999,100,100068,100,98838,100
2019-06-28 09:48:50.000000000,99655,181,99584,281,99799,281,99442,181,99800,181,99428,181,99813,181,99391,181,99916,100,99384,100,99950,100,99246,100,99992,100,99054,100,100032,100,99053,100,100041,100,98999,100,100068,100,98838,100
2019-06-28 09:48:54.965839305,99655,81,99584,281,99799,281,99442,181,99800,181,99428,181,99813,181,99391,181,99916,100,99384,100,99950,100,99246,100,99992,100,99054,100,100032,100,99053,100,100041,100,98999,100,100068,100,98838,100
2019-06-28 09:49:00.000000000,99799,281,99584,281,99800,181,99442,181,99813,181,99428,181,99916,181,99391,181,99950,100,99384,100,99992,100,99246,100,100032,100,99054,100,100041,100,99053,100,100068,100,98999,100,100077,100,98838,100
2019-06-28 09:49:10.000000000,99799,310,99584,310,99800,207,99442,207,99813,207,99428,207,99916,100,99391,100,99950,100,99384,100,99992,100,99246,100,100032,100,99054,100,100041,100,99053,100,100068,100,98999,100,100077,100,98838,100
2019-06-28 09:49:20.000000000,99799,265,99584,265,99800,165,99442,165,99813,165,99428,165,99916,165,99391,165,99950,165,99384,165,99992,100,99246,100,100032,100,99054,100,100041,100,99053,100,100068,100,98999,100,100077,100,98838,100
2019-06-28 09:49:22.716765830,99799,165,99584,265,99800,165,99442,165,99813,165,99428,165,99916,165,99391,165,99950,165,99384,165,99992,100,99246,100,100032,100,99054,100,100041,100,99053,100,100068,100,98999,100,100077,100,98838,100
2019-06-28 09:49:30.000000000,99799,424,99584,524,99800,100,99442,100,99813,100,99428,100,99916,100,99391,100,99950,100,99384,100,99992,100,99246,100,100032,100,99054,100,100041,100,99053,100,100068,100,98999,100,100077,100,98838,100
2019-06-28 09:49:40.000000000,99799,262,99584,362,99800,262,99442,262,99813,100,99428,100,99916,100,99391,100,99950,100,99384,100,99992,100,99246,100,100032,100,99054,100,100041,100,99053,100,100068,100,98999,100,100077,100,98838,100
2019-06-28 09:49:49.997007888,99799,262,99584,362,99800,262,99442,262,99813,100,99428,100,99916,100,99391,100,99950,100,99384,100,99992,100,99246,100,100032,100,99054,100,100038,100,99053,100,100041,100,98999,100,100068,100,98838,100
2019-06-28 09:49:50.000000000,99799,210,99584,310,99800,207,99442,207,99813,207,99428,207,99916,100,99391,100,99950,100,99384,100,99992,100,99246,100,100032,100,99054,100,100038,100,99053,100,100041,100,98999,100,100068,100,98838,100
2019-06-28 09:50:00.000000000,99799,181,99584,281,99800,181,99442,181,99813,181,99428,181,99916,181,99391,181,99950,100,99384,100,99992,100,99246,100,100032,100,99054,100,100038,100,99053,100,100041,100,98999,100,100068,100,98838,100
2019-06-28 09:50:03.034185786,99799,181,99584,281,99800,181,99442,181,99813,181,99428,181,99916,181,99391,181,99950,100,99384,100,99992,100,99246,100,100032,100,99054,100,100038,100,99053,100,100041,100,98999,100,100068,100,98838,100
2019-06-28 09:50:10.000000000,99799,165,99584,265,99800,165,99442,165,99813,165,99428,165,99916,165,99391,165,99950,165,99384,165,99992,100,99246,100,100032,100,99054,100,100038,100,99053,100,100041,100,98999,100,100068,100,98838,100
2019-06-28 09:50:20.000000000,99799,210,99584,310,99800,207,99442,207,99813,207,99428,207,99916,100,99391,100,99950,100,99384,100,99992,100,99246,100,100032,100,99054,100,100038,100,99053,100,100041,100,98999,100,100068,100,98838,100
2019-06-28 09:50:30.000000000,99799,210,99584,310,99800,207,99442,207,99813,207,99428,207,99916,100,99391,100,99950,100,99384,100,99992,100,99246,100,100032,100,99054,100,100038,100,99053,100,100041,100,98999,100,100068,100,98838,100
2019-06-28 09:50:34.626261042,99799,110,99584,310,99800,107,99442,207,99813,207,99428,207,99916,100,99391,100,99950,100,99384,100,99992,100,99246,100,100032,100,99054,100,100038,100,99053,100,100041,100,98999,100,100068,100,98838,100
2019-06-28 09:50:40.000000000,99813,210,99584,310,99916,207,99442,207,99950,207,99428,207,99992,100,99391,100,100032,100,99384,100,100038,100,99246,100,100041,100,99054,100,100068,100,99053,100,100069,100,98999,100,100077,100,98838,100
2019-06-28 09:50:41.950463683,99813,210,99584,310,99916,207,99442,207,99950,107,99428,207,99992,100,99391,100,100032,100,99384,100,100038,100,99246,100,100041,100,99054,100,100068,100,99053,100,100069,100,98999,100,100077,100,98838,100
2019-06-28 09:50:47.185612382,99813,210,99584,310,99916,207,99442,207,99950,107,99428,207,99967,100,99391,100,99992,100,99384,100,100032,100,99246,100,100038,100,99054,100,100041,100,99053,100,100068,100,98999,100,100069,100,98838,100
2019-06-28 09:50:50.000000000,99813,181,99584,281,99916,181,99442,181,99967,181,99428,181,99992,181,99391,181,100032,100,99384,100,100038,100,99246,100,100041,100,99054,100,100068,100,99053,100,100069,100,98999,100,100077,100,98838,100
2019-06-28 09:51:00.000000000,99813,424,99584,524,99916,100,99442,100,99967,100,99428,100,99992,100,99391,100,100032,100,99384,100,100038,100,99246,100,100041,100,99054,100,100068,100,99053,100,100069,100,98999,100,100077,100,98838,100
2019-06-28 09:51:10.000000000,99813,210,99584,310,99916,207,99442,207,99967,207,99428,207,99992,100,99391,100,100032,100,99384,100,100038,100,99246,100,100041,100,99054,100,100068,100,99053,100,100069,100,98999,100,100077,100,98838,100
2019-06-28 09:51:15.252204021,99813,210,99584,310,99916,207,99442,207,99964,100,99428,207,99967,207,99384,100,99992,100,99246,100,100032,100,99054,100,100038,100,99053,100,100041,100,98999,100,100068,100,98838,100,100069,100,98825,100
2019-06-28 09:51:20.000000000,99813,165,99584,265,99916,165,99442,165,99964,165,99428,165,99967,165,99384,165,99992,165,99246,165,100032,100,99054,100,100038,100,99053,100,100041,100,98999,100,100068,100,98838,100,100069,100,98825,100
2019-06-28 09:51:27.318110645,99813,165,99584,265,99916,165,99442,165,99964,165,99428,165,99967,165,99384,165,99992,165,99246,165,100006,100,99054,100,100032,100,99053,100,100038,100,98999,100,100041,100,98838,100,100068,100,98825,100
2019-06-28 09:51:30.000000000,99813,181,99584,281,99916,181,99442,181,99964,181,99428,181,99967,181,99384,181,99992,100,99246,100,100006,100,99054,100,100032,100,99053,100,100038,100,98999,100,100041,100,98838,100,100068,100,98825,100
2019-06-28 09:51:37.127352636,99813,81,99584,281,99916,181,99442,181,99964,181,99428,181,99967,181,99384,181,99992,100,99246,100,100006,100,99054,100,100032,100,99053,100,100038,100,98999,100,100041,100,98838,100,100068,100,98825,100
2019-06-28 09:51:40.000000000,99916,210,99584,310,99964,207,99442,207,99967,207,99428,207,99992,100,99384,100,100006,100,99246,100,100032,100,99054,100,100038,100,99053,100,100041,100,98999,100,100068,100,98838,100,100069,100,98825,100
2019-06-28 09:51:50.000000000,99916,165,99584,265,99964,165,99442,165,99967,165,99428,165,99992,165,99384,165,100006,165,99246,165,100032,100,99054,100,100038,100,99053,100,100041,100,98999,100,100068,100,98838,100,100069,100,98825,100
2019-06-28 09:52:00.000000000,99916,262,99584,362,99964,262,99442,262,99967,100,99428,100,99992,100,99384,100,100006,100,99246,100,100032,100,99054,100,100038,100,99053,100,100041,100,98999,100,100068,100,98838,100,100069,100,98825,100
2019-06-28 09:52:10.000000000,99916,210,99584,310,99964,207,99442,207,99967,207,99428,207,99992,100,99384,100,100006,100,99246,100,100032,100,99054,100,100038,100,99053,100,100041,100,98999,100,100068,100,98838,100,100069,100,98825,100
2019-06-28 09:52:20.000000000,99916,262,99584,362,99964,262,99442,262,99967,100,99428,100,99992,100,99384,100,100006,100,99246,100,100032,100,99054,100,100038,100,99053,100,100041,100,98999,100,100068,100,98838,100,100069,100,98825,100
2019-06-28 09:52:22.602884492,99916,262,99584,362,99964,162,99442,262,99967,100,99428,100,99992,100,99384,100,100006,100,99293,100,100032,100,99246,100,100038,100,99054,100,100041,100,99053,100,100068,100,98999,100,100069,100,98838,100
2019-06-28 09:52:30.000000000,99916,210,99584,310,99967,207,99442,207,99992,207,99428,207,100006,100,99384,100,100032,100,99293,100,100038,100,99246,100,100041,100,99054,100,100068,100,99053,100,100069,100,98999,100,100077,100,98838,100
2019-06-28 09:52:40.000000000,99916,262,99584,362,99967,262,99442,262,99992,100,99428,100,100006,100,99384,100,100032,100,99293,100,100038,100,99246,100,100041,100,99054,100,100068,100,99053,100,100069,100,98999,100,100077,100,98838,100
2019-06-28 09:52:50.000000000,99916,424,99584,524,99967,100,99442,100,99992,100,99428,100,100006,100,99384,100,100032,100,99293,100,100038,100,99246,100,100041,100,99054,100,100068,100,99053,100,100069,100,98999,100,100077,100,98838,100
2019-06-28 09:53:00.000000000,99916,424,99584,524,99967,100,99442,100,99992,100,99428,100,100006,100,99384,100,100032,100,99293,100,100038,100,99246,100,100041,100,99054,100,100068,100,99053,100,100069,100,98999,100,100077,100,98838,100
2019-06-28 09:53:10.000000000,99916,262,99584,362,99967,262,99442,262,99992,100,99428,100,100006,100,99384,100,100032,100,99293,100,100038,100,99246,100,100041,100,99054,100,100068,100,99053,100,100069,100,98999,100,100077,100,98838,100
2019-06-28 09:53:20.000000000,99916,424,99584,524,99967,100,99442,100,99992,100,99428,100,100006,100,99384,100,100032,100,99293,100,100038,100,99246,100,100041,100,99054,100,100068,100,99053,100,100069,100,98999,100,100077,100,98838,100
2019-06-28 09:53:30.000000000,99916,424,99584,524,99967,100,99442,100,99992,100,99428,100,100006,100,99384,100,100032,100,99293,100,100038,100,99246,100,100041,100,99054,100,100068,100,99053,100,100069,100,98999,100,100077,100,98838,100
2019-06-28 09:53:40.000000000,99916,424,99584,524,99967,100,99442,100,99992,100,99428,100,100006,100,99384,100,100032,100,99293,100,100038,100,99246,100,100041,100,99054,100,100068,100,99053,100,100069,100,98999,100,100077,100,98838,100
2019-06-28 09:53:50.000000000,99916,262,99584,362,99967,262,99442,262,99992,100,99428,100,100006,100,99384,100,100032,100,99293,100,100038,100,99246,100,100041,100,99054,100,100068,100,99053,100,100069,100,98999,100,100077,100,98838,100
2019-06-28 09:54:00.000000000,99916,262,99584,362,99967,262,99442,262,99992,100,99428,100,100006,100,99384,100,100032,100,99293,100,100038,100,99246,100,100041,100,99054,100,100068,100,99053,100,100069,100,98999,100,100077,100,98838,100
2019-06-28 09:54:00.164540172,99798,100,99584,262,99916,262,99442,262,99967,262,99428,100,99992,100,99384,100,100006,100,99293,100,100032,100,99246,100,100038,100,99054,100,100041,100,99053,100,100068,100,98999,100,100069,100,98838,100
2019-06-28 09:54:00.286338342,99602,100,99584,262,99798,100,99442,262,99916,262,99428,100,99967,262,99384,100,99992,100,99293,100,100006,100,99246,100,100032,100,99054,100,100038,100,99053,100,100041,100,98999,100,100068,100,98838,100
2019-06-28 09:54:10.000000000,99602,210,99584,210,99798,207,99442,207,99916,207,99428,207,99967,100,99384,100,99992,100,99293,100,100006,100,99246,100,100032,100,99054,100,100038,100,99053,100,100041,100,98999,100,100068,100,98838,100
2019-06-28 09:54:20.000000000,99602,210,99584,210,99798,207,99442,207,99916,207,99428,207,99967,100,99384,100,99992,100,99293,100,100006,100,99246,100,100032,100,99054,100,100038,100,99053,100,100041,100,98999,100,100068,100,98838,100
2019-06-28 09:54:25.707956085,99602,210,99584,210,99798,207,99443,100,99916,207,99442,207,99967,100,99428,207,99992,100,99384,100,100006,100,99293,100,100032,100,99246,100,100038,100,99054,100,100041,100,99053,100,100068,100,98999,100
2019-06-28 09:54:30.000000000,99602,424,99584,424,99798,100,99443,100,99916,100,99442,100,99967,100,99428,100,99992,100,99384,100,100006,100,99293,100,100032,100,99246,100,100038,100,99054,100,100041,100,99053,100,100068,100,98999,100
2019-06-28 09:54:40.000000000,99602,181,99584,181,99798,181,99443,181,99916,181,99442,181,99967,181,99428,181,99992,100,99384,100,100006,100,99293,100,100032,100,99246,100,100038,100,99054,100,100041,100,99053,100,100068,100,98999,100
2019-06-28 09:54:50.000000000,99602,262,99584,262,99798,262,99443,262,99916,100,99442,100,99967,100,99428,100,99992,100,99384,100,100006,100,99293,100,100032,100,99246,100,100038,100,99054,100,100041,100,99053,100,100068,100,98999,100
2019-06-28 09:55:00.000000000,99602,262,99584,262,99798,262,99443,262,99916,100,99442,100,99967,100,99428,100,99992,100,99384,100,100006,100,99293,100,100032,100,99246,100,100038,100,99054,100,100041,100,99053,100,100068,100,98999,100
2019-06-28 09:55:07.302255532,99602,162,99584,262,99798,262,99443,262,99916,100,99442,100,99967,100,99428,100,99992,100,99384,100,100006,100,99293,100,100032,100,99246,100,100038,100,99054,100,100041,100,99053,100,100068,100,98999,100
2019-06-28 09:55:10.000000000,99798,165,99584,165,99916,165,99443,165,99967,165,99442,165,99992,165,99428,165,100006,165,99384,165,100032,100,99293,100,100038,100,99246,100,100041,100,99054,100,100068,100,99053,100,100069,100,98999,100
2019-06-28 09:55:20.000000000,99798,165,99584,165,99916,165,99443,165,99967,165,99442,165,99992,165,99428,165,100006,165,99384,165,100032,100,99293,100,100038,100,99246,100,100041,100,99054,100,100068,100,99053,100,100069,100,98999,100
2019-06-28 09:55:30.000000000,99798,165,99584,165,99916,165,99443,165,99967,165,99442,165,99992,165,99428,165,100006,165,99384,165,100032,100,99293,100,100038,100,99246,100,100041,100,99054,100,100068,100,99053,100,100069,100,98999,100
2019-06-28 09:55:30.891313102,99798,65,99584,165,99916,165,99443,165,99967,165,99442,165,99992,165,99428,165,100006,165,99384,165,100032,100,99293,100,100038,100,99246,100,100041,100,99054,100,100068,100,99053,100,100069,100,98999,100
2019-06-28 09:55:39.750091069,99916,165,99798,35,99967,165,99584,165,99992,165,99443,165,100006,165,99442,165,100032,100,99428,165,100038,100,99384,165,100041,100,99293,100,100068,100,99246,100,100069,100,99054,100,100079,100,99053,100
2019-06-28 09:55:40.000000000,99916,165,99798,100,99967,165,99584,165,99992,165,99443,165,100006,165,99442,165,100032,165,99428,165,100038,100,99384,100,100041,100,99293,100,100068,100,99246,100,100069,100,99054,100,100079,100,99053,100
2019-06-28 09:55:50.000000000,99916,165,99798,100,99967,165,99584,165,99992,165,99443,165,100006,165,99442,165,100032,165,99428,165,100038,100,99384,100,100041,100,99293,100,100068,100,99246,100,100069,100,99054,100,100079,100,99053,100
2019-06-28 09:56:00.000000000,99916,165,99798,100,99967,165,99584,165,99992,165,99443,165,100006,165,99442,165,100032,165,99428,165,100038,100,99384,100,100041,100,99293,100,100068,100,99246,100,100069,100,99054,100,100079,100,99053,100
2019-06-28 09:56:10.000000000,99916,165,99798,100,99967,165,99584,165,99992,165,99443,165,100006,165,99442,165,100032,165,99428,165,100038,100,99384,100,100041,100,99293,100,100068,100,99246,100,100069,100,99054,100,100079,100,99053,100
2019-06-28 09:56:10.298175735,99916,165,99798,100,99967,165,99584,165,99992,165,99572,100,100006,165,99443,165,100032,165,99442,165,100038,100,99428,165,100041,100,99384,100,100069,100,99293,100,100079,100,99246,100,100096,100,99054,100
2019-06-28 09:56:20.000000000,99916,424,99798,359,99967,100,99584,100,99992,100,99572,100,100006,100,99443,100,100032,100,99442,100,100038,100,99428,100,100041,100,99384,100,100069,100,99293,100,100079,100,99246,100,100096,100,99054,100
2019-06-28 09:56:30.000000000,99916,181,99798,116,99967,181,99584,181,99992,181,99572,181,100006,181,99443,181,100032,100,99442,100,100038,100,99428,100,100041,100,99384,100,100069,100,99293,100,100079,100,99246,100,100096,100,99054,100
2019-06-28 09:56:40.000000000,99916,424,99798,359,99967,100,99584,100,99992,100,99572,100,100006,100,99443,100,100032,100,99442,100,100038,100,99428,100,100041,100,99384,100,100069,100,99293,100,100079,100,99246,100,100096,100,99054,100
2019-06-28 09:56:50.000000000,99916,181,99798,116,99967,181,99584,181,99992,181,99572,181,100006,181,99443,181,100032,100,99442,100,100038,100,99428,100,100041,100,99384,100,100069,100,99293,100,100079,100,99246,100,100096,100,99054,100
2019-06-28 09:57:00.000000000,99916,424,99798,359,99967,100,99584,100,99992,100,99572,100,100006,100,99443,100,100032,100,99442,100,100038,100,99428,100,100041,100,99384,100,100069,100,99293,100,100079,100,99246,100,100096,100,99054,100
2019-06-28 09:57:10.000000000,99916,181,99798,116,99967,181,99584,181,99992,181,99572,181,100006,181,99443,181,100032,100,99442,100,100038,100,99428,100,100041,100,99384,100,100069,100,99293,100,100079,100,99246,100,100096,100,99054,100
2019-06-28 09:57:13.575952955,99916,181,99798,16,99967,181,99584,181,99992,181,99572,181,100006,181,99443,181,100032,100,99442,100,100038,100,99428,100,100041,100,99384,100,100069,100,99293,100,100079,100,99246,100,100096,100,99054,100
2019-06-28 09:57:20.000000000,99916,424,99584,424,99967,100,99572,100,99992,100,99443,100,100006,100,99442,100,100032,100,99428,100,100038,100,99384,100,100041,100,99293,100,100069,100,99246,100,100079,100,99054,100,100096,100,99053,100
2019-06-28 09:57:24.906701408,99916,324,99584,424,99967,100,99572,100,99992,100,99443,100,100006,100,99442,100,100032,100,99428,100,100038,100,99384,100,100041,100,99293,100,100069,100,99246,100,100079,100,99054,100,100096,100,99053,100
2019-06-28 09:57:27.233022592,99916,324,99584,424,99967,100,99576,100,99992,100,99572,100,100006,100,99443,100,100032,100,99442,100,100038,100,99428,100,100041,100,99384,100,100069,100,99293,100,100079,100,99246,100,100096,100,99054,100
2019-06-28 09:57:30.000000000,99967,165,99584,165,99992,165,99576,165,100006,165,99572,165,100032,165,99443,165,100038,165,99442,165,100041,100,99428,100,100069,100,99384,100,100079,100,99293,100,100096,100,99246,100,100119,100,99054,100
2019-06-28 09:57:35.534747903,99798,100,99584,65,99967,165,99576,165,99992,165,99572,165,100006,165,99443,165,100032,165,99442,165,100038,165,99428,100,100041,100,99384,100,100069,100,99293,100,100079,100,99246,100,100096,100,99054,100
2019-06-28 09:57:40.000000000,99798,181,99576,181,99967,181,99572,181,99992,181,99443,181,100006,181,99442,181,100032,100,99428,100,100038,100,99384,100,100041,100,99293,100,100069,100,99246,100,100079,100,99054,100,100096,100,99053,100
2019-06-28 09:57:50.000000000,99798,165,99576,165,99967,165,99572,165,99992,165,99443,165,100006,165,99442,165,100032,165,99428,165,100038,100,99384,100,100041,100,99293,100,100069,100,99246,100,100079,100,99054,100,100096,100,99053,100
2019-06-28 09:58:00.000000000,99798,165,99576,165,99967,165,99572,165,99992,165,99443,165,100006,165,99442,165,100032,165,99428,165,100038,100,99384,100,100041,100,99293,100,100069,100,99246,100,100079,100,99054,100,100096,100,99053,100
2019-06-28 09:58:10.000000000,99798,424,99576,424,99967,100,99572,100,99992,100,99443,100,100006,100,99442,100,100032,100,99428,100,100038,100,99384,100,100041,100,99293,100,100069,100,99246,100,100079,100,99054,100,100096,100,99053,100
2019-06-28 09:58:20.000000000,99798,262,99576,262,99967,262,99572,262,99992,100,99443,100,100006,100,99442,100,100032,100,99428,100,100038,100,99384,100,100041,100,99293,100,100069,100,99246,100,100079,100,99054,100,100096,100,99053,100
2019-06-28 09:58:25.905383844,99798,262,99577,100,99967,262,99576,262,99992,100,99572,262,100006,100,99443,100,100032,100,99442,100,100038,100,99428,100,100041,100,99384,100,100069,100,99293,100,100079,100,99246,100,100096,100,99054,100
2019-06-28 09:58:30.000000000,99798,181,99577,181,99967,181,99576,181,99992,181,99572,181,100006,181,99443,181,100032,100,99442,100,100038,100,99428,100,100041,100,99384,100,100069,100,99293,100,100079,100,99246,100,100096,100,99054,100
2019-06-28 09:58:40.000000000,99798,210,99577,210,99967,207,99576,207,99992,207,99572,207,100006,100,99443,100,100032,100,99442,100,100038,100,99428,100,100041,100,99384,100,100069,100,99293,100,100079,100,99246,100,100096,100,99054,100
2019-06-28 09:58:41.356833700,99798,310,99577,210,99967,207,99576,207,99992,207,99572,207,100006,100,99443,100,100032,100,99442,100,100038,100,99428,100,100041,100,99384,100,100069,100,99293,100,100079,100,99246,100,100096,100,99054,100
2019-06-28 09:58:42.113273771,99798,310,99577,210,99889,100,99576,207,99967,207,99572,207,99992,207,99443,100,100006,100,99442,100,100032,100,99428,100,100038,100,99384,100,100041,100,99293,100,100069,100,99246,100,100079,100,99054,100
2019-06-28 09:58:42.275931049,99798,310,99577,210,99820,100,99576,207,99889,100,99572,207,99967,207,99443,100,99992,207,99442,100,100006,100,99428,100,100038,100,99384,100,100041,100,99293,100,100069,100,99246,100,100079,100,99054,100
2019-06-28 09:58:50.000000000,99798,281,99577,181,99820,181,99576,181,99889,181,99572,181,99967,181,99443,181,99992,100,99442,100,100006,100,99428,100,100038,100,99384,100,100041,100,99293,100,100069,100,99246,100,100079,100,99054,100
2019-06-28 09:58:55.204532096,99798,281,99659,100,99820,181,99577,181,99889,181,99576,181,99967,181,99572,181,99992,100,99443,181,100006,100,99442,100,100038,100,99428,100,100041,100,99384,100,100069,100,99293,100,100079,100,99246,100
2019-06-28 09:59:00.000000000,99798,265,99659,165,99820,165,99577,165,99889,165,99576,165,99967,165,99572,165,99992,165,99443,165,100006,100,99442,100,100038,100,99428,100,100041,100,99384,100,100069,100,99293,100,100079,100,99246,100
2019-06-28 09:59:10.000000000,99798,281,99659,181,99820,181,99577,181,99889,181,99576,181,99967,181,99572,181,99992,100,99443,100,100006,100,99442,100,100038,100,99428,100,100041,100,99384,100,100069,100,99293,100,100079,100,99246,100
2019-06-28 09:59:20.000000000,99798,362,99659,262,99820,262,99577,262,99889,100,99576,100,99967,100,99572,100,99992,100,99443,100,100006,100,99442,100,100038,100,99428,100,100041,100,99384,100,100069,100,99293,100,100079,100,99246,100
2019-06-28 09:59:23.158283715,99798,362,99659,262,99820,262,99577,262,99864,100,99576,100,99889,100,99572,100,99967,100,99443,100,99992,100,99442,100,100038,100,99428,100,100041,100,99384,100,100069,100,99293,100,100079,100,99246,100
2019-06-28 09:59:30.000000000,99798,265,99659,165,99820,165,99577,165,99864,165,99576,165,99889,165,99572,165,99967,165,99443,165,99992,100,99442,100,100038,100,99428,100,100041,100,99384,100,100069,100,99293,100,100079,100,99246,100
2019-06-28 09:59:40.000000000,99798,362,99659,262,99820,262,99577,262,99864,100,99576,100,99889,100,99572,100,99967,100,99443,100,99992,100,99442,100,100038,100,99428,100,100041,100,99384,100,100069,100,99293,100,100079,100,99246,100
2019-06-28 09:59:40.137797730,99798,262,99659,262,99820,262,99577,262,99864,100,99576,100,99889,100,99572,100,99967,100,99443,100,99992,100,99442,100,100038,100,99428,100,100041,100,99384,100,100069,100,99293,100,100079,100,99246,100
2019-06-28 09:59:47.867951033,99797,100,99659,262,99798,262,99577,262,99820,262,99576,100,99864,100,99572,100,99889,100,99443,100,99967,100,99442,100,99992,100,99428,100,100038,100,99384,100,100041,100,99293,100,100069,100,99246,100
2019-06-28 09:59:50.000000000,99797,262,99659,262,99798,262,99577,262,99820,100,99576,100,99864,100,99572,100,99889,100,99443,100,99967,100,99442,100,99992,100,99428,100,100038,100,99384,100,100041,100,99293,100,100069,100,99246,100
2019-06-28 09:59:51.215162218,99797,362,99659,262,99798,262,99577,262,99820,100,99576,100,99864,100,99572,100,99889,100,99443,100,99967,100,99442,100,99992,100,99428,100,100038,100,99384,100,100041,100,99293,100,100069,100,99246,100
2019-06-28 10:00:00.000000000,99797,524,99659,424,99798,100,99577,100,99820,100,99576,100,99864,100,99572,100,99889,100,99443,100,99967,100,99442,100,99992,100,99428,100,100038,100,99384,100,100041,100,99293,100,100069,100,99246,100
2019-06-28 10:00:06.875480548,99797,424,99659,424,99798,100,99577,100,99820,100,99576,100,99864,100,99572,100,99889,100,99443,100,99967,100,99442,100,99992,100,99428,100,100038,100,99384,100,100041,100,99293,100,100069,100,99246,100
2019-06-28 10:00:07.122440805,99797,424,99742,100,99798,100,99659,424,99820,100,99577,100,99864,100,99576,100,99889,100,99572,100,99967,100,99443,100,99992,100,99442,100,100038,100,99428,100,100041,100,99384,100,100069,100,99293,100
2019-06-28 10:00:10.000000000,99797,424,99742,424,99798,100,99659,100,99820,100,99577,100,99864,100,99576,100,99889,100,99572,100,99967,100,99443,100,99992,100,99442,100,100038,100,99428,100,100041,100,99384,100,100069,100,99293,100
2019-06-28 10:00:20.000000000,99797,165,99742,165,99798,165,99659,165,99820,165,99577,165,99864,165,99576,165,99889,165,99572,165,99967,100,99443,100,99992,100,99442,100,100038,100,99428,100,100041,100,99384,100,100069,100,99293,100
2019-06-28 10:00:28.837017682,99797,65,99742,165,99798,165,99659,165,99820,165,99577,165,99864,165,99576,165,99889,165,99572,165,99967,100,99443,100,99992,100,99442,100,100038,100,99428,100,100041,100,99384,100,100069,100,99293,100
2019-06-28 10:00:28.852259157,99798,165,99797,35,99820,165,99742,165,99864,165,99659,165,99889,165,99577,165,99967,100,99576,165,99992,100,99572,165,100038,100,99443,100,100041,100,99442,100,100069,100,99428,100,100079,100,99384,100
2019-06-28 10:00:30.000000000,99798,210,99797,145,99820,207,99742,207,99864,207,99659,207,99889,100,99577,100,99967,100,99576,100,99992,100,99572,100,100038,100,99443,100,100041,100,99442,100,100069,100,99428,100,100079,100,99384,100
2019-06-28 10:00:40.000000000,99798,181,99797,116,99820,181,99742,181,99864,181,99659,181,99889,181,99577,181,99967,100,99576,100,99992,100,99572,100,100038,100,99443,100,100041,100,99442,100,100069,100,99428,100,100079,100,99384,100
2019-06-28 10:00:49.252445602,99798,181,99797,116,99820,181,99742,181,99864,81,99659,181,99889,181,99577,181,99967,100,99576,100,99992,100,99572,100,100038,100,99443,100,100041,100,99442,100,100069,100,99428,100,100079,100,99384,100
2019-06-28 10:00:49.914073114,99798,181,99797,116,99820,181,99742,181,99864,81,99659,181,99889,181,99577,181,99967,100,99576,100,99992,100,99572,100,100038,100,99443,100,100041,100,99442,100,100069,100,99428,100,100079,100,99384,100
2019-06-28 10:00:50.000000000,99798,165,99797,100,99820,165,99742,165,99889,165,99659,165,99967,165,99577,165,99992,165,99576,165,100038,100,99572,100,100041,100,99443,100,100069,100,99442,100,100079,100,99428,100,100096,100,99384,100
2019-06-28 10:01:00.000000000,99798,424,99797,359,99820,100,99742,100,99889,100,99659,100,99967,100,99577,100,99992,100,99576,100,100038,100,99572,100,100041,100,99443,100,100069,100,99442,100,100079,100,99428,100,100096,100,99384,100
2019-06-28 10:01:02.793079391,99798,424,99797,459,99820,100,99742,100,99889,100,99659,100,99967,100,99577,100,99992,100,99576,100,100038,100,99572,100,100041,100,99443,100,100069,100,99442,100,100079,100,99428,100,100096,100,99384,100
2019-06-28 10:01:07.321765435,99798,324,99797,459,99820,100,99742,100,99889,100,99659,100,99967,100,99577,100,99992,100,99576,100,100038,100,99572,100,100041,100,99443,100,100069,100,99442,100,100079,100,99428,100,100096,100,99384,100
2019-06-28 10:01:10.000000000,99820,181,99797,216,99889,181,99742,181,99967,181,99659,181,99992,181,99577,181,100038,100,99576,100,100041,100,99572,100,100069,100,99443,100,100079,100,99442,100,100096,100,99428,100,100119,100,99384,100
2019-06-28 10:01:20.000000000,99820,210,99797,245,99889,207,99742,207,99967,207,99659,207,99992,100,99577,100,100038,100,99576,100,100041,100,99572,100,100069,100,99443,100,100079,100,99442,100,100096,100,99428,100,100119,100,99384,100
2019-06-28 10:01:30.000000000,99820,210,99797,245,99889,207,99742,207,99967,207,99659,207,99992,100,99577,100,100038,100,99576,100,100041,100,99572,100,100069,100,99443,100,100079,100,99442,100,100096,100,99428,100,100119,100,99384,100
2019-06-28 10:01:30.173442954,99820,210,99797,245,99889,207,99742,207,99967,207,99659,207,99992,100,99577,100,100038,100,99576,100,100041,100,99572,100,100069,100,99443,100,100079,100,99442,100,100096,100,99428,100,100119,100,99384,100
2019-06-28 10:01:37.209512269,99820,210,99798,100,99889,207,99797,245,99967,207,99742,207,99992,100,99659,207,100038,100,99577,100,100041,100,99576,100,100069,100,99572,100,100079,100,99443,100,100096,100,99442,100,100119,100,99428,100
2019-06-28 10:01:40.000000000,99820,210,99798,210,99889,207,99797,242,99967,207,99742,207,99992,100,99659,100,100038,100,99577,100,100041,100,99576,100,100069,100,99572,100,100079,100,99443,100,100096,100,99442,100,100119,100,99428,100
2019-06-28 10:01:43.944340808,99820,110,99798,210,99889,207,99797,242,99967,207,99742,207,99992,100,99659,100,100038,100,99577,100,100041,100,99576,100,100069,100,99572,100,100079,100,99443,100,100096,100,99442,100,100119,100,99384,100
2019-06-28 10:01:50.000000000,99889,262,99798,262,99967,262,99797,297,99992,100,99742,100,100038,100,99659,100,100041,100,99577,100,100069,100,99576,100,100079,100,99572,100,100096,100,99443,100,100119,100,99442,100,100167,100,99384,100
2019-06-28 10:01:54.356136725,99889,162,99798,262,99967,262,99797,297,99992,100,99742,100,100038,100,99659,100,100041,100,99577,100,100069,100,99576,100,100079,100,99572,100,100096,100,99443,100,100119,100,99442,100,100167,100,99384,100
2019-06-28 10:01:58.221011916,99889,62,99798,262,99967,262,99797,297,99992,100,99742,100,100038,100,99659,100,100041,100,99577,100,100069,100,99576,100,100079,100,99572,100,100096,100,99443,100,100119,100,99442,100,100167,100,99384,100
2019-06-28 10:02:00.000000000,99967,165,99798,165,99992,165,99797,200,100038,165,99742,165,100041,165,99659,165,100069,165,99577,165,100079,100,99576,100,100096,100,99572,100,100119,100,99443,100,100167,100,99442,100,100182,100,99384,100
2019-06-28 10:02:10.000000000,99967,165,99798,165,99992,165,99797,200,100038,165,99742,165,100041,165,99659,165,100069,165,99577,165,100079,100,99576,100,100096,100,99572,100,100119,100,99443,100,100167,100,99442,100,100182,100,99384,100
2019-06-28 10:02:20.000000000,99967,165,99798,165,99992,165,99797,200,100038,165,99742,165,100041,165,99659,165,100069,165,99577,165,100079,100,99576,100,100096,100,99572,100,100119,100,99443,100,100167,100,99442,100,100182,100,99384,100
2019-06-28 10:02:30.000000000,99967,165,99798,165,99992,165,99797,200,100038,165,99742,165,100041,165,99659,165,100069,165,99577,165,100079,100,99576,100,100096,100,99572,100,100119,100,99443,100,100167,100,99442,100,100182,100,99384,100
2019-06-28 10:02:32.623165231,99967,165,99798,65,99992,165,99797,200,100038,165,99742,165,100041,165,99659,165,100069,165,99577,165,100079,100,99576,100,100096,100,99572,100,100119,100,99443,100,100167,100,99442,100,100182,100,99384,100
2019-06-28 10:02:40.000000000,99967,181,99797,216,99992,181,99742,181,100038,181,99659,181,100041,181,99577,181,100069,100,99576,100,100079,100,99572,100,100096,100,99443,100,100119,100,99442,100,100167,100,99384,100,100182,100,99246,100
2019-06-28 10:02:41.751070051,99967,181,99797,116,99992,181,99742,181,100038,181,99659,181,100041,181,99577,181,100069,100,99576,100,100079,100,99572,100,100096,100,99443,100,100119,100,99442,100,100167,100,99384,100,100182,100,99246,100
2019-06-28 10:02:50.000000000,99967,165,99797,100,99992,165,99742,165,100038,165,99659,165,100041,165,99577,165,100069,165,99576,165,100079,100,99572,100,100096,100,99443,100,100119,100,99442,100,100167,100,99384,100,100182,100,99246,100
2019-06-28 10:02:50.918804195,99833,100,99797,100,99967,165,99742,165,99992,165,99659,165,100038,165,99577,165,100041,165,99576,165,100069,165,99572,100,100079,100,99443,100,100096,100,99442,100,100119,100,99384,100,100167,100,99246,100
2019-06-28 10:03:00.000000000,99833,181,99797,116,99967,181,99742,181,99992,181,99659,181,100038,181,99577,181,100041,100,99576,100,100069,100,99572,100,100079,100,99443,100,100096,100,99442,100,100119,100,99384,100,100167,100,99246,100
2019-06-28 10:03:06.934118157,99833,81,99797,116,99967,181,99742,181,99992,181,99659,181,100038,181,99577,181,100041,100,99576,100,100069,100,99572,100,100079,100,99443,100,100096,100,99442,100,100119,100,99384,100,100167,100,99246,100
2019-06-28 10:03:10.000000000,99967,424,99797,359,99992,100,99742,100,100038,100,99659,100,100041,100,99577,100,100069,100,99576,100,100079,100,99572,100,100096,100,99443,100,100119,100,99442,100,100167,100,99384,100,100182,100,99246,100
2019-06-28 10:03:20.000000000,99967,181,99797,116,99992,181,99742,181,100038,181,99659,181,100041,181,99577,181,100069,100,99576,100,100079,100,99572,100,100096,100,99443,100,100119,100,99442,100,100167,100,99384,100,100182,100,99246,100
2019-06-28 10:03:24.090805127,99889,100,99797,116,99967,181,99742,181,99992,181,99659,181,100038,181,99577,181,100041,181,99576,100,100069,100,99572,100,100079,100,99443,100,100096,100,99442,100,100119,100,99384,100,100167,100,99246,100
2019-06-28 10:03:30.000000000,99889,424,99797,359,99967,100,99742,100,99992,100,99659,100,100038,100,99577,100,100041,100,99576,100,100069,100,99572,100,100079,100,99443,100,100096,100,99442,100,100119,100,99384,100,100167,100,99246,100
2019-06-28 10:03:31.244486464,99889,524,99797,359,99967,100,99742,100,99992,100,99659,100,100038,100,99577,100,100041,100,99576,100,100069,100,99572,100,100079,100,99443,100,100096,100,99442,100,100119,100,99384,100,100167,100,99246,100
2019-06-28 10:03:37.267677185,99889,524,99797,259,99967,100,99742,100,99992,100,99659,100,100038,100,99577,100,100041,100,99576,100,100069,100,99572,100,100079,100,99443,100,100096,100,99442,100,100119,100,99384,100,100167,100,99246,100
2019-06-28 10:03:40.000000000,99889,362,99742,262,99967,262,99659,262,99992,100,99577,100,100038,100,99576,100,100041,100,99572,100,100069,100,99443,100,100079,100,99442,100,100096,100,99384,100,100119,100,99246,100,100167,100,99053,100
2019-06-28 10:03:46.854475016,99889,362,99742,262,99967,262,99659,262,99992,100,99576,100,100038,100,99572,100,100041,100,99443,100,100069,100,99442,100,100079,100,99384,100,100096,100,99278,100,100119,100,99246,100,100167,100,99053,100
2019-06-28 10:03:50.000000000,99889,310,99742,210,99967,207,99659,207,99992,207,99576,207,100038,100,99572,100,100041,100,99443,100,100069,100,99442,100,100079,100,99384,100,100096,100,99278,100,100119,100,99246,100,100167,100,99053,100
2019-06-28 10:03:50.517521409,99889,310,99742,210,99967,207,99659,207,99992,207,99611,100,100038,100,99576,207,100041,100,99572,100,100069,100,99443,100,100079,100,99442,100,100096,100,99384,100,100119,100,99278,100,100167,100,99246,100
2019-06-28 10:03:56.498659727,99889,310,99742,110,99967,207,99659,207,99992,207,99611,100,100038,100,99576,207,100041,100,99572,100,100069,100,99443,100,100079,100,99442,100,100096,100,99384,100,100119,100,99278,100,100167,100,99246,100
2019-06-28 10:04:00.000000000,99889,310,99659,210,99967,207,99611,207,99992,207,99576,207,100038,100,99572,100,100041,100,99443,100,100069,100,99442,100,100079,100,99384,100,100096,100,99278,100,100119,100,99246,100,100167,100,99053,100
2019-06-28 10:04:10.000000000,99889,524,99659,424,99967,100,99611,100,99992,100,99576,100,100038,100,99572,100,100041,100,99443,100,100069,100,99442,100,100079,100,99384,100,100096,100,99278,100,100119,100,99246,100,100167,100,99053,100
2019-06-28 10:04:20.000000000,99889,310,99659,210,99967,207,99611,207,99992,207,99576,207,100038,100,99572,100,100041,100,99443,100,100069,100,99442,100,100079,100,99384,100,100096,100,99278,100,100119,100,99246,100,100167,100,99053,100
2019-06-28 10:04:23.561465844,99797,100,99659,210,99889,310,99611,207,99967,207,99576,207,99992,207,99572,100,100038,100,99443,100,100041,100,99442,100,100069,100,99384,100,100079,100,99278,100,100096,100,99246,100,100119,100,99053,100
2019-06-28 10:04:27.431741459,99797,100,99659,110,99889,310,99611,207,99967,207,99576,107,99992,207,99572,100,100038,100,99443,100,100041,100,99442,100,100069,100,99384,100,100079,100,99278,100,100096,100,99246,100,100119,100,99053,100
2019-06-28 10:04:30.000000000,99797,262,99611,262,99889,362,99572,262,99967,100,99443,100,99992,100,99442,100,100038,100,99384,100,100041,100,99278,100,100069,100,99246,100,100079,100,99053,100,100096,100,98999,100,100119,100,98838,100
2019-06-28 10:04:34.497542568,99797,262,99611,162,99889,362,99572,262,99967,100,99443,100,99992,100,99442,100,100038,100,99384,100,100041,100,99278,100,100069,100,99246,100,100079,100,99053,100,100096,100,98999,100,100119,100,98838,100
2019-06-28 10:04:40.000000000,99797,210,99572,210,99889,307,99443,207,99967,207,99442,207,99992,100,99384,100,100038,100,99278,100,100041,100,99246,100,100069,100,99053,100,100079,100,98999,100,100096,100,98838,100,100119,100,98794,100
2019-06-28 10:04:50.000000000,99797,165,99572,165,99889,265,99443,165,99967,165,99442,165,99992,165,99384,165,100038,165,99278,165,100041,100,99246,100,100069,100,99053,100,100079,100,98999,100,100096,100,98838,100,100119,100,98794,100
2019-06-28 10:04:56.561200032,99720,100,99572,165,99797,165,99443,165,99889,265,99442,165,99967,165,99384,165,99992,165,99278,165,100038,165,99246,100,100041,100,99053,100,100069,100,98838,100,100079,100,98794,100,100096,100,,
2019-06-28 10:04:59.047429617,99660,100,99572,165,99720,100,99443,165,99797,165,99442,165,99889,265,99384,165,99967,165,99278,165,99992,165,99246,100,100038,165,99053,100,100041,100,98838,100,100069,100,98794,100,100079,100,,
2019-06-28 10:05:00.000000000,99660,181,99572,181,99720,181,99443,181,99797,181,99442,181,99889,281,99384,181,99967,100,99278,100,99992,100,99246,100,100038,100,99053,100,100041,100,98838,100,100069,100,98794,100,100079,100,,
2019-06-28 10:05:02.463468539,99660,181,99572,181,99720,181,99443,181,99751,100,99442,181,99797,181,99384,181,99889,281,99278,100,99967,100,99246,100,99992,100,99053,100,100038,100,98838,100,100041,100,98794,100,100069,100,,
2019-06-28 10:05:10.000000000,99660,181,99572,181,99720,181,99443,181,99751,181,99442,181,99797,181,99384,181,99889,200,99278,100,99967,100,99246,100,99992,100,99053,100,100038,100,98838,100,100041,100,98794,100,100069,100,,
2019-06-28 10:05:20.000000000,99660,424,99572,424,99720,100,99443,100,99751,100,99442,100,99797,100,99384,100,99889,200,99278,100,99967,100,99246,100,99992,100,99053,100,100038,100,98838,100,100041,100,98794,100,100069,100,,
2019-06-28 10:05:26.049825870,99602,100,99572,424,99660,424,99443,100,99720,100,99442,100,99751,100,99384,100,99797,100,99278,100,99889,200,99246,100,99967,100,99053,100,99992,100,98838,100,100038,100,98794,100,100041,100,,
2019-06-28 10:05:26.531927627,99602,100,99572,424,99635,100,99443,100,99660,424,99442,100,99720,100,99278,100,99751,100,99246,100,99797,100,99053,100,99889,200,98838,100,99967,100,98794,100,99992,100,,,100038,100,,
2019-06-28 10:05:30.000000000,99602,181,99572,181,99635,181,99443,181,99660,181,99442,181,99720,181,99278,181,99751,100,99246,100,99797,100,99053,100,99889,200,98838,100,99967,100,98794,100,99992,100,,,100038,100,,
2019-06-28 10:05:40.000000000,99602,210,99572,210,99635,207,99443,207,99660,207,99442,207,99720,100,99278,100,99751,100,99246,100,99797,100,99053,100,99889,200,98838,100,99967,100,98794,100,99992,100,,,100038,100,,
2019-06-28 10:05:42.520651460,99602,210,99572,210,99635,207,99443,207,99659,100,99442,207,99660,207,99278,100,99720,100,99246,100,99751,100,99053,100,99797,100,98838,100,99889,200,98794,100,99967,100,,,99992,100,,
2019-06-28 10:05:50.000000000,99602,165,99572,165,99635,165,99443,165,99659,165,99442,165,99660,165,99278,165,99720,165,99246,165,99751,100,99053,100,99797,100,98838,100,99889,200,98794,100,99967,100,,,99992,100,,
2019-06-28 10:05:55.018678763,99602,165,99572,165,99623,100,99443,165,99635,165,99442,165,99659,165,99278,165,99660,165,99246,165,99720,165,99053,100,99751,100,98838,100,99797,100,98794,100,99889,200,,,99967,100,,
2019-06-28 10:06:00.000000000,99602,262,99572,262,99623,262,99443,262,99635,100,99442,100,99659,100,99278,100,99660,100,99246,100,99720,100,99053,100,99751,100,98838,100,99797,100,98794,100,99889,200,,,99967,100,,
2019-06-28 10:06:10.000000000,99602,181,99572,181,99623,181,99443,181,99635,181,99442,181,99659,181,99278,181,99660,100,99246,100,99720,100,99053,100,99751,100,98838,100,99797,100,98794,100,99889,200,,,99967,100,,
2019-06-28 10:06:20.000000000,99602,262,99572,262,99623,262,99443,262,99635,100,99442,100,99659,100,99278,100,99660,100,99246,100,99720,100,99053,100,99751,100,98838,100,99797,100,98794,100,99889,200,,,99967,100,,
2019-06-28 10:06:30.000000000,99602,210,99572,210,99623,207,99443,207,99635,207,99442,207,99659,100,99278,100,99660,100,99246,100,99720,100,99053,100,99751,100,98838,100,99797,100,98794,100,99889,200,,,99967,100,,
2019-06-28 10:06:40.000000000,99602,210,99572,210,99623,207,99443,207,99635,207,99442,207,99659,100,99278,100,99660,100,99246,100,99720,100,99053,100,99751,100,98838,100,99797,100,98794,100,99889,200,,,99967,100,,
2019-06-28 10:06:49.422812814,99602,210,99572,210,99623,207,99443,207,99635,207,99442,207,99659,100,99278,100,99660,100,99246,100,99720,100,99053,100,99751,100,98838,100,99797,100,98794,100,99889,200,,,99967,100,,
2019-06-28 10:06:50.000000000,99602,210,99572,210,99623,207,99443,207,99635,207,99442,207,99659,100,99278,100,99660,100,99246,100,99720,100,99053,100,99751,100,98838,100,99797,100,98794,100,99889,200,,,99967,100,,
2019-06-28 10:06:54.843895649,99602,210,99572,210,99623,207,99443,207,99635,207,99442,207,99659,100,99278,100,99660,100,99246,100,99720,100,99053,100,99751,100,98838,100,99889,200,98794,100,99967,100,,,99992,100,,
2019-06-28 10:07:00.000000000,99602,210,99572,210,99623,207,99443,207,99635,207,99442,207,99659,100,99278,100,99660,100,99246,100,99720,100,99053,100,99751,100,98838,100,99889,200,98794,100,99967,100,,,99992,100,,
2019-06-28 10:07:10.000000000,99602,181,99572,181,99623,181,99443,181,99635,181,99442,181,99659,181,99278,181,99660,100,99246,100,99720,100,99053,100,99751,100,98838,100,99889,200,98794,100,99967,100,,,99992,100,,
2019-06-28 10:07:19.874791895,99602,181,99572,181,99623,181,99443,181,99635,81,99442,181,99659,181,99278,181,99660,100,99246,100,99663,100,99053,100,99720,100,98838,100,99751,100,98794,100,99889,200,,,99967,100,,
2019-06-28 10:07:20.000000000,99602,424,99572,424,99623,100,99443,100,99659,100,99442,100,99660,100,99278,100,99663,100,99246,100,99720,100,99053,100,99751,100,98838,100,99889,200,98794,100,99967,100,,,99992,100,,
2019-06-28 10:07:24.563999340,99602,424,99572,424,99623,100,99443,100,99659,100,99442,100,99660,100,99278,100,99663,100,99246,100,99691,100,99053,100,99720,100,98838,100,99751,100,98794,100,99889,200,,,99967,100,,
2019-06-28 10:07:30.000000000,99602,181,99572,181,99623,181,99443,181,99659,181,99442,181,99660,181,99278,181,99663,100,99246,100,99691,100,99053,100,99720,100,98838,100,99751,100,98794,100,99889,200,,,99967,100,,
2019-06-28 10:07:33.279826861,99602,181,99572,181,99623,181,99443,181,99659,281,99442,181,99660,181,99278,181,99663,100,99246,100,99691,100,99053,100,99720,100,98838,100,99751,100,98794,100,99889,200,,,99967,100,,
2019-06-28 10:07:39.194558507,99602,181,99572,181,99623,181,99443,181,99659,281,99442,181,99660,181,99341,100,99663,100,99278,181,99691,100,99246,100,99720,100,99053,100,99751,100,98838,100,99889,200,98794,100,99967,100,,
2019-06-28 10:07:40.000000000,99602,181,99572,181,99623,181,99443,181,99659,281,99442,181,99660,181,99341,181,99663,100,99278,100,99691,100,99246,100,99720,100,99053,100,99751,100,98838,100,99889,200,98794,100,99967,100,,
2019-06-28 10:07:50.000000000,99602,424,99572,424,99623,100,99443,100,99659,200,99442,100,99660,100,99341,100,99663,100,99278,100,99691,100,99246,100,99720,100,99053,100,99751,100,98838,100,99889,200,98794,100,99967,100,,
2019-06-28 10:08:00.000000000,99602,262,99572,262,99623,262,99443,262,99659,200,99442,100,99660,100,99341,100,99663,100,99278,100,99691,100,99246,100,99720,100,99053,100,99751,100,98838,100,99889,200,98794,100,99967,100,,
2019-06-28 10:08:03.951092918,99602,162,99572,262,99623,262,99443,262,99659,200,99442,100,99660,100,99341,100,99663,100,99278,100,99691,100,99246,100,99720,100,99053,100,99751,100,98838,100,99889,200,98794,100,99967,100,,
2019-06-28 10:08:10.000000000,99623,210,99572,210,99659,307,99443,207,99660,207,99442,207,99663,100,99341,100,99691,100,99278,100,99720,100,99246,100,99751,100,99053,100,99889,200,98838,100,99967,100,98794,100,99992,100,,
2019-06-28 10:08:18.407726647,99623,110,99572,210,99659,307,99443,207,99660,207,99442,207,99663,100,99341,100,99691,100,99278,100,99720,100,99246,100,99751,100,99053,100,99889,200,98838,100,99967,100,98794,100,99992,100,,
2019-06-28 10:08:20.000000000,99659,265,99572,165,99660,165,99443,165,99663,165,99442,165,99691,165,99341,165,99720,165,99278,165,99751,100,99246,100,99889,200,99053,100,99967,100,98838,100,99992,100,98794,100,100038,100,,
2019-06-28 10:08:30.000000000,99659,362,99572,262,99660,262,99443,262,99663,100,99442,100,99691,100,99341,100,99720,100,99278,100,99751,100,99246,100,99889,200,99053,100,99967,100,98838,100,99992,100,98794,100,100038,100,,
2019-06-28 10:08:40.000000000,99659,524,99572,424,99660,100,99443,100,99663,100,99442,100,99691,100,99341,100,99720,100,99278,100,99751,100,99246,100,99889,200,99053,100,99967,100,98838,100,99992,100,98794,100,100038,100,,
2019-06-28 10:08:50.000000000,99659,524,99572,424,99660,100,99443,100,99663,100,99442,100,99691,100,99341,100,99720,100,99278,100,99751,100,99246,100,99889,200,99053,100,99967,100,98838,100,99992,100,98794,100,100038,100,,
2019-06-28 10:08:50.652196805,99659,524,99572,424,99660,100,99443,100,99663,100,99442,100,99691,100,99341,100,99720,100,99278,100,99751,100,99246,100,99889,200,99053,100,99910,100,98838,100,99967,100,98794,100,99992,100,,
2019-06-28 10:09:00.000000000,99659,362,99572,262,99660,262,99443,262,99663,100,99442,100,99691,100,99341,100,99720,100,99278,100,99751,100,99246,100,99889,200,99053,100,99910,100,98838,100,99967,100,98794,100,99992,100,,
2019-06-28 10:09:08.022787862,99659,362,99572,262,99660,262,99443,262,99663,100,99442,100,99691,100,99341,100,99720,100,99278,100,99751,100,99246,100,99889,200,99053,100,99910,100,98838,100,99967,100,98794,100,99992,100,,
2019-06-28 10:09:10.000000000,99659,281,99572,181,99660,181,99443,181,99663,181,99442,181,99691,181,99341,181,99720,100,99278,100,99751,100,99246,100,99889,200,99053,100,99910,100,98838,100,99967,100,98794,100,99992,100,,
2019-06-28 10:09:12.433430469,99659,281,99572,181,99660,181,99443,181,99663,181,99442,181,99691,181,99341,181,99720,100,99278,100,99751,100,99246,100,99889,200,99053,100,99910,100,98838,100,99967,100,98794,100,99992,100,,
2019-06-28 10:09:20.000000000,99659,310,99572,210,99660,207,99443,207,99663,207,99442,207,99691,100,99341,100,99720,100,99278,100,99751,100,99246,100,99889,200,99053,100,99910,100,98838,100,99967,100,98794,100,99992,100,,
2019-06-28 10:09:24.478161095,99659,210,99572,210,99660,207,99443,207,99663,207,99442,207,99691,100,99341,100,99720,100,99278,100,99889,200,99246,100,99910,100,99053,100,99967,100,98838,100,99992,100,98794,100,100038,100,,
2019-06-28 10:09:30.000000000,99659,262,99572,262,99660,262,99443,262,99663,100,99442,100,99691,100,99341,100,99720,100,99278,100,99889,200,99246,100,99910,100,99053,100,99967,100,98838,100,99992,100,98794,100,100038,100,,
2019-06-28 10:09:40.000000000,99659,210,99572,210,99660,207,99443,207,99663,207,99442,207,99691,100,99341,100,99720,100,99278,100,99889,200,99246,100,99910,100,99053,100,99967,100,98838,100,99992,100,98794,100,100038,100,,
2019-06-28 10:09:50.000000000,99659,165,99572,165,99660,165,99443,165,99663,165,99442,165,99691,165,99341,165,99720,165,99278,165,99889,200,99246,100,99910,100,99053,100,99967,100,98838,100,99992,100,98794,100,100038,100,,
2019-06-28 10:10:00.000000000,99659,210,99572,210,99660,207,99443,207,99663,207,99442,207,99691,100,99341,100,99720,100,99278,100,99889,200,99246,100,99910,100,99053,100,99967,100,98838,100,99992,100,98794,100,100038,100,,
2019-06-28 10:10:10.000000000,99659,424,99572,424,99660,100,99443,100,99663,100,99442,100,99691,100,99341,100,99720,100,99278,100,99889,200,99246,100,99910,100,99053,100,99967,100,98838,100,99992,100,98794,100,100038,100,,
2019-06-28 10:10:13.640378762,99659,424,99623,100,99660,100,99572,424,99663,100,99443,100,99691,100,99442,100,99720,100,99341,100,99889,200,99278,100,99910,100,99246,100,99967,100,99053,100,99992,100,98838,100,100038,100,98794,100
