,ask_price_1,ask_size_1,bid_price_1,bid_size_1,ask_price_2,ask_size_2,bid_price_2,bid_size_2,ask_price_3,ask_size_3,bid_price_3,bid_size_3,ask_price_4,ask_size_4,bid_price_4,bid_size_4,ask_price_5,ask_size_5,bid_price_5,bid_size_5,ask_price_6,ask_size_6,bid_price_6,bid_size_6,ask_price_7,ask_size_7,bid_price_7,bid_size_7,ask_price_8,ask_size_8,bid_price_8,bid_size_8,ask_price_9,ask_size_9,bid_price_9,bid_size_9,ask_price_10,ask_size_10,bid_price_10,bid_size_10
2019-06-28 09:30:00.000000000,,,99949,100,,,,,,,,,,,,,,,,,,,,,,,,,,,,,,,,,,,,
2019-06-28 09:30:00.000000001,,,99953,100,,,99949,100,,,,,,,,,,,,,,,,,,,,,,,,,,,,,,,,
2019-06-28 09:30:00.000000005,99968,100,99953,100,,,99949,100,,,,,,,,,,,,,,,,,,,,,,,,,,,,,,,,
2019-06-28 09:30:00.000000006,99968,100,99956,100,,,99953,100,,,99949,100,,,,,,,,,,,,,,,,,,,,,,,,,,,,
2019-06-28 09:30:00.000000010,,,99956,100,,,99953,100,,,99949,100,,,,,,,,,,,,,,,,,,,,,,,,,,,,
2019-06-28 09:30:00.000000011,100006,100,99956,200,,,99953,100,,,99949,100,,,,,,,,,,,,,,,,,,,,,,,,,,,,
2019-06-28 09:30:00.000000012,100006,100,99956,200,100140,100,99953,100,,,99949,100,,,,,,,,,,,,,,,,,,,,,,,,,,,,
2019-06-28 09:30:00.000000018,100006,100,99997,100,100140,100,99956,200,,,99953,100,,,99949,100,,,99857,100,,,,,,,,,,,,,,,,,,,,
2019-06-28 09:30:00.000000019,100140,100,99997,100,,,99956,200,,,99953,100,,,99949,100,,,99857,100,,,,,,,,,,,,,,,,,,,,
2019-06-28 09:30:00.000000021,100025,100,99997,100,100140,100,99956,200,,,99953,100,,,99949,100,,,99857,100,,,,,,,,,,,,,,,,,,,,
2019-06-28 09:30:00.000000022,100025,100,99997,100,100139,100,99956,200,100140,100,99953,100,,,99949,100,,,99857,100,,,,,,,,,,,,,,,,,,,,
2019-06-28 09:30:00.000000023,100025,100,99997,100,100139,100,99968,100,100140,100,99956,200,,,99953,100,,,99949,100,,,99857,100,,,,,,,,,,,,,,,,
2019-06-28 09:30:00.000000024,100025,100,99997,100,100052,100,99968,100,100139,100,99956,200,100140,100,99953,100,,,99949,100,,,99857,100,,,,,,,,,,,,,,,,
2019-06-28 09:30:00.000000030,100025,100,99997,100,100052,100,99968,100,100072,100,99956,200,100139,100,99953,100,100140,100,99949,100,,,99857,100,,,,,,,,,,,,,,,,
2019-06-28 09:30:00.000000032,100025,100,99997,100,100052,100,99968,100,100072,100,99956,200,100139,100,99953,100,100140,100,99949,100,,,99857,100,,,99797,100,,,,,,,,,,,,
2019-06-28 09:30:00.000000033,100025,100,99997,100,100052,100,99968,100,100072,100,99956,200,100139,100,99953,100,100140,100,99949,100,,,99939,100,,,99857,100,,,99797,100,,,,,,,,
2019-06-28 09:30:00.000000038,100025,100,99997,100,100052,100,99968,100,100072,100,99956,200,100097,100,99953,100,100139,100,99949,100,100140,100,99939,100,,,99857,100,,,99797,100,,,,,,,,
2019-06-28 09:30:00.000000040,100017,100,99997,100,100025,100,99968,100,100052,100,99956,200,100072,100,99953,100,100097,100,99949,100,100139,100,99939,100,100140,100,99857,100,,,99797,100,,,,,,,,
2019-06-28 09:30:00.000000042,100017,100,99997,100,100025,100,99968,100,100031,100,99956,200,100052,100,99953,100,100072,100,99949,100,100097,100,99939,100,100134,100,99857,100,100139,100,99797,100,100140,100,,,100178,100,,
2019-06-28 09:30:00.000000043,100017,100,99999,100,100025,100,99997,100,100031,100,99968,200,100052,100,99956,200,100072,100,99953,100,100097,100,99949,100,100134,100,99939,100,100139,100,99857,100,100140,100,99797,100,100178,100,,
2019-06-28 09:30:00.000000044,100006,100,99999,100,100017,100,99997,100,100025,100,99968,200,100031,100,99956,200,100052,100,99953,100,100072,100,99949,100,100097,100,99939,100,100134,100,99903,100,100136,100,99857,100,100139,100,99797,100
2019-06-28 09:30:00.000000045,100006,200,99999,100,100017,100,99997,100,100025,100,99968,200,100031,100,99956,200,100052,100,99953,100,100072,100,99949,100,100097,100,99939,100,100134,100,99932,100,100136,100,99903,100,100139,100,99857,100
2019-06-28 09:30:00.000000052,100006,200,99999,100,100017,100,99997,100,100021,100,99968,200,100025,100,99956,200,100031,100,99953,100,100052,100,99949,100,100072,100,99939,100,100097,100,99932,100,100134,100,99903,100,100136,100,99857,100
2019-06-28 09:30:00.000000053,100006,200,99999,100,100017,100,99997,100,100021,100,99968,300,100025,100,99956,200,100031,100,99953,100,100052,100,99949,100,100072,100,99939,100,100097,100,99932,100,100134,100,99903,100,100136,100,99857,100
2019-06-28 09:30:00.000000054,100006,200,99999,100,100017,100,99997,100,100021,100,99968,300,100025,100,99956,200,100031,100,99953,100,100052,100,99949,100,100072,100,99939,100,100097,100,99932,100,100134,100,99917,100,100136,100,99903,100
2019-06-28 09:30:00.000000061,100006,200,99997,100,100017,100,99968,300,100021,100,99956,200,100025,100,99953,100,100031,100,99949,100,100052,100,99939,100,100072,100,99932,100,100097,100,99917,100,100134,100,99903,100,100136,100,99857,100
2019-06-28 09:30:00.000000062,100006,200,99997,100,100017,100,99968,300,100021,100,99956,200,100025,100,99953,100,100031,100,99949,100,100052,100,99940,100,100072,100,99939,100,100097,100,99932,100,100134,100,99917,100,100136,100,99903,100
2019-06-28 09:30:00.000000066,100006,200,99997,100,100017,100,99968,300,100021,100,99956,200,100025,100,99953,100,100031,100,99949,100,100052,100,99940,100,100072,100,99939,100,100097,100,99932,100,100120,100,99917,100,100124,100,99903,100
2019-06-28 09:30:00.000000067,100006,200,99997,100,100017,100,99968,300,100021,100,99956,200,100025,100,99953,100,100031,100,99949,100,100052,100,99940,100,100072,100,99939,100,100087,100,99932,100,100097,100,99917,100,100120,100,99903,100
2019-06-28 09:30:00.000000069,100006,200,99997,100,100017,100,99968,300,100021,100,99956,200,100025,100,99953,100,100031,100,99949,100,100052,100,99940,100,100072,100,99939,100,100087,100,99932,100,100097,100,99917,100,100120,100,99903,100
2019-06-28 09:30:00.000000072,100006,200,99997,100,100017,100,99968,300,100021,100,99956,200,100025,100,99953,100,100031,100,99949,100,100036,100,99940,100,100052,100,99939,100,100072,100,99932,100,100087,100,99917,100,100097,100,99903,100
2019-06-28 09:30:00.000000074,100006,200,99997,100,100017,100,99968,300,100021,100,99956,200,100025,100,99953,100,100031,100,99949,100,100036,100,99940,100,100052,100,99939,100,100072,100,99932,100,100087,100,99917,100,100097,100,99903,100
2019-06-28 09:30:00.000000077,100006,200,99997,100,100017,100,99968,300,100021,100,99956,200,100025,100,99953,100,100031,100,99949,100,100036,100,99940,100,100052,100,99939,100,100072,100,99932,100,100087,100,99917,100,100097,100,99903,100
2019-06-28 09:30:00.000000078,100006,200,99997,100,100017,100,99968,300,100021,100,99956,200,100025,100,99953,100,100031,100,99949,100,100036,100,99940,100,100052,100,99939,100,100072,100,99932,100,100087,100,99917,100,100097,100,99903,100
2019-06-28 09:30:00.000000080,100006,200,99997,100,100017,100,99968,300,100021,100,99956,200,100025,100,99953,100,100031,100,99949,100,100036,100,99940,100,100052,100,99939,100,100072,100,99932,100,100087,100,99921,100,100097,100,99917,100
2019-06-28 09:30:00.000000081,100006,200,99997,100,100017,100,99968,300,100021,100,99956,200,100025,100,99953,100,100031,100,99950,100,100036,100,99949,100,100052,100,99940,100,100072,100,99939,100,100087,100,99932,100,100097,100,99921,100
2019-06-28 09:30:00.000000082,100006,200,99997,100,100017,100,99968,300,100021,100,99956,200,100023,100,99953,100,100025,100,99950,100,100031,100,99949,100,100036,100,99940,100,100052,100,99939,100,100072,100,99932,100,100087,100,99921,100
2019-06-28 09:30:00.000000083,100006,200,99968,300,100017,100,99956,200,100021,100,99953,100,100023,100,99950,100,100025,100,99949,100,100031,100,99940,100,100036,100,99939,100,100052,100,99932,100,100072,100,99921,100,100087,100,99917,100
2019-06-28 09:30:00.000000085,100006,200,99968,300,100017,100,99956,200,100021,100,99953,100,100023,100,99950,100,100025,100,99949,100,100031,100,99940,100,100036,100,99939,100,100052,100,99932,100,100072,100,99921,100,100087,100,99917,100
2019-06-28 09:30:00.000000086,100006,200,99997,100,100017,100,99968,300,100021,100,99956,200,100023,100,99953,100,100025,100,99950,100,100031,100,99949,100,100036,100,99940,100,100052,100,99939,100,100072,100,99932,100,100087,100,99921,100
2019-06-28 09:30:00.000000088,100006,200,99997,100,100017,100,99968,300,100021,100,99956,200,100023,100,99953,100,100025,100,99950,100,100031,100,99949,100,100036,100,99940,100,100052,100,99939,100,100072,100,99932,100,100084,100,99921,100
2019-06-28 09:30:00.000000089,100006,200,99997,100,100017,100,99968,300,100021,100,99956,200,100023,100,99953,100,100025,100,99950,100,100031,100,99949,100,100036,100,99940,100,100052,100,99939,100,100072,100,99932,100,100084,100,99921,100
2019-06-28 09:30:00.000000091,100006,200,99997,100,100017,100,99968,300,100021,200,99956,200,100023,100,99953,100,100025,100,99950,100,100031,100,99949,100,100036,100,99940,100,100052,100,99939,100,100072,100,99932,100,100084,100,99921,100
2019-06-28 09:30:00.000000095,100017,100,99997,100,100021,200,99968,300,100023,100,99956,200,100025,100,99953,100,100031,100,99950,100,100036,100,99949,100,100052,100,99940,100,100072,100,99939,100,100084,100,99932,100,100087,100,99921,100
2019-06-28 09:30:00.000000096,100017,100,100006,100,100021,200,99997,100,100023,100,99968,300,100025,100,99956,200,100031,100,99953,100,100036,100,99950,100,100052,100,99949,100,100072,100,99940,100,100084,100,99939,100,100087,100,99932,100
2019-06-28 09:30:00.000000099,100017,100,100006,100,100021,200,99997,100,100023,100,99968,300,100025,100,99956,200,100031,100,99953,100,100036,100,99950,100,100052,100,99949,100,100072,100,99940,100,100084,100,99939,100,100087,100,99932,100
2019-06-28 09:30:10.000000000,100017,173,100006,173,100021,273,99997,173,100023,173,99968,373,100025,173,99956,273,100031,173,99953,173,100036,100,99950,100,100052,100,99949,100,100072,100,99940,100,100084,100,99939,100,100087,100,99932,100
2019-06-28 09:30:20.000000000,100017,192,100006,192,100021,292,99997,192,100023,192,99968,392,100025,192,99956,292,100031,100,99953,100,100036,100,99950,100,100052,100,99949,100,100072,100,99940,100,100084,100,99939,100,100087,100,99932,100
2019-06-28 09:30:30.000000000,100017,283,100006,283,100021,383,99997,283,100023,100,99968,300,100025,100,99956,200,100031,100,99953,100,100036,100,99950,100,100052,100,99949,100,100072,100,99940,100,100084,100,99939,100,100087,100,99932,100
2019-06-28 09:30:36.102153352,100017,283,100006,383,100021,383,99997,283,100023,100,99968,300,100025,100,99956,200,100031,100,99953,100,100036,100,99950,100,100052,100,99949,100,100072,100,99940,100,100084,100,99939,100,100087,100,99932,100
2019-06-28 09:30:40.000000000,100017,466,100006,566,100021,200,99997,100,100023,100,99968,300,100025,100,99956,200,100031,100,99953,100,100036,100,99950,100,100052,100,99949,100,100072,100,99940,100,100084,100,99939,100,100087,100,99932,100
2019-06-28 09:30:50.000000000,100017,283,100006,383,100021,383,99997,283,100023,100,99968,300,100025,100,99956,200,100031,100,99953,100,100036,100,99950,100,100052,100,99949,100,100072,100,99940,100,100084,100,99939,100,100087,100,99932,100
2019-06-28 09:31:00.000000000,100017,466,100006,566,100021,200,99997,100,100023,100,99968,300,100025,100,99956,200,100031,100,99953,100,100036,100,99950,100,100052,100,99949,100,100072,100,99940,100,100084,100,99939,100,100087,100,99932,100
2019-06-28 09:31:00.409351244,100017,466,100006,566,100021,200,100001,100,100023,100,99997,100,100025,100,99968,300,100031,100,99956,200,100036,100,99953,100,100052,100,99950,100,100072,100,99949,100,100084,100,99940,100,100087,100,99939,100
2019-06-28 09:31:10.000000000,100017,466,100006,566,100021,200,100001,100,100023,100,99997,100,100025,100,99968,300,100031,100,99956,200,100036,100,99953,100,100052,100,99950,100,100072,100,99949,100,100084,100,99940,100,100087,100,99939,100
2019-06-28 09:31:16.456438053,100017,366,100006,566,100021,200,100001,100,100023,100,99997,100,100025,100,99968,300,100031,100,99956,100,100036,100,99953,100,100052,100,99950,100,100072,100,99949,100,100084,100,99940,100,100087,100,99939,100
2019-06-28 09:31:19.721529818,100017,366,100006,566,100021,200,100001,100,100023,100,99997,100,100025,100,99968,300,100031,100,99956,100,100036,100,99953,100,100052,100,99950,100,100072,100,99949,100,100084,100,99940,100,100087,100,99939,100
2019-06-28 09:31:20.000000000,100021,273,100006,273,100023,173,100001,173,100025,173,99997,173,100031,173,99968,373,100036,173,99956,173,100052,100,99953,100,100072,100,99950,100,100084,100,99949,100,100087,100,99940,100,100097,100,99939,100
2019-06-28 09:31:25.847513963,100021,173,100006,273,100023,173,100001,173,100025,173,99997,173,100031,173,99968,373,100036,173,99956,173,100052,100,99953,100,100072,100,99950,100,100084,100,99949,100,100087,100,99940,100,100097,100,99939,100
2019-06-28 09:31:30.000000000,100021,224,100006,324,100023,221,100001,221,100025,221,99997,221,100031,100,99968,300,100036,100,99956,100,100052,100,99953,100,100072,100,99950,100,100084,100,99949,100,100087,100,99940,100,100097,100,99939,100
2019-06-28 09:31:39.354838879,100021,224,100006,324,100023,121,100001,221,100025,221,99997,221,100031,100,99968,300,100036,100,99956,100,100052,100,99953,100,100072,100,99950,100,100084,100,99949,100,100087,100,99940,100,100097,100,99939,100
2019-06-28 09:31:40.000000000,100021,192,100006,292,100025,192,100001,192,100031,192,99997,192,100036,192,99968,392,100052,100,99956,100,100072,100,99953,100,100084,100,99950,100,100087,100,99949,100,100097,100,99940,100,100120,100,99939,100
2019-06-28 09:31:50.000000000,100021,466,100006,566,100025,100,100001,100,100031,100,99997,100,100036,100,99968,300,100052,100,99956,100,100072,100,99953,100,100084,100,99950,100,100087,100,99949,100,100097,100,99940,100,100120,100,99939,100
2019-06-28 09:32:00.000000000,100021,466,100006,566,100025,100,100001,100,100031,100,99997,100,100036,100,99968,300,100052,100,99956,100,100072,100,99953,100,100084,100,99950,100,100087,100,99949,100,100097,100,99940,100,100120,100,99939,100
2019-06-28 09:32:10.000000000,100021,283,100006,383,100025,283,100001,283,100031,100,99997,100,100036,100,99968,300,100052,100,99956,100,100072,100,99953,100,100084,100,99950,100,100087,100,99949,100,100097,100,99940,100,100120,100,99939,100
2019-06-28 09:32:18.785437716,100021,283,100007,100,100025,283,100006,383,100031,100,100001,283,100036,100,99997,100,100052,100,99968,300,100072,100,99956,100,100084,100,99953,100,100087,100,99950,100,100097,100,99949,100,100120,100,99940,100
2019-06-28 09:32:20.000000000,100021,466,100007,466,100025,100,100006,200,100031,100,100001,100,100036,100,99997,100,100052,100,99968,300,100072,100,99956,100,100084,100,99953,100,100087,100,99950,100,100097,100,99949,100,100120,100,99940,100
2019-06-28 09:32:30.000000000,100021,224,100007,224,100025,221,100006,321,100031,221,100001,221,100036,100,99997,100,100052,100,99968,300,100072,100,99956,100,100084,100,99953,100,100087,100,99950,100,100097,100,99949,100,100120,100,99940,100
2019-06-28 09:32:40.000000000,100021,283,100007,283,100025,283,100006,383,100031,100,100001,100,100036,100,99997,100,100052,100,99968,300,100072,100,99956,100,100084,100,99953,100,100087,100,99950,100,100097,100,99949,100,100120,100,99940,100
2019-06-28 09:32:40.576802396,100021,183,100007,283,100025,283,100006,383,100031,100,100001,100,100036,100,99997,100,100052,100,99968,300,100072,100,99956,100,100084,100,99953,100,100087,100,99950,100,100097,100,99949,100,100120,100,99940,100
2019-06-28 09:32:44.477858989,100021,183,100007,283,100025,283,100006,383,100031,100,100001,100,100036,100,99997,100,100052,100,99968,300,100072,100,99956,100,100084,100,99953,100,100087,100,99950,100,100097,100,99949,100,100120,100,99940,100
2019-06-28 09:32:50.000000000,100025,173,100007,173,100031,173,100006,273,100036,173,100001,173,100052,173,99997,173,100072,173,99968,373,100084,100,99956,100,100087,100,99953,100,100097,100,99950,100,100120,100,99949,100,100124,100,99940,100
2019-06-28 09:33:00.000000000,100025,192,100007,192,100031,192,100006,292,100036,192,100001,192,100052,192,99997,192,100072,100,99968,300,100084,100,99956,100,100087,100,99953,100,100097,100,99950,100,100120,100,99949,100,100124,100,99940,100
2019-06-28 09:33:03.022919406,100025,192,100017,100,100031,192,100007,192,100036,192,100006,292,100052,192,100001,192,100072,100,99997,192,100084,100,99968,300,100087,100,99956,100,100097,100,99953,100,100120,100,99950,100,100124,100,99949,100
2019-06-28 09:33:10.000000000,100025,173,100017,173,100031,173,100007,173,100036,173,100006,273,100052,173,100001,173,100072,173,99997,173,100084,100,99968,300,100087,100,99956,100,100097,100,99953,100,100120,100,99950,100,100124,100,99949,100
2019-06-28 09:33:14.380408181,100025,73,100017,173,100031,173,100007,173,100036,173,100006,273,100052,173,100001,173,100072,173,99997,173,100084,100,99968,300,100087,100,99956,100,100097,100,99953,100,100120,100,99950,100,100124,100,99949,100
2019-06-28 09:33:20.000000000,100031,224,100017,224,100036,221,100007,221,100052,221,100006,321,100072,100,100001,100,100084,100,99997,100,100087,100,99968,300,100097,100,99956,100,100120,100,99953,100,100124,100,99950,100,100131,100,99949,100
2019-06-28 09:33:24.117438619,100031,124,100017,224,100036,221,100007,221,100052,221,100006,321,100072,100,100001,100,100084,100,99997,100,100087,100,99968,300,100097,100,99956,100,100120,100,99953,100,100124,100,99950,100,100131,100,99949,100
2019-06-28 09:33:30.000000000,100036,173,100017,173,100052,173,100007,173,100072,173,100006,273,100084,173,100001,173,100087,173,99997,173,100097,100,99968,300,100120,100,99956,100,100124,100,99953,100,100131,100,99950,100,100134,100,99949,100
2019-06-28 09:33:40.000000000,100036,283,100017,283,100052,283,100007,283,100072,100,100006,200,100084,100,100001,100,100087,100,99997,100,100097,100,99968,300,100120,100,99956,100,100124,100,99953,100,100131,100,99950,100,100134,100,99949,100
2019-06-28 09:33:50.000000000,100036,466,100017,466,100052,100,100007,100,100072,100,100006,200,100084,100,100001,100,100087,100,99997,100,100097,100,99968,300,100120,100,99956,100,100124,100,99953,100,100131,100,99950,100,100134,100,99949,100
2019-06-28 09:33:52.850804436,100036,466,100017,466,100052,100,100007,100,100072,100,100006,200,100084,100,100001,100,100087,100,99997,100,100097,100,99968,300,100120,100,99956,100,100124,100,99953,100,100131,100,99950,100,100134,100,99949,100
2019-06-28 09:34:00.000000000,100036,283,100017,283,100052,283,100007,283,100072,100,100006,200,100084,100,100001,100,100087,100,99997,100,100097,100,99968,300,100120,100,99956,100,100124,100,99953,100,100131,100,99950,100,100134,100,99949,100
2019-06-28 09:34:03.343574077,100036,283,100017,283,100052,283,100007,283,100072,100,100006,200,100084,100,100001,100,100087,100,99997,100,100097,100,99968,300,100120,100,99953,100,100124,100,99950,100,100131,100,99949,100,100134,100,99939,100
2019-06-28 09:34:10.000000000,100036,224,100017,224,100052,221,100007,221,100072,221,100006,321,100084,100,100001,100,100087,100,99997,100,100097,100,99968,300,100120,100,99953,100,100124,100,99950,100,100131,100,99949,100,100134,100,99939,100
2019-06-28 09:34:20.000000000,100036,283,100017,283,100052,283,100007,283,100072,100,100006,200,100084,100,100001,100,100087,100,99997,100,100097,100,99968,300,100120,100,99953,100,100124,100,99950,100,100131,100,99949,100,100134,100,99939,100
2019-06-28 09:34:30.000000000,100036,192,100017,192,100052,192,100007,192,100072,192,100006,292,100084,192,100001,192,100087,100,99997,100,100097,100,99968,300,100120,100,99953,100,100124,100,99950,100,100131,100,99949,100,100134,100,99939,100
2019-06-28 09:34:33.080216737,100036,192,100025,100,100052,192,100017,192,100072,192,100007,192,100084,192,100006,292,100087,100,100001,192,100097,100,99997,100,100120,100,99968,300,100124,100,99953,100,100131,100,99950,100,100134,100,99949,100
2019-06-28 09:34:40.000000000,100036,173,100025,173,100052,173,100017,173,100072,173,100007,173,100084,173,100006,273,100087,173,100001,173,100097,100,99997,100,100120,100,99968,300,100124,100,99953,100,100131,100,99950,100,100134,100,99949,100
2019-06-28 09:34:50.000000000,100036,283,100025,283,100052,283,100017,283,100072,100,100007,100,100084,100,100006,200,100087,100,100001,100,100097,100,99997,100,100120,100,99968,300,100124,100,99953,100,100131,100,99950,100,100134,100,99949,100
2019-06-28 09:34:57.434808721,100036,183,100025,283,100052,283,100017,283,100072,100,100007,100,100084,100,100006,200,100087,100,100001,100,100097,100,99997,100,100120,100,99968,300,100124,100,99953,100,100131,100,99950,100,100134,100,99949,100
2019-06-28 09:34:58.095428526,100036,83,100025,283,100052,183,100017,283,100072,100,100007,100,100084,100,100006,200,100087,100,100001,100,100097,100,99997,100,100120,100,99968,300,100124,100,99953,100,100131,100,99950,100,100134,100,99949,100
2019-06-28 09:35:00.000000000,100072,466,100025,466,100084,100,100017,100,100087,100,100007,100,100097,100,100006,200,100120,100,100001,100,100124,100,99997,100,100131,100,99968,300,100134,100,99953,100,100136,100,99950,100,100139,100,99949,100
2019-06-28 09:35:06.392893592,100072,366,100025,466,100084,100,100017,100,100087,100,100007,100,100097,100,100006,200,100120,100,100001,100,100124,100,99997,100,100131,100,99968,300,100136,100,99953,100,100139,100,99950,100,100178,100,99949,100
2019-06-28 09:35:10.000000000,100084,466,100025,466,100087,100,100017,100,100097,100,100007,100,100120,100,100006,200,100124,100,100001,100,100131,100,99997,100,100136,100,99968,300,100139,100,99953,100,100178,100,99950,100,100196,100,99949,100
2019-06-28 09:35:14.496894106,100084,466,100025,466,100087,100,100017,100,100097,100,100007,100,100120,100,100006,200,100124,100,100001,100,100131,100,99997,100,100136,100,99968,300,100139,100,99953,100,100178,100,99950,100,100196,100,99949,100
2019-06-28 09:35:18.170479329,100084,466,100025,466,100087,100,100017,100,100097,100,100007,100,100120,100,100006,200,100124,100,100001,100,100131,100,99997,100,100136,100,99968,300,100139,100,99953,100,100178,100,99950,100,100196,100,99949,100
2019-06-28 09:35:20.000000000,100084,283,100025,283,100087,283,100017,283,100097,100,100007,100,100120,100,100006,200,100124,100,100001,100,100131,100,99997,100,100136,100,99968,300,100139,100,99953,100,100178,100,99950,100,100196,100,99949,100
2019-06-28 09:35:27.233018139,100084,283,100025,283,100087,283,100017,283,100097,100,100007,100,100120,100,100006,200,100124,100,100001,100,100131,100,99997,100,100136,100,99968,300,100139,100,99953,100,100178,100,99950,100,100196,100,99949,100
2019-06-28 09:35:30.000000000,100084,466,100025,466,100087,100,100017,100,100097,100,100007,100,100120,100,100006,200,100124,100,100001,100,100131,100,99997,100,100136,100,99968,300,100139,100,99953,100,100178,100,99950,100,100196,100,99949,100
2019-06-28 09:35:30.269271820,100084,466,100025,466,100087,100,100017,100,100097,100,100007,100,100120,100,100006,200,100124,100,100001,100,100131,100,99997,100,100136,100,99968,300,100139,100,99953,100,100178,100,99950,100,100196,100,99949,100
2019-06-28 09:35:40.000000000,100084,224,100025,224,100087,221,100017,221,100097,221,100007,221,100120,100,100006,200,100124,100,100001,100,100131,100,99997,100,100136,100,99968,300,100139,100,99953,100,100178,100,99950,100,100196,100,99949,100
2019-06-28 09:35:48.760094368,100084,224,100036,100,100087,221,100025,224,100097,221,100017,221,100120,100,100007,221,100124,100,100006,200,100131,100,100001,100,100136,100,99997,100,100139,100,99968,300,100178,100,99953,100,100196,100,99950,100
2019-06-28 09:35:50.000000000,100084,283,100036,283,100087,283,100025,283,100097,100,100017,100,100120,100,100007,100,100124,100,100006,200,100131,100,100001,100,100136,100,99997,100,100139,100,99968,300,100178,100,99953,100,100196,100,99950,100
2019-06-28 09:36:00.000000000,100084,466,100036,466,100087,100,100025,100,100097,100,100017,100,100120,100,100007,100,100124,100,100006,200,100131,100,100001,100,100136,100,99997,100,100139,100,99968,300,100178,100,99953,100,100196,100,99950,100
2019-06-28 09:36:00.624988185,100084,366,100036,466,100087,100,100025,100,100097,100,100017,100,100120,100,100007,100,100124,100,100006,200,100131,100,100001,100,100136,100,99997,100,100139,100,99968,300,100178,100,99953,100,100196,100,99950,100
2019-06-28 09:36:10.000000000,100087,283,100036,283,100097,283,100025,283,100120,100,100017,100,100124,100,100007,100,100131,100,100006,200,100136,100,100001,100,100139,100,99997,100,100178,100,99968,300,100196,100,99953,100,100262,100,99950,100
2019-06-28 09:36:10.455030463,100087,283,100072,100,100097,283,100036,283,100120,100,100025,283,100124,100,100017,100,100131,100,100007,100,100136,100,100006,200,100139,100,100001,100,100178,100,99997,100,100196,100,99968,300,100262,100,99953,100
2019-06-28 09:36:20.000000000,100087,466,100072,466,100097,100,100036,100,100120,100,100025,100,100124,100,100017,100,100131,100,100007,100,100136,100,100006,200,100139,100,100001,100,100178,100,99997,100,100196,100,99968,300,100262,100,99953,100
2019-06-28 09:36:22.252251736,100087,366,100072,466,100097,100,100036,100,100120,100,100025,100,100124,100,100017,100,100131,100,100007,100,100136,100,100006,200,100139,100,100001,100,100178,100,99997,100,100196,100,99968,300,100262,100,99953,100
2019-06-28 09:36:30.000000000,100097,224,100072,224,100120,221,100036,221,100124,221,100025,221,100131,100,100017,100,100136,100,100007,100,100139,100,100006,200,100178,100,100001,100,100196,100,99997,100,100262,100,99968,300,100300,100,99953,100
2019-06-28 09:36:40.000000000,100097,192,100072,192,100120,192,100036,192,100124,192,100025,192,100131,192,100017,192,100136,100,100007,100,100139,100,100006,200,100178,100,100001,100,100196,100,99997,100,100262,100,99968,300,100300,100,99953,100
2019-06-28 09:36:50.000000000,100097,192,100072,192,100120,192,100036,192,100124,192,100025,192,100131,192,100017,192,100136,100,100007,100,100139,100,100006,200,100178,100,100001,100,100196,100,99997,100,100262,100,99968,300,100300,100,99953,100
2019-06-28 09:37:00.000000000,100097,192,100072,192,100120,192,100036,192,100124,192,100025,192,100131,192,100017,192,100136,100,100007,100,100139,100,100006,200,100178,100,100001,100,100196,100,99997,100,100262,100,99968,300,100300,100,99953,100
2019-06-28 09:37:02.011308232,100097,92,100072,192,100120,192,100036,192,100124,192,100025,192,100131,192,100017,192,100136,100,100007,100,100139,100,100006,200,100196,100,100001,100,100262,100,99997,100,100300,100,99968,300,100386,100,99953,100
2019-06-28 09:37:04.182208821,100097,92,100087,100,100120,192,100072,192,100124,192,100036,192,100131,192,100025,192,100136,100,100017,192,100139,100,100007,100,100196,100,100006,200,100262,100,100001,100,100300,100,99997,100,100386,100,99968,300
2019-06-28 09:37:10.000000000,100120,192,100087,192,100124,192,100072,192,100131,192,100036,192,100136,192,100025,192,100139,100,100017,100,100196,100,100007,100,100262,100,100006,200,100300,100,100001,100,100386,100,99997,100,100407,100,99968,300
2019-06-28 09:37:14.517169388,100120,192,100087,292,100124,192,100072,192,100131,192,100036,192,100136,192,100025,192,100139,100,100017,100,100196,100,100007,100,100262,100,100006,200,100300,100,100001,100,100386,100,99997,100,100407,100,99968,300
2019-06-28 09:37:17.912201316,100120,192,100087,292,100124,192,100072,192,100131,92,100036,192,100136,192,100025,192,100139,100,100017,100,100196,100,100007,100,100262,100,100006,200,100300,100,100001,100,100386,100,99997,100,100407,100,99968,300
2019-06-28 09:37:20.000000000,100120,192,100087,292,100124,192,100072,192,100136,192,100036,192,100139,192,100025,192,100196,100,100017,100,100262,100,100007,100,100300,100,100006,200,100386,100,100001,100,100407,100,99997,100,100530,100,99968,300
2019-06-28 09:37:22.426184668,100120,192,100087,292,100124,192,100072,192,100136,192,100036,192,100139,192,100025,192,100196,100,100017,100,100262,100,100007,100,100300,100,100006,200,100386,100,100001,100,100407,100,99997,100,100530,100,99968,300
2019-06-28 09:37:24.280639416,100120,192,100087,392,100124,192,100072,192,100136,192,100036,192,100139,192,100025,192,100196,100,100017,100,100262,100,100006,200,100300,100,100001,100,100386,100,99997,100,100407,100,99968,300,100530,100,99953,100
2019-06-28 09:37:24.525240528,100120,92,100087,392,100124,192,100072,192,100136,192,100036,192,100139,192,100025,192,100196,100,100017,100,100262,100,100006,200,100300,100,100001,100,100386,100,99997,100,100407,100,99968,300,100530,100,99953,100
2019-06-28 09:37:28.424222849,100124,192,100120,8,100136,192,100087,392,100139,192,100072,192,100196,100,100036,192,100262,100,100025,192,100300,100,100017,100,100386,100,100006,200,100407,100,100001,100,100530,100,99997,100,100553,100,99968,300
2019-06-28 09:37:30.000000000,100124,466,100120,374,100136,100,100087,300,100139,100,100072,100,100196,100,100036,100,100262,100,100025,100,100300,100,100017,100,100386,100,100006,200,100407,100,100001,100,100530,100,99997,100,100553,100,99968,300
2019-06-28 09:37:35.082924495,100124,366,100120,374,100136,100,100087,300,100139,100,100072,100,100196,100,100036,100,100262,100,100025,100,100300,100,100017,100,100386,100,100006,200,100407,100,100001,100,100530,100,99997,100,100553,100,99968,300
2019-06-28 09:37:36.762831585,100124,366,100120,374,100136,100,100087,300,100139,100,100072,100,100196,100,100036,100,100262,100,100025,100,100300,100,100017,100,100386,100,100006,200,100407,100,100001,100,100433,100,99997,100,100530,100,99968,300
2019-06-28 09:37:40.000000000,100136,173,100120,81,100139,173,100087,373,100196,173,100072,173,100262,173,100036,173,100300,173,100025,173,100386,100,100017,100,100407,100,100006,200,100433,100,100001,100,100530,100,99997,100,100553,100,99968,300
2019-06-28 09:37:50.000000000,100136,224,100120,132,100139,221,100087,421,100196,221,100072,221,100262,100,100036,100,100300,100,100025,100,100386,100,100017,100,100407,100,100006,200,100433,100,100001,100,100530,100,99997,100,100553,100,99968,300
2019-06-28 09:38:00.000000000,100136,283,100120,191,100139,283,100087,483,100196,100,100072,100,100262,100,100036,100,100300,100,100025,100,100386,100,100017,100,100407,100,100006,200,100433,100,100001,100,100530,100,99997,100,100553,100,99968,300
2019-06-28 09:38:05.180364513,100123,100,100120,191,100136,283,100087,483,100139,283,100072,100,100196,100,100036,100,100262,100,100025,100,100300,100,100017,100,100386,100,100006,200,100407,100,100001,100,100433,100,99997,100,100530,100,99968,300
2019-06-28 09:38:10.000000000,100123,466,100120,374,100136,100,100087,300,100139,100,100072,100,100196,100,100036,100,100262,100,100025,100,100300,100,100017,100,100386,100,100006,200,100407,100,100001,100,100433,100,99997,100,100530,100,99968,300
2019-06-28 09:38:13.548398473,100123,566,100120,374,100136,100,100087,200,100139,100,100072,100,100196,100,100036,100,100262,100,100025,100,100300,100,100017,100,100386,100,100006,200,100407,100,100001,100,100433,100,99997,100,100530,100,99968,300
2019-06-28 09:38:20.000000000,100123,273,100120,81,100136,173,100087,273,100139,173,100072,173,100196,173,100036,173,100262,173,100025,173,100300,100,100017,100,100386,100,100006,200,100407,100,100001,100,100433,100,99997,100,100530,100,99968,300
2019-06-28 09:38:28.091263942,100123,273,100121,100,100136,173,100120,81,100139,173,100087,273,100196,173,100072,173,100262,173,100036,173,100300,100,100025,173,100386,100,100017,100,100407,100,100006,200,100433,100,100001,100,100530,100,99997,100
2019-06-28 09:38:30.000000000,100123,273,100121,173,100136,173,100120,81,100139,173,100087,273,100196,173,100072,173,100262,173,100036,173,100300,100,100025,100,100386,100,100017,100,100407,100,100006,200,100433,100,100001,100,100530,100,99997,100
2019-06-28 09:38:40.000000000,100123,292,100121,192,100136,192,100120,100,100139,192,100087,292,100196,192,100072,192,100262,100,100036,100,100300,100,100025,100,100386,100,100017,100,100407,100,100006,200,100433,100,100001,100,100530,100,99997,100
2019-06-28 09:38:50.000000000,100123,566,100121,466,100136,100,100120,8,100139,100,100087,200,100196,100,100072,100,100262,100,100036,100,100300,100,100025,100,100386,100,100017,100,100407,100,100006,200,100433,100,100001,100,100530,100,99997,100
2019-06-28 09:39:00.000000000,100123,324,100121,224,100136,221,100120,129,100139,221,100087,321,100196,100,100072,100,100262,100,100036,100,100300,100,100025,100,100386,100,100017,100,100407,100,100006,200,100433,100,100001,100,100530,100,99997,100
2019-06-28 09:39:10.000000000,100123,292,100121,192,100136,192,100120,100,100139,192,100087,292,100196,192,100072,192,100262,100,100036,100,100300,100,100025,100,100386,100,100017,100,100407,100,100006,200,100433,100,100001,100,100530,100,99997,100
2019-06-28 09:39:16.604360485,100123,192,100121,192,100136,192,100120,100,100139,192,100087,292,100196,192,100072,192,100262,100,100036,100,100300,100,100025,100,100386,100,100017,100,100407,100,100006,200,100433,100,100001,100,100530,100,99997,100
2019-06-28 09:39:17.802901384,100123,192,100121,292,100136,192,100120,100,100139,192,100087,292,100196,192,100072,192,100262,100,100036,100,100300,100,100025,100,100386,100,100017,100,100407,100,100006,100,100433,100,100001,100,100530,100,99997,100
2019-06-28 09:39:20.000000000,100123,283,100121,383,100136,283,100120,191,100139,100,100087,200,100196,100,100072,100,100262,100,100036,100,100300,100,100025,100,100386,100,100017,100,100407,100,100006,100,100433,100,100001,100,100530,100,99997,100
2019-06-28 09:39:30.000000000,100123,283,100121,383,100136,283,100120,191,100139,100,100087,200,100196,100,100072,100,100262,100,100036,100,100300,100,100025,100,100386,100,100017,100,100407,100,100006,100,100433,100,100001,100,100530,100,99997,100
2019-06-28 09:39:40.000000000,100123,224,100121,324,100136,221,100120,129,100139,221,100087,321,100196,100,100072,100,100262,100,100036,100,100300,100,100025,100,100386,100,100017,100,100407,100,100006,100,100433,100,100001,100,100530,100,99997,100
2019-06-28 09:39:50.000000000,100123,224,100121,324,100136,221,100120,129,100139,221,100087,321,100196,100,100072,100,100262,100,100036,100,100300,100,100025,100,100386,100,100017,100,100407,100,100006,100,100433,100,100001,100,100530,100,99997,100
2019-06-28 09:40:00.000000000,100123,466,100121,566,100136,100,100120,8,100139,100,100087,200,100196,100,100072,100,100262,100,100036,100,100300,100,100025,100,100386,100,100017,100,100407,100,100006,100,100433,100,100001,100,100530,100,99997,100
2019-06-28 09:40:08.282565711,100123,366,100121,566,100136,100,100120,8,100139,100,100087,200,100196,100,100072,100,100262,100,100036,100,100300,100,100025,100,100386,100,100017,100,100407,100,100006,100,100433,100,100001,100,100530,100,99997,100
2019-06-28 09:40:10.000000000,100136,466,100121,566,100139,100,100120,8,100196,100,100087,200,100262,100,100072,100,100300,100,100036,100,100386,100,100025,100,100407,100,100017,100,100433,100,100006,100,100530,100,100001,100,100553,100,99997,100
2019-06-28 09:40:20.000000000,100136,224,100121,324,100139,221,100120,129,100196,221,100087,321,100262,100,100072,100,100300,100,100036,100,100386,100,100025,100,100407,100,100017,100,100433,100,100006,100,100530,100,100001,100,100553,100,99997,100
2019-06-28 09:40:25.517622221,100136,224,100121,324,100139,221,100120,129,100196,221,100087,321,100262,100,100072,100,100300,100,100036,100,100386,100,100025,100,100407,100,100017,100,100433,100,100006,100,100530,100,100001,100,100553,100,99997,100
2019-06-28 09:40:30.000000000,100136,224,100121,324,100139,221,100120,129,100196,221,100087,321,100262,100,100072,100,100300,100,100036,100,100386,100,100025,100,100407,100,100017,100,100433,100,100006,100,100530,100,100001,100,100553,100,99997,100
2019-06-28 09:40:40.000000000,100136,192,100121,292,100139,192,100120,100,100196,192,100087,292,100262,192,100072,192,100300,100,100036,100,100386,100,100025,100,100407,100,100017,100,100433,100,100006,100,100530,100,100001,100,100553,100,99997,100
2019-06-28 09:40:50.000000000,100136,283,100121,383,100139,283,100120,191,100196,100,100087,200,100262,100,100072,100,100300,100,100036,100,100386,100,100025,100,100407,100,100017,100,100433,100,100006,100,100530,100,100001,100,100553,100,99997,100
2019-06-28 09:41:00.000000000,100136,192,100121,292,100139,192,100120,100,100196,192,100087,292,100262,192,100072,192,100300,100,100036,100,100386,100,100025,100,100407,100,100017,100,100433,100,100006,100,100530,100,100001,100,100553,100,99997,100
2019-06-28 09:41:05.993479187,100136,192,100121,292,100139,192,100120,100,100196,192,100087,292,100262,192,100072,192,100300,100,100036,100,100386,100,100025,100,100407,100,100017,100,100433,100,100006,100,100530,100,100001,100,100553,100,99997,100
2019-06-28 09:41:10.000000000,100136,192,100121,292,100139,192,100120,100,100196,192,100087,292,100262,192,100072,192,100300,100,100036,100,100386,100,100025,100,100407,100,100017,100,100433,100,100006,100,100530,100,100001,100,100553,100,99997,100
2019-06-28 09:41:20.000000000,100136,283,100121,383,100139,283,100120,191,100196,100,100087,200,100262,100,100072,100,100300,100,100036,100,100386,100,100025,100,100407,100,100017,100,100433,100,100006,100,100530,100,100001,100,100553,100,99997,100
2019-06-28 09:41:21.961119647,100136,283,100123,100,100139,283,100121,383,100196,100,100120,191,100262,100,100087,200,100300,100,100072,100,100386,100,100036,100,100407,100,100025,100,100433,100,100017,100,100530,100,100006,100,100553,100,100001,100
2019-06-28 09:41:30.000000000,100136,192,100123,192,100139,192,100121,292,100196,192,100120,100,100262,192,100087,292,100300,100,100072,100,100386,100,100036,100,100407,100,100025,100,100433,100,100017,100,100530,100,100006,100,100553,100,100001,100
2019-06-28 09:41:40.000000000,100136,173,100123,173,100139,173,100121,273,100196,173,100120,81,100262,173,100087,273,100300,173,100072,173,100386,100,100036,100,100407,100,100025,100,100433,100,100017,100,100530,100,100006,100,100553,100,100001,100
2019-06-28 09:41:50.000000000,100136,224,100123,224,100139,221,100121,321,100196,221,100120,129,100262,100,100087,200,100300,100,100072,100,100386,100,100036,100,100407,100,100025,100,100433,100,100017,100,100530,100,100006,100,100553,100,100001,100
2019-06-28 09:42:00.000000000,100136,224,100123,224,100139,221,100121,321,100196,221,100120,129,100262,100,100087,200,100300,100,100072,100,100386,100,100036,100,100407,100,100025,100,100433,100,100017,100,100530,100,100006,100,100553,100,100001,100
2019-06-28 09:42:07.057285923,100136,124,100123,224,100139,221,100121,321,100196,221,100120,129,100262,100,100087,200,100300,100,100072,100,100386,100,100036,100,100407,100,100025,100,100433,100,100017,100,100530,100,100006,100,100553,100,100001,100
2019-06-28 09:42:10.000000000,100139,224,100123,224,100196,221,100121,321,100262,221,100120,129,100300,100,100087,200,100386,100,100072,100,100407,100,100036,100,100433,100,100025,100,100530,100,100017,100,100553,100,100006,100,100572,100,100001,100
2019-06-28 09:42:20.000000000,100139,173,100123,173,100196,173,100121,273,100262,173,100120,81,100300,173,100087,273,100386,173,100072,173,100407,100,100036,100,100433,100,100025,100,100530,100,100017,100,100553,100,100006,100,100572,100,100001,100
2019-06-28 09:42:30.000000000,100139,466,100123,466,100196,100,100121,200,100262,100,100120,8,100300,100,100087,200,100386,100,100072,100,100407,100,100036,100,100433,100,100025,100,100530,100,100017,100,100553,100,100006,100,100572,100,100001,100
2019-06-28 09:42:35.840327693,100139,466,100123,466,100196,100,100121,200,100262,100,100120,8,100300,100,100087,200,100386,100,100072,100,100407,100,100036,100,100433,100,100025,100,100530,100,100017,100,100553,100,100006,100,100572,100,100001,100
2019-06-28 09:42:36.025290127,100139,366,100123,466,100196,100,100121,200,100262,100,100120,8,100300,100,100087,200,100386,100,100072,100,100407,100,100036,100,100433,100,100025,100,100530,100,100017,100,100553,100,100006,100,100572,100,100001,100
2019-06-28 09:42:40.000000000,100196,283,100123,283,100262,283,100121,383,100300,100,100120,8,100386,100,100087,200,100407,100,100072,100,100433,100,100036,100,100530,100,100025,100,100553,100,100017,100,100572,100,100006,100,100614,100,100001,100
2019-06-28 09:42:46.662255536,100196,283,100123,283,100262,283,100121,383,100300,100,100120,8,100386,100,100087,200,100407,100,100072,100,100433,100,100036,100,100530,100,100025,100,100553,100,100017,100,100572,100,100006,100,100614,100,100001,100
2019-06-28 09:42:50.000000000,100196,466,100123,466,100262,100,100121,200,100300,100,100120,8,100386,100,100087,200,100407,100,100072,100,100433,100,100036,100,100530,100,100025,100,100553,100,100017,100,100572,100,100006,100,100614,100,100001,100
2019-06-28 09:43:00.000000000,100196,466,100123,466,100262,100,100121,200,100300,100,100120,8,100386,100,100087,200,100407,100,100072,100,100433,100,100036,100,100530,100,100025,100,100553,100,100017,100,100572,100,100006,100,100614,100,100001,100
2019-06-28 09:43:03.167206164,100196,466,100123,466,100262,100,100121,200,100300,100,100120,8,100386,100,100087,200,100407,100,100072,100,100433,100,100036,100,100530,100,100025,100,100553,100,100017,100,100572,100,100006,100,100614,100,100001,100
2019-06-28 09:43:10.000000000,100196,283,100123,283,100262,283,100121,383,100300,100,100120,8,100386,100,100087,200,100407,100,100072,100,100433,100,100036,100,100530,100,100025,100,100553,100,100017,100,100572,100,100006,100,100614,100,100001,100
2019-06-28 09:43:11.722040650,100196,183,100123,283,100262,283,100121,383,100300,100,100120,8,100386,100,100087,200,100407,100,100072,100,100433,100,100036,100,100530,100,100025,100,100553,100,100017,100,100572,100,100006,100,100614,100,100001,100
2019-06-28 09:43:16.538533974,100196,183,100139,100,100262,283,100123,283,100300,100,100121,383,100386,100,100120,8,100407,100,100087,100,100433,100,100072,100,100530,100,100036,100,100553,100,100025,100,100572,100,100017,100,100614,100,100006,100
2019-06-28 09:43:20.000000000,100262,466,100139,466,100300,100,100123,100,100386,100,100121,200,100407,100,100120,8,100433,100,100087,100,100530,100,100072,100,100553,100,100036,100,100572,100,100025,100,100614,100,100017,100,100717,100,100006,100
2019-06-28 09:43:30.000000000,100262,283,100139,283,100300,283,100123,283,100386,100,100121,200,100407,100,100120,8,100433,100,100087,100,100530,100,100072,100,100553,100,100036,100,100572,100,100025,100,100614,100,100017,100,100717,100,100006,100
2019-06-28 09:43:40.000000000,100262,192,100139,192,100300,192,100123,192,100386,192,100121,292,100407,192,100120,100,100433,100,100087,100,100530,100,100072,100,100553,100,100036,100,100572,100,100025,100,100614,100,100017,100,100717,100,100006,100
2019-06-28 09:43:50.000000000,100262,192,100139,192,100300,192,100123,192,100386,192,100121,292,100407,192,100120,100,100433,100,100087,100,100530,100,100072,100,100553,100,100036,100,100572,100,100025,100,100614,100,100017,100,100717,100,100006,100
2019-06-28 09:43:51.309442764,100262,92,100139,192,100300,192,100123,192,100386,192,100121,292,100407,192,100120,100,100433,100,100087,100,100530,100,100072,100,100553,100,100036,100,100572,100,100025,100,100614,100,100017,100,100717,100,100006,100
2019-06-28 09:44:00.000000000,100300,466,100139,466,100386,100,100123,100,100407,100,100121,200,100433,100,100120,8,100530,100,100087,100,100553,100,100072,100,100572,100,100036,100,100614,100,100025,100,100717,100,100017,100,100764,100,100006,100
2019-06-28 09:44:00.588992351,100300,466,100139,466,100386,100,100123,100,100407,100,100121,200,100433,100,100120,8,100530,100,100087,100,100553,100,100072,100,100572,100,100036,100,100617,100,100025,100,100717,100,100017,100,100764,100,100006,100
2019-06-28 09:44:01.760387414,100300,466,100265,100,100386,100,100139,466,100407,100,100123,100,100433,100,100121,200,100530,100,100120,8,100553,100,100087,100,100572,100,100072,100,100617,100,100036,100,100717,100,100025,100,100764,100,100017,100
2019-06-28 09:44:10.000000000,100300,224,100265,224,100386,221,100139,221,100407,221,100123,221,100433,100,100121,200,100530,100,100120,8,100553,100,100087,100,100572,100,100072,100,100617,100,100036,100,100717,100,100025,100,100764,100,100017,100
2019-06-28 09:44:10.029904804,100300,224,100265,224,100386,221,100196,100,100407,221,100139,221,100433,100,100123,221,100530,100,100121,200,100553,100,100120,8,100572,100,100087,100,100617,100,100072,100,100717,100,100036,100,100764,100,100025,100
2019-06-28 09:44:19.704625908,100300,224,100265,224,100386,221,100196,100,100407,221,100139,221,100433,100,100123,221,100509,100,100121,200,100530,100,100120,8,100553,100,100087,100,100572,100,100072,100,100617,100,100036,100,100717,100,100025,100
2019-06-28 09:44:20.000000000,100300,192,100265,192,100386,192,100196,192,100407,192,100139,192,100433,192,100123,192,100509,100,100121,200,100530,100,100120,8,100553,100,100087,100,100572,100,100072,100,100617,100,100036,100,100717,100,100025,100
2019-06-28 09:44:21.109521189,100300,92,100265,192,100386,192,100196,192,100407,192,100139,192,100433,192,100123,192,100509,100,100121,200,100530,100,100120,8,100553,100,100087,100,100572,100,100072,100,100617,100,100036,100,100717,100,100025,100
2019-06-28 09:44:30.000000000,100386,283,100265,283,100407,283,100196,283,100433,100,100139,100,100509,100,100123,100,100530,100,100121,200,100553,100,100120,8,100572,100,100087,100,100617,100,100072,100,100717,100,100036,100,100764,100,100025,100
2019-06-28 09:44:31.116875597,100386,283,100266,100,100407,283,100265,283,100433,100,100196,283,100509,100,100139,100,100530,100,100123,100,100553,100,100121,200,100572,100,100120,8,100617,100,100087,100,100717,100,100072,100,100764,100,100036,100
2019-06-28 09:44:38.193938966,100386,283,100266,100,100407,283,100265,283,100433,100,100196,283,100499,100,100139,100,100509,100,100123,100,100530,100,100121,200,100553,100,100120,8,100572,100,100087,100,100617,100,100072,100,100717,100,100036,100
2019-06-28 09:44:40.000000000,100386,192,100266,192,100407,192,100265,192,100433,192,100196,192,100499,192,100139,192,100509,100,100123,100,100530,100,100121,200,100553,100,100120,8,100572,100,100087,100,100617,100,100072,100,100717,100,100036,100
2019-06-28 09:44:50.000000000,100386,192,100266,192,100407,192,100265,192,100433,192,100196,192,100499,192,100139,192,100509,100,100123,100,100530,100,100121,200,100553,100,100120,8,100572,100,100087,100,100617,100,100072,100,100717,100,100036,100
2019-06-28 09:44:56.084287455,100386,92,100266,192,100407,192,100265,192,100433,192,100196,192,100499,192,100139,192,100509,100,100123,100,100530,100,100121,200,100553,100,100087,100,100572,100,100072,100,100617,100,100036,100,100717,100,100025,100
2019-06-28 09:45:00.000000000,100407,283,100266,283,100433,283,100265,283,100499,100,100196,100,100509,100,100139,100,100530,100,100123,100,100553,100,100121,200,100572,100,100087,100,100617,100,100072,100,100717,100,100036,100,100764,100,100025,100
2019-06-28 09:45:02.991271535,100407,283,100266,283,100433,283,100265,283,100499,100,100196,100,100509,100,100139,100,100530,100,100123,100,100553,100,100121,100,100572,100,100087,100,100617,100,100072,100,100717,100,100036,100,100764,100,100025,100
2019-06-28 09:45:09.380587758,100407,283,100266,283,100433,283,100265,283,100499,100,100196,100,100509,100,100139,100,100530,100,100123,100,100553,100,100121,100,100572,100,100087,100,100617,100,100072,100,100674,100,100036,100,100717,100,100025,100
2019-06-28 09:45:10.000000000,100407,224,100266,224,100433,221,100265,221,100499,221,100196,221,100509,100,100139,100,100530,100,100123,100,100553,100,100121,100,100572,100,100087,100,100617,100,100072,100,100674,100,100036,100,100717,100,100025,100
2019-06-28 09:45:12.499684851,100407,224,100266,224,100433,221,100265,221,100499,221,100196,221,100509,100,100139,100,100530,100,100123,100,100553,100,100121,100,100572,100,100087,100,100617,100,100072,100,100674,100,100036,100,100717,100,100025,100
2019-06-28 09:45:20.000000000,100407,173,100266,173,100433,173,100265,173,100499,173,100196,173,100509,173,100139,173,100530,173,100123,173,100553,100,100121,100,100572,100,100087,100,100617,100,100072,100,100674,100,100036,100,100717,100,100025,100
2019-06-28 09:45:30.000000000,100407,466,100266,466,100433,100,100265,100,100499,100,100196,100,100509,100,100139,100,100530,100,100123,100,100553,100,100121,100,100572,100,100087,100,100617,100,100072,100,100674,100,100036,100,100717,100,100025,100
2019-06-28 09:45:40.000000000,100407,224,100266,224,100433,221,100265,221,100499,221,100196,221,100509,100,100139,100,100530,100,100123,100,100553,100,100121,100,100572,100,100087,100,100617,100,100072,100,100674,100,100036,100,100717,100,100025,100
2019-06-28 09:45:50.000000000,100407,224,100266,224,100433,221,100265,221,100499,221,100196,221,100509,100,100139,100,100530,100,100123,100,100553,100,100121,100,100572,100,100087,100,100617,100,100072,100,100674,100,100036,100,100717,100,100025,100
2019-06-28 09:45:55.539181334,100271,100,100266,224,100407,224,100265,221,100433,221,100196,221,100499,221,100139,100,100509,100,100123,100,100530,100,100121,100,100553,100,100087,100,100572,100,100072,100,100617,100,100036,100,100674,100,100025,100
2019-06-28 09:46:00.000000000,100271,173,100266,173,100407,173,100265,173,100433,173,100196,173,100499,173,100139,173,100509,173,100123,173,100530,100,100121,100,100553,100,100087,100,100572,100,100072,100,100617,100,100036,100,100674,100,100025,100
2019-06-28 09:46:01.204974452,100271,173,100266,173,100407,173,100265,173,100433,173,100196,173,100499,173,100139,173,100509,173,100123,173,100530,100,100121,100,100553,100,100087,100,100567,100,100072,100,100572,100,100036,100,100617,100,100025,100
2019-06-28 09:46:10.000000000,100271,224,100266,224,100407,221,100265,221,100433,221,100196,221,100499,100,100139,100,100509,100,100123,100,100530,100,100121,100,100553,100,100087,100,100567,100,100072,100,100572,100,100036,100,100617,100,100025,100
2019-06-28 09:46:19.079840888,100271,224,100266,124,100407,221,100265,221,100433,221,100196,221,100499,100,100139,100,100509,100,100123,100,100530,100,100121,100,100553,100,100087,100,100567,100,100072,100,100572,100,100036,100,100617,100,100025,100
2019-06-28 09:46:20.000000000,100271,192,100265,192,100407,192,100196,192,100433,192,100139,192,100499,192,100123,192,100509,100,100121,100,100530,100,100087,100,100553,100,100072,100,100567,100,100036,100,100572,100,100025,100,100617,100,100017,100
2019-06-28 09:46:26.893058643,100271,92,100265,192,100407,192,100196,192,100433,192,100139,192,100499,192,100123,192,100509,100,100121,100,100530,100,100087,100,100553,100,100072,100,100567,100,100036,100,100572,100,100035,100,100617,100,100025,100
2019-06-28 09:46:30.000000000,100407,192,100265,192,100433,192,100196,192,100499,192,100139,192,100509,192,100123,192,100530,100,100121,100,100553,100,100087,100,100567,100,100072,100,100572,100,100036,100,100617,100,100035,100,100674,100,100025,100
2019-06-28 09:46:40.000000000,100407,283,100265,283,100433,283,100196,283,100499,100,100139,100,100509,100,100123,100,100530,100,100121,100,100553,100,100087,100,100567,100,100072,100,100572,100,100036,100,100617,100,100035,100,100674,100,100025,100
2019-06-28 09:46:50.000000000,100407,224,100265,224,100433,221,100196,221,100499,221,100139,221,100509,100,100123,100,100530,100,100121,100,100553,100,100087,100,100567,100,100072,100,100572,100,100036,100,100617,100,100035,100,100674,100,100025,100
2019-06-28 09:47:00.000000000,100407,283,100265,283,100433,283,100196,283,100499,100,100139,100,100509,100,100123,100,100530,100,100121,100,100553,100,100087,100,100567,100,100072,100,100572,100,100036,100,100617,100,100035,100,100674,100,100025,100
2019-06-28 09:47:10.000000000,100407,224,100265,224,100433,221,100196,221,100499,221,100139,221,100509,100,100123,100,100530,100,100121,100,100553,100,100087,100,100567,100,100072,100,100572,100,100036,100,100617,100,100035,100,100674,100,100025,100
2019-06-28 09:47:19.898247313,100407,224,100265,224,100433,221,100196,221,100499,221,100139,221,100509,100,100123,100,100530,100,100121,100,100553,100,100087,100,100567,100,100072,100,100572,100,100036,100,100617,100,100035,100,100674,100,100025,100
2019-06-28 09:47:20.000000000,100407,283,100265,283,100433,283,100196,283,100499,100,100139,100,100509,100,100123,100,100530,100,100121,100,100553,100,100087,100,100567,100,100072,100,100572,100,100036,100,100617,100,100035,100,100674,100,100025,100
2019-06-28 09:47:30.000000000,100407,173,100265,173,100433,173,100196,173,100499,173,100139,173,100509,173,100123,173,100530,173,100121,173,100553,100,100087,100,100567,100,100072,100,100572,100,100036,100,100617,100,100035,100,100674,100,100025,100
2019-06-28 09:47:37.749703639,100407,173,100265,73,100433,173,100196,173,100499,173,100139,173,100509,173,100123,173,100530,173,100121,173,100553,100,100087,100,100567,100,100072,100,100572,100,100036,100,100617,100,100035,100,100674,100,100025,100
2019-06-28 09:47:40.000000000,100407,224,100196,224,100433,221,100139,221,100499,221,100123,221,100509,100,100121,100,100530,100,100087,100,100553,100,100072,100,100567,100,100036,100,100572,100,100035,100,100617,100,100025,100,100674,100,100017,100
2019-06-28 09:47:50.000000000,100407,192,100196,192,100433,192,100139,192,100499,192,100123,192,100509,192,100121,192,100530,100,100087,100,100553,100,100072,100,100567,100,100036,100,100572,100,100035,100,100617,100,100025,100,100674,100,100017,100
2019-06-28 09:48:00.000000000,100407,283,100196,283,100433,283,100139,283,100499,100,100123,100,100509,100,100121,100,100530,100,100087,100,100553,100,100072,100,100567,100,100036,100,100572,100,100035,100,100617,100,100025,100,100674,100,100017,100
2019-06-28 09:48:10.000000000,100407,224,100196,224,100433,221,100139,221,100499,221,100123,221,100509,100,100121,100,100530,100,100087,100,100553,100,100072,100,100567,100,100036,100,100572,100,100035,100,100617,100,100025,100,100674,100,100017,100
2019-06-28 09:48:11.496258327,100407,124,100196,124,100433,221,100139,221,100499,221,100123,221,100509,100,100121,100,100530,100,100087,100,100553,100,100072,100,100567,100,100036,100,100572,100,100035,100,100617,100,100025,100,100674,100,100017,100
2019-06-28 09:48:16.279716879,100407,124,100196,24,100433,221,100139,221,100499,221,100123,221,100509,100,100121,100,100530,100,100087,100,100553,100,100072,100,100567,100,100036,100,100572,100,100035,100,100617,100,100025,100,100674,100,100017,100
2019-06-28 09:48:17.837141810,100196,76,100139,221,100407,124,100123,221,100433,221,100121,100,100499,221,100087,100,100509,100,100072,100,100530,100,100036,100,100553,100,100035,100,100567,100,100025,100,100572,100,100017,100,100617,100,100006,100
2019-06-28 09:48:20.000000000,100196,168,100139,192,100433,192,100123,192,100499,192,100121,192,100509,192,100087,192,100530,100,100072,100,100553,100,100036,100,100567,100,100035,100,100572,100,100025,100,100617,100,100017,100,100674,100,100006,100
2019-06-28 09:48:29.590307862,100196,268,100139,192,100433,192,100123,192,100499,192,100121,192,100509,192,100087,192,100530,100,100072,100,100553,100,100036,100,100567,100,100035,100,100572,100,100025,100,100617,100,100017,100,100674,100,99968,300
2019-06-28 09:48:30.000000000,100196,542,100139,466,100433,100,100123,100,100499,100,100121,100,100509,100,100087,100,100530,100,100072,100,100553,100,100036,100,100567,100,100035,100,100572,100,100025,100,100617,100,100017,100,100674,100,99968,300
2019-06-28 09:48:32.008244059,100196,642,100139,466,100433,100,100123,100,100499,100,100121,100,100509,100,100087,100,100530,100,100072,100,100553,100,100036,100,100567,100,100035,100,100572,100,100025,100,100617,100,100017,100,100674,100,99968,200
2019-06-28 09:48:32.249837372,100196,642,100139,466,100433,100,100123,100,100499,100,100121,100,100509,100,100087,100,100530,100,100072,100,100553,100,100036,100,100567,100,100035,100,100572,100,100025,100,100617,100,100017,100,100674,100,99968,200
2019-06-28 09:48:40.000000000,100196,368,100139,192,100433,192,100123,192,100499,192,100121,192,100509,192,100087,192,100530,100,100072,100,100553,100,100036,100,100567,100,100035,100,100572,100,100025,100,100617,100,100017,100,100674,100,99968,200
2019-06-28 09:48:50.000000000,100196,368,100139,192,100433,192,100123,192,100499,192,100121,192,100509,192,100087,192,100530,100,100072,100,100553,100,100036,100,100567,100,100035,100,100572,100,100025,100,100617,100,100017,100,100674,100,99968,200
2019-06-28 09:48:53.641004422,100196,368,100139,192,100433,192,100123,192,100499,192,100121,192,100509,192,100087,192,100530,100,100072,100,100553,100,100036,100,100567,100,100035,100,100572,100,100025,100,100617,100,100017,100,100674,100,99968,200
2019-06-28 09:49:00.000000000,100196,349,100139,173,100433,173,100123,173,100499,173,100121,173,100509,173,100087,173,100530,173,100072,173,100553,100,100036,100,100567,100,100035,100,100572,100,100025,100,100617,100,100017,100,100674,100,99968,200
2019-06-28 09:49:04.057137756,100196,349,100139,73,100433,173,100123,173,100499,173,100121,173,100509,173,100087,173,100530,173,100072,173,100553,100,100036,100,100567,100,100035,100,100572,100,100025,100,100617,100,100017,100,100674,100,99968,200
2019-06-28 09:49:10.000000000,100196,368,100123,192,100433,192,100121,192,100499,192,100087,192,100509,192,100072,192,100530,100,100036,100,100553,100,100035,100,100567,100,100025,100,100572,100,100017,100,100617,100,99968,200,100674,100,99953,100
2019-06-28 09:49:10.570914117,100196,368,100123,92,100433,192,100121,192,100499,192,100087,192,100509,192,100072,192,100530,100,100036,100,100553,100,100035,100,100567,100,100025,100,100572,100,100017,100,100617,100,99968,200,100674,100,99953,100
2019-06-28 09:49:14.807986639,100123,8,100121,192,100196,368,100087,192,100433,192,100072,192,100499,192,100036,100,100509,192,100035,100,100530,100,100025,100,100553,100,100017,100,100567,100,99968,200,100572,100,99953,100,100674,100,99932,100
2019-06-28 09:49:20.000000000,100123,100,100121,192,100196,368,100087,192,100433,192,100072,192,100499,192,100036,192,100509,100,100035,100,100530,100,100025,100,100553,100,100017,100,100567,100,99968,200,100572,100,99953,100,100674,100,99932,100
2019-06-28 09:49:30.000000000,100123,100,100121,192,100196,368,100087,192,100433,192,100072,192,100499,192,100036,192,100509,100,100035,100,100530,100,100025,100,100553,100,100017,100,100567,100,99968,200,100572,100,99953,100,100674,100,99932,100
2019-06-28 09:49:40.000000000,100123,100,100121,192,100196,368,100087,192,100433,192,100072,192,100499,192,100036,192,100509,100,100035,100,100530,100,100025,100,100553,100,100017,100,100567,100,99968,200,100572,100,99953,100,100674,100,99932,100
2019-06-28 09:49:48.727318019,100123,100,100121,192,100196,368,100087,192,100433,192,100072,192,100499,192,100036,192,100509,100,100035,100,100530,100,100025,100,100553,100,100017,100,100567,100,99975,100,100572,100,99968,200,100674,100,99953,100
2019-06-28 09:49:50.000000000,100123,191,100121,283,100196,459,100087,283,100433,100,100072,100,100499,100,100036,100,100509,100,100035,100,100530,100,100025,100,100553,100,100017,100,100567,100,99975,100,100572,100,99968,200,100674,100,99953,100
2019-06-28 09:50:00.000000000,100123,191,100121,283,100196,459,100087,283,100433,100,100072,100,100499,100,100036,100,100509,100,100035,100,100530,100,100025,100,100553,100,100017,100,100567,100,99975,100,100572,100,99968,200,100674,100,99953,100
2019-06-28 09:50:09.212449681,100123,191,100121,283,100196,459,100087,283,100433,100,100072,100,100499,100,100036,100,100509,100,100025,100,100530,100,100017,100,100553,100,99975,100,100567,100,99968,200,100572,100,99953,100,100674,100,99932,100
2019-06-28 09:50:10.000000000,100123,132,100121,224,100196,397,100087,221,100433,221,100072,221,100499,100,100036,100,100509,100,100025,100,100530,100,100017,100,100553,100,99975,100,100567,100,99968,200,100572,100,99953,100,100674,100,99932,100
2019-06-28 09:50:13.218819648,100123,132,100121,124,100196,397,100087,221,100433,121,100072,221,100499,100,100036,100,100509,100,100025,100,100530,100,100017,100,100553,100,99975,100,100567,100,99968,200,100572,100,99953,100,100674,100,99932,100
2019-06-28 09:50:20.000000000,100123,100,100087,192,100196,368,100072,192,100499,192,100036,192,100509,192,100025,192,100530,100,100017,100,100553,100,99975,100,100567,100,99968,200,100572,100,99953,100,100674,100,99932,100,100717,100,99921,100
2019-06-28 09:50:30.000000000,100123,374,100087,466,100196,276,100072,100,100499,100,100036,100,100509,100,100025,100,100530,100,100017,100,100553,100,99975,100,100567,100,99968,200,100572,100,99953,100,100674,100,99932,100,100717,100,99921,100
2019-06-28 09:50:35.300596284,100123,374,100087,466,100141,100,100072,100,100196,276,100036,100,100499,100,100025,100,100509,100,100017,100,100530,100,99975,100,100553,100,99968,200,100567,100,99953,100,100572,100,99932,100,100674,100,99921,100
2019-06-28 09:50:36.199055017,100123,374,100087,366,100141,100,100072,100,100196,276,100036,100,100499,100,100025,100,100509,100,100017,100,100530,100,99975,100,100553,100,99968,200,100567,100,99953,100,100572,100,99932,100,100674,100,99921,100
2019-06-28 09:50:40.000000000,100123,374,100072,466,100141,100,100036,100,100196,276,100025,100,100499,100,100017,100,100509,100,99975,100,100530,100,99968,200,100553,100,99953,100,100567,100,99932,100,100572,100,99921,100,100674,100,99828,100
2019-06-28 09:50:50.000000000,100123,100,100072,192,100141,192,100036,192,100196,368,100025,192,100499,192,100017,192,100509,100,99975,100,100530,100,99968,200,100553,100,99953,100,100567,100,99932,100,100572,100,99921,100,100674,100,99828,100
2019-06-28 09:51:00.000000000,100123,132,100072,224,100141,221,100036,221,100196,397,100025,221,100499,100,100017,100,100509,100,99975,100,100530,100,99968,200,100553,100,99953,100,100567,100,99932,100,100572,100,99921,100,100674,100,99828,100
2019-06-28 09:51:10.000000000,100123,374,100072,466,100141,100,100036,100,100196,276,100025,100,100499,100,100017,100,100509,100,99975,100,100530,100,99968,200,100553,100,99953,100,100567,100,99932,100,100572,100,99921,100,100674,100,99828,100
2019-06-28 09:51:11.872577097,100123,374,100072,466,100141,100,100036,100,100196,276,100025,100,100499,100,100017,100,100509,100,99975,100,100530,100,99968,200,100553,100,99953,100,100567,100,99932,100,100572,100,99921,100,100674,100,99828,100
2019-06-28 09:51:20.000000000,100123,100,100072,192,100141,192,100036,192,100196,368,100025,192,100499,192,100017,192,100509,100,99975,100,100530,100,99968,200,100553,100,99953,100,100567,100,99932,100,100572,100,99921,100,100674,100,99828,100
2019-06-28 09:51:27.646004326,100123,100,100072,92,100141,192,100036,192,100196,368,100025,192,100499,192,100017,192,100509,100,99975,100,100530,100,99968,200,100553,100,99953,100,100567,100,99932,100,100572,100,99921,100,100674,100,99828,100
2019-06-28 09:51:30.000000000,100123,132,100036,224,100141,221,100025,221,100196,397,100017,221,100499,100,99975,100,100509,100,99968,200,100530,100,99953,100,100553,100,99932,100,100567,100,99921,100,100572,100,99828,100,100674,100,99638,100
2019-06-28 09:51:33.305586942,100087,100,100036,224,100123,132,100025,221,100141,221,100017,221,100196,397,99975,100,100499,100,99968,200,100509,100,99953,100,100530,100,99932,100,100553,100,99921,100,100567,100,99828,100,100572,100,99638,100
2019-06-28 09:51:40.000000000,100087,224,100036,224,100123,129,100025,221,100141,221,100017,221,100196,276,99975,100,100499,100,99968,200,100509,100,99953,100,100530,100,99932,100,100553,100,99921,100,100567,100,99828,100,100572,100,99638,100
2019-06-28 09:51:50.000000000,100087,283,100036,283,100123,191,100025,283,100141,100,100017,100,100196,276,99975,100,100499,100,99968,200,100509,100,99953,100,100530,100,99932,100,100553,100,99921,100,100567,100,99828,100,100572,100,99638,100
2019-06-28 09:51:53.353434524,100087,283,100036,283,100123,191,100025,283,100141,100,100017,100,100196,276,99975,100,100499,100,99968,200,100509,100,99953,100,100530,100,99932,100,100553,100,99921,100,100567,100,99828,100,100572,100,99638,100
2019-06-28 09:52:00.000000000,100087,224,100036,224,100123,129,100025,221,100141,221,100017,221,100196,276,99975,100,100499,100,99968,200,100509,100,99953,100,100530,100,99932,100,100553,100,99921,100,100567,100,99828,100,100572,100,99638,100
2019-06-28 09:52:10.000000000,100087,283,100036,283,100123,191,100025,283,100141,100,100017,100,100196,276,99975,100,100499,100,99968,200,100509,100,99953,100,100530,100,99932,100,100553,100,99921,100,100567,100,99828,100,100572,100,99638,100
2019-06-28 09:52:20.000000000,100087,173,100036,173,100123,81,100025,173,100141,173,100017,173,100196,349,99975,173,100499,173,99968,273,100509,100,99953,100,100530,100,99932,100,100553,100,99921,100,100567,100,99828,100,100572,100,99638,100
2019-06-28 09:52:30.000000000,100087,224,100036,224,100123,129,100025,221,100141,221,100017,221,100196,276,99975,100,100499,100,99968,200,100509,100,99953,100,100530,100,99932,100,100553,100,99921,100,100567,100,99828,100,100572,100,99638,100
2019-06-28 09:52:30.593277033,100087,224,100036,224,100123,129,100025,221,100141,221,100017,221,100196,276,99975,100,100499,100,99968,200,100509,100,99953,100,100530,100,99932,100,100553,100,99921,100,100567,100,99828,100,100572,100,99638,100
2019-06-28 09:52:34.277727791,100087,324,100036,224,100123,129,100025,221,100141,221,100017,221,100196,276,99975,100,100499,100,99968,200,100509,100,99953,100,100530,100,99932,100,100553,100,99921,100,100567,100,99828,100,100572,100,99638,100
2019-06-28 09:52:35.480869397,100087,324,100036,124,100123,129,100025,221,100141,221,100017,221,100196,276,99968,200,100499,100,99953,100,100509,100,99932,100,100530,100,99921,100,100553,100,99828,100,100567,100,99638,100,100572,100,99603,100
2019-06-28 09:52:39.301026088,100087,324,100036,124,100123,129,100025,221,100141,121,100017,221,100196,276,99968,200,100499,100,99953,100,100509,100,99932,100,100530,100,99921,100,100553,100,99828,100,100567,100,99638,100,100572,100,99603,100
2019-06-28 09:52:40.000000000,100087,292,100025,192,100123,100,100017,192,100196,368,99968,292,100499,192,99953,192,100509,100,99932,100,100530,100,99921,100,100553,100,99828,100,100567,100,99638,100,100572,100,99603,100,100674,100,99529,100
2019-06-28 09:52:47.725324327,100087,292,100025,192,100123,100,100017,192,100196,368,99968,192,100499,192,99953,192,100509,100,99932,100,100530,100,99921,100,100553,100,99828,100,100567,100,99638,100,100572,100,99603,100,100674,100,99529,100
2019-06-28 09:52:50.000000000,100087,383,100025,283,100123,191,100017,283,100196,276,99968,100,100499,100,99953,100,100509,100,99932,100,100530,100,99921,100,100553,100,99828,100,100567,100,99638,100,100572,100,99603,100,100674,100,99529,100
2019-06-28 09:53:00.000000000,100087,324,100025,224,100123,129,100017,221,100196,397,99968,221,100499,100,99953,100,100509,100,99932,100,100530,100,99921,100,100553,100,99828,100,100567,100,99638,100,100572,100,99603,100,100674,100,99529,100
2019-06-28 09:53:10.000000000,100087,292,100025,192,100123,100,100017,192,100196,368,99968,192,100499,192,99953,192,100509,100,99932,100,100530,100,99921,100,100553,100,99828,100,100567,100,99638,100,100572,100,99603,100,100674,100,99529,100
2019-06-28 09:53:11.563651669,100087,292,100025,192,100123,100,100017,192,100196,368,99968,192,100499,192,99953,192,100509,100,99932,100,100530,100,99921,100,100553,100,99828,100,100567,100,99638,100,100572,100,99603,100,100674,100,99529,100
2019-06-28 09:53:20.000000000,100087,273,100025,173,100123,81,100017,173,100196,349,99968,173,100499,173,99953,173,100509,173,99932,173,100530,100,99921,100,100553,100,99828,100,100567,100,99638,100,100572,100,99603,100,100674,100,99529,100
2019-06-28 09:53:30.000000000,100087,273,100025,173,100123,81,100017,173,100196,349,99968,173,100499,173,99953,173,100509,173,99932,173,100530,100,99921,100,100553,100,99828,100,100567,100,99638,100,100572,100,99603,100,100674,100,99529,100
2019-06-28 09:53:40.000000000,100087,292,100025,192,100123,100,100017,192,100196,368,99968,192,100499,192,99953,192,100509,100,99932,100,100530,100,99921,100,100553,100,99828,100,100567,100,99638,100,100572,100,99603,100,100674,100,99529,100
2019-06-28 09:53:40.214000892,100072,100,100025,192,100087,192,100017,192,100123,100,99968,192,100196,368,99953,192,100499,192,99932,100,100509,100,99921,100,100530,100,99828,100,100553,100,99638,100,100567,100,99603,100,100572,100,99529,100
2019-06-28 09:53:50.000000000,100072,283,100025,283,100087,283,100017,283,100123,8,99968,100,100196,276,99953,100,100499,100,99932,100,100509,100,99921,100,100530,100,99828,100,100553,100,99638,100,100567,100,99603,100,100572,100,99529,100
2019-06-28 09:54:00.000000000,100072,466,100025,466,100087,100,100017,100,100123,8,99968,100,100196,276,99953,100,100499,100,99932,100,100509,100,99921,100,100530,100,99828,100,100553,100,99638,100,100567,100,99603,100,100572,100,99529,100
2019-06-28 09:54:10.000000000,100072,466,100025,466,100087,100,100017,100,100123,8,99968,100,100196,276,99953,100,100499,100,99932,100,100509,100,99921,100,100530,100,99828,100,100553,100,99638,100,100567,100,99603,100,100572,100,99529,100
2019-06-28 09:54:12.140722591,100072,466,100025,466,100087,100,100017,100,100123,8,99968,100,100196,276,99953,100,100383,100,99932,100,100499,100,99921,100,100509,100,99828,100,100530,100,99603,100,100553,100,99529,100,100567,100,99460,100
2019-06-28 09:54:20.000000000,100072,283,100025,283,100087,283,100017,283,100123,8,99968,100,100196,276,99953,100,100383,100,99932,100,100499,100,99921,100,100509,100,99828,100,100530,100,99603,100,100553,100,99529,100,100567,100,99460,100
2019-06-28 09:54:21.566482881,100072,183,100025,283,100087,283,100017,283,100123,8,99968,100,100196,276,99953,100,100383,100,99932,100,100499,100,99921,100,100509,100,99828,100,100530,100,99603,100,100553,100,99529,100,100567,100,99460,100
2019-06-28 09:54:30.000000000,100087,283,100025,283,100123,191,100017,283,100196,276,99968,100,100383,100,99953,100,100499,100,99932,100,100509,100,99921,100,100530,100,99828,100,100553,100,99603,100,100567,100,99529,100,100572,100,99460,100
2019-06-28 09:54:38.558286880,100087,183,100037,100,100123,191,100025,283,100196,276,100017,283,100383,100,99968,100,100499,100,99953,100,100509,100,99932,100,100530,100,99921,100,100553,100,99828,100,100567,100,99603,100,100572,100,99529,100
2019-06-28 09:54:40.000000000,100123,191,100037,283,100196,459,100025,283,100383,100,100017,100,100499,100,99968,100,100509,100,99953,100,100530,100,99932,100,100553,100,99921,100,100567,100,99828,100,100572,100,99603,100,100674,100,99529,100
2019-06-28 09:54:50.000000000,100123,81,100037,173,100196,349,100025,173,100383,173,100017,173,100499,173,99968,173,100509,173,99953,173,100530,100,99932,100,100553,100,99921,100,100567,100,99828,100,100572,100,99603,100,100674,100,99529,100
2019-06-28 09:54:57.235716772,100196,349,100123,19,100383,173,100037,173,100499,173,100025,173,100509,73,100017,173,100530,100,99968,173,100553,100,99953,173,100567,100,99932,100,100572,100,99921,100,100674,100,99828,100,100717,100,99603,100
2019-06-28 09:55:00.000000000,100196,400,100123,143,100383,221,100037,221,100499,221,100025,221,100530,100,100017,100,100553,100,99968,100,100567,100,99953,100,100572,100,99932,100,100674,100,99921,100,100717,100,99828,100,100764,100,99603,100
2019-06-28 09:55:10.000000000,100196,642,100123,385,100383,100,100037,100,100499,100,100025,100,100530,100,100017,100,100553,100,99968,100,100567,100,99953,100,100572,100,99932,100,100674,100,99921,100,100717,100,99828,100,100764,100,99603,100
2019-06-28 09:55:20.000000000,100196,642,100123,385,100383,100,100037,100,100499,100,100025,100,100530,100,100017,100,100553,100,99968,100,100567,100,99953,100,100572,100,99932,100,100674,100,99921,100,100717,100,99828,100,100764,100,99603,100
2019-06-28 09:55:30.000000000,100196,459,100123,202,100383,283,100037,283,100499,100,100025,100,100530,100,100017,100,100553,100,99968,100,100567,100,99953,100,100572,100,99932,100,100674,100,99921,100,100717,100,99828,100,100764,100,99603,100
2019-06-28 09:55:40.000000000,100196,642,100123,385,100383,100,100037,100,100499,100,100025,100,100530,100,100017,100,100553,100,99968,100,100567,100,99953,100,100572,100,99932,100,100674,100,99921,100,100717,100,99828,100,100764,100,99603,100
2019-06-28 09:55:49.592935095,100196,642,100123,385,100383,100,100037,100,100499,100,100025,100,100530,100,100017,100,100553,100,99968,100,100567,100,99953,100,100572,100,99921,100,100674,100,99828,100,100717,100,99603,100,100764,100,99529,100
2019-06-28 09:55:50.000000000,100196,400,100123,143,100383,221,100037,221,100499,221,100025,221,100530,100,100017,100,100553,100,99968,100,100567,100,99953,100,100572,100,99921,100,100674,100,99828,100,100717,100,99603,100,100764,100,99529,100
2019-06-28 09:56:00.000000000,100196,400,100123,143,100383,221,100037,221,100499,221,100025,221,100530,100,100017,100,100553,100,99968,100,100567,100,99953,100,100572,100,99921,100,100674,100,99828,100,100717,100,99603,100,100764,100,99529,100
2019-06-28 09:56:02.978745920,100196,400,100123,143,100383,221,100037,221,100499,221,100025,221,100530,100,100017,100,100553,100,99968,100,100567,100,99921,100,100572,100,99828,100,100674,100,99603,100,100717,100,99529,100,100764,100,99460,100
2019-06-28 09:56:10.000000000,100196,368,100123,111,100383,192,100037,192,100499,192,100025,192,100530,192,100017,192,100553,100,99968,100,100567,100,99921,100,100572,100,99828,100,100674,100,99603,100,100717,100,99529,100,100764,100,99460,100
2019-06-28 09:56:20.000000000,100196,642,100123,385,100383,100,100037,100,100499,100,100025,100,100530,100,100017,100,100553,100,99968,100,100567,100,99921,100,100572,100,99828,100,100674,100,99603,100,100717,100,99529,100,100764,100,99460,100
2019-06-28 09:56:30.000000000,100196,400,100123,143,100383,221,100037,221,100499,221,100025,221,100530,100,100017,100,100553,100,99968,100,100567,100,99921,100,100572,100,99828,100,100674,100,99603,100,100717,100,99529,100,100764,100,99460,100
2019-06-28 09:56:37.719355453,100196,400,100123,143,100383,221,100037,221,100499,221,100025,221,100530,100,99968,100,100553,100,99921,100,100567,100,99828,100,100572,100,99603,100,100674,100,99529,100,100717,100,99460,100,100764,100,99440,100
2019-06-28 09:56:40.000000000,100196,400,100123,143,100383,221,100037,221,100499,221,100025,221,100530,100,99968,100,100553,100,99921,100,100567,100,99828,100,100572,100,99603,100,100674,100,99529,100,100717,100,99460,100,100764,100,99440,100
2019-06-28 09:56:44.957421520,100196,400,100123,143,100383,221,100072,100,100499,221,100037,221,100530,100,100025,221,100553,100,99921,100,100567,100,99828,100,100572,100,99603,100,100674,100,99529,100,100717,100,99460,100,100764,100,99440,100
2019-06-28 09:56:50.000000000,100196,400,100123,143,100383,221,100072,221,100499,221,100037,221,100530,100,100025,100,100553,100,99921,100,100567,100,99828,100,100572,100,99603,100,100674,100,99529,100,100717,100,99460,100,100764,100,99440,100
2019-06-28 09:57:00.000000000,100196,368,100123,111,100383,192,100072,192,100499,192,100037,192,100530,192,100025,192,100553,100,99921,100,100567,100,99828,100,100572,100,99603,100,100674,100,99529,100,100717,100,99460,100,100764,100,99440,100
2019-06-28 09:57:02.918670812,100196,268,100123,111,100383,192,100072,192,100499,192,100037,192,100530,192,100025,192,100553,100,99921,100,100567,100,99828,100,100572,100,99603,100,100674,100,99529,100,100717,100,99460,100,100764,100,99440,100
2019-06-28 09:57:10.000000000,100196,542,100123,385,100383,100,100072,100,100499,100,100037,100,100530,100,100025,100,100553,100,99921,100,100567,100,99828,100,100572,100,99603,100,100674,100,99529,100,100717,100,99460,100,100764,100,99440,100
2019-06-28 09:57:20.000000000,100196,268,100123,111,100383,192,100072,192,100499,192,100037,192,100530,192,100025,192,100553,100,99921,100,100567,100,99828,100,100572,100,99603,100,100674,100,99529,100,100717,100,99460,100,100764,100,99440,100
2019-06-28 09:57:30.000000000,100196,249,100123,92,100383,173,100072,173,100499,173,100037,173,100530,173,100025,173,100553,173,99921,173,100567,100,99828,100,100572,100,99603,100,100674,100,99529,100,100717,100,99460,100,100764,100,99440,100
2019-06-28 09:57:40.000000000,100196,542,100123,385,100383,100,100072,100,100499,100,100037,100,100530,100,100025,100,100553,100,99921,100,100567,100,99828,100,100572,100,99603,100,100674,100,99529,100,100717,100,99460,100,100764,100,99440,100
2019-06-28 09:57:50.000000000,100196,359,100123,202,100383,283,100072,283,100499,100,100037,100,100530,100,100025,100,100553,100,99921,100,100567,100,99828,100,100572,100,99603,100,100674,100,99529,100,100717,100,99460,100,100764,100,99440,100
2019-06-28 09:58:00.000000000,100196,268,100123,111,100383,192,100072,192,100499,192,100037,192,100530,192,100025,192,100553,100,99921,100,100567,100,99828,100,100572,100,99603,100,100674,100,99529,100,100717,100,99460,100,100764,100,99440,100
2019-06-28 09:58:10.000000000,100196,300,100123,143,100383,221,100072,221,100499,221,100037,221,100530,100,100025,100,100553,100,99921,100,100567,100,99828,100,100572,100,99603,100,100674,100,99529,100,100717,100,99460,100,100764,100,99440,100
2019-06-28 09:58:15.104853122,100196,300,100171,100,100383,221,100123,143,100499,221,100072,221,100530,100,100037,221,100553,100,100025,100,100567,100,99921,100,100572,100,99828,100,100674,100,99603,100,100717,100,99529,100,100764,100,99460,100
2019-06-28 09:58:20.000000000,100196,300,100171,224,100383,221,100123,140,100499,221,100072,221,100530,100,100037,100,100553,100,100025,100,100567,100,99921,100,100572,100,99828,100,100674,100,99603,100,100717,100,99529,100,100764,100,99460,100
2019-06-28 09:58:21.057635408,100196,200,100171,224,100383,221,100123,140,100499,221,100072,221,100530,100,100037,100,100553,100,100025,100,100567,100,99921,100,100572,100,99828,100,100674,100,99603,100,100717,100,99529,100,100764,100,99460,100
2019-06-28 09:58:30.000000000,100196,200,100171,224,100383,221,100123,140,100499,221,100072,221,100530,100,100037,100,100553,100,100025,100,100567,100,99921,100,100572,100,99828,100,100674,100,99603,100,100717,100,99529,100,100764,100,99460,100
2019-06-28 09:58:40.000000000,100196,442,100171,466,100383,100,100123,19,100499,100,100072,100,100530,100,100037,100,100553,100,100025,100,100567,100,99921,100,100572,100,99828,100,100674,100,99603,100,100717,100,99529,100,100764,100,99460,100
2019-06-28 09:58:50.000000000,100196,149,100171,173,100383,173,100123,92,100499,173,100072,173,100530,173,100037,173,100553,173,100025,173,100567,100,99921,100,100572,100,99828,100,100674,100,99603,100,100717,100,99529,100,100764,100,99460,100
2019-06-28 09:59:00.000000000,100196,442,100171,466,100383,100,100123,19,100499,100,100072,100,100530,100,100037,100,100553,100,100025,100,100567,100,99921,100,100572,100,99828,100,100674,100,99603,100,100717,100,99529,100,100764,100,99460,100
2019-06-28 09:59:10.000000000,100196,200,100171,224,100383,221,100123,140,100499,221,100072,221,100530,100,100037,100,100553,100,100025,100,100567,100,99921,100,100572,100,99828,100,100674,100,99603,100,100717,100,99529,100,100764,100,99460,100
2019-06-28 09:59:16.800579581,100196,100,100171,224,100383,221,100123,140,100499,221,100072,221,100530,100,100037,100,100553,100,100025,100,100567,100,99921,100,100572,100,99828,100,100674,100,99603,100,100717,100,99529,100,100764,100,99460,100
2019-06-28 09:59:17.791865528,100196,100,100171,224,100383,221,100123,140,100478,100,100072,221,100499,221,100037,100,100530,100,100025,100,100553,100,99921,100,100567,100,99828,100,100572,100,99603,100,100674,100,99529,100,100717,100,99460,100
2019-06-28 09:59:20.000000000,100383,173,100171,173,100478,173,100123,92,100499,173,100072,173,100530,173,100037,173,100553,173,100025,173,100567,100,99921,100,100572,100,99828,100,100674,100,99603,100,100717,100,99529,100,100764,100,99460,100
2019-06-28 09:59:30.000000000,100383,173,100171,173,100478,173,100123,92,100499,173,100072,173,100530,173,100037,173,100553,173,100025,173,100567,100,99921,100,100572,100,99828,100,100674,100,99603,100,100717,100,99529,100,100764,100,99460,100
2019-06-28 09:59:40.000000000,100383,192,100171,192,100478,192,100123,111,100499,192,100072,192,100530,192,100037,192,100553,100,100025,100,100567,100,99921,100,100572,100,99828,100,100674,100,99603,100,100717,100,99529,100,100764,100,99460,100
2019-06-28 09:59:50.000000000,100383,173,100171,173,100478,173,100123,92,100499,173,100072,173,100530,173,100037,173,100553,173,100025,173,100567,100,99921,100,100572,100,99828,100,100674,100,99603,100,100717,100,99529,100,100764,100,99460,100
2019-06-28 10:00:00.000000000,100383,283,100171,283,100478,283,100123,202,100499,100,100072,100,100530,100,100037,100,100553,100,100025,100,100567,100,99921,100,100572,100,99828,100,100674,100,99603,100,100717,100,99529,100,100764,100,99460,100
2019-06-28 10:00:10.000000000,100383,192,100171,192,100478,192,100123,111,100499,192,100072,192,100530,192,100037,192,100553,100,100025,100,100567,100,99921,100,100572,100,99828,100,100674,100,99603,100,100717,100,99529,100,100764,100,99460,100
2019-06-28 10:00:20.000000000,100383,283,100171,283,100478,283,100123,202,100499,100,100072,100,100530,100,100037,100,100553,100,100025,100,100567,100,99921,100,100572,100,99828,100,100674,100,99603,100,100717,100,99529,100,100764,100,99460,100
2019-06-28 10:00:30.000000000,100383,466,100171,466,100478,100,100123,19,100499,100,100072,100,100530,100,100037,100,100553,100,100025,100,100567,100,99921,100,100572,100,99828,100,100674,100,99603,100,100717,100,99529,100,100764,100,99460,100
2019-06-28 10:00:40.000000000,100383,224,100171,224,100478,221,100123,140,100499,221,100072,221,100530,100,100037,100,100553,100,100025,100,100567,100,99921,100,100572,100,99828,100,100674,100,99603,100,100717,100,99529,100,100764,100,99460,100
2019-06-28 10:00:48.125186229,100383,224,100171,224,100478,221,100123,140,100499,221,100072,221,100530,100,100037,100,100553,100,100025,100,100567,100,99998,100,100572,100,99921,100,100674,100,99828,100,100717,100,99603,100,100764,100,99529,100
2019-06-28 10:00:50.000000000,100383,466,100171,466,100478,100,100123,19,100499,100,100072,100,100530,100,100037,100,100553,100,100025,100,100567,100,99998,100,100572,100,99921,100,100674,100,99828,100,100717,100,99603,100,100764,100,99529,100
2019-06-28 10:00:59.063544731,100383,466,100171,466,100478,100,100150,100,100499,100,100123,19,100530,100,100072,100,100553,100,100037,100,100567,100,100025,100,100572,100,99998,100,100674,100,99921,100,100717,100,99828,100,100764,100,99603,100
2019-06-28 10:01:00.000000000,100383,192,100171,192,100478,192,100150,192,100499,192,100123,111,100530,192,100072,192,100553,100,100037,100,100567,100,100025,100,100572,100,99998,100,100674,100,99921,100,100717,100,99828,100,100764,100,99603,100
2019-06-28 10:01:10.000000000,100383,192,100171,192,100478,192,100150,192,100499,192,100123,111,100530,192,100072,192,100553,100,100037,100,100567,100,100025,100,100572,100,99998,100,100674,100,99921,100,100717,100,99828,100,100764,100,99603,100
2019-06-28 10:01:16.823553331,100383,192,100311,100,100478,192,100171,92,100499,192,100150,192,100530,192,100123,111,100553,100,100072,192,100567,100,100037,100,100572,100,100025,100,100674,100,99998,100,100717,100,99921,100,100764,100,99828,100
2019-06-28 10:01:20.000000000,100383,192,100311,192,100478,192,100150,192,100499,192,100123,111,100530,192,100072,192,100553,100,100037,100,100567,100,100025,100,100572,100,99998,100,100674,100,99921,100,100717,100,99828,100,100764,100,99603,100
2019-06-28 10:01:20.915436228,100383,192,100311,192,100384,100,100150,192,100478,192,100123,111,100499,192,100072,192,100530,192,100037,100,100553,100,100025,100,100567,100,99998,100,100572,100,99921,100,100674,100,99828,100,100717,100,99603,100
2019-06-28 10:01:30.000000000,100383,283,100311,283,100384,283,100150,283,100478,100,100123,19,100499,100,100072,100,100530,100,100037,100,100553,100,100025,100,100567,100,99998,100,100572,100,99921,100,100674,100,99828,100,100717,100,99603,100
2019-06-28 10:01:40.000000000,100383,192,100311,192,100384,192,100150,192,100478,192,100123,111,100499,192,100072,192,100530,100,100037,100,100553,100,100025,100,100567,100,99998,100,100572,100,99921,100,100674,100,99828,100,100717,100,99603,100
2019-06-28 10:01:50.000000000,100383,192,100311,192,100384,192,100150,192,100478,192,100123,111,100499,192,100072,192,100530,100,100037,100,100553,100,100025,100,100567,100,99998,100,100572,100,99921,100,100674,100,99828,100,100717,100,99603,100
2019-06-28 10:02:00.000000000,100383,173,100311,173,100384,173,100150,173,100478,173,100123,92,100499,173,100072,173,100530,173,100037,173,100553,100,100025,100,100567,100,99998,100,100572,100,99921,100,100674,100,99828,100,100717,100,99603,100
2019-06-28 10:02:10.000000000,100383,192,100311,192,100384,192,100150,192,100478,192,100123,111,100499,192,100072,192,100530,100,100037,100,100553,100,100025,100,100567,100,99998,100,100572,100,99921,100,100674,100,99828,100,100717,100,99603,100
2019-06-28 10:02:20.000000000,100383,173,100311,173,100384,173,100150,173,100478,173,100123,92,100499,173,100072,173,100530,173,100037,173,100553,100,100025,100,100567,100,99998,100,100572,100,99921,100,100674,100,99828,100,100717,100,99603,100
2019-06-28 10:02:21.973345081,100383,173,100311,73,100384,173,100150,173,100478,173,100123,92,100499,173,100072,173,100530,173,100037,173,100553,100,100025,100,100567,100,99998,100,100572,100,99921,100,100674,100,99828,100,100717,100,99603,100
2019-06-28 10:02:24.144886650,100195,27,100150,173,100383,173,100123,92,100384,173,100072,173,100478,173,100037,173,100499,173,100025,100,100530,173,99998,100,100553,100,99921,100,100567,100,99828,100,100572,100,99603,100,100674,100,99529,100
2019-06-28 10:02:25.238976271,100195,27,100150,73,100383,173,100123,92,100384,173,100072,173,100478,173,100037,173,100499,173,100025,100,100530,173,99998,100,100553,100,99921,100,100567,100,99828,100,100572,100,99603,100,100674,100,99529,100
2019-06-28 10:02:30.000000000,100195,393,100123,385,100383,100,100072,100,100384,100,100037,100,100478,100,100025,100,100499,100,99998,100,100530,100,99921,100,100553,100,99828,100,100567,100,99603,100,100572,100,99529,100,100674,100,99460,100
2019-06-28 10:02:40.000000000,100195,393,100123,385,100383,100,100072,100,100384,100,100037,100,100478,100,100025,100,100499,100,99998,100,100530,100,99921,100,100553,100,99828,100,100567,100,99603,100,100572,100,99529,100,100674,100,99460,100
2019-06-28 10:02:50.000000000,100195,100,100123,92,100383,173,100072,173,100384,173,100037,173,100478,173,100025,173,100499,173,99998,173,100530,100,99921,100,100553,100,99828,100,100567,100,99603,100,100572,100,99529,100,100674,100,99460,100
2019-06-28 10:03:00.000000000,100195,151,100123,143,100383,221,100072,221,100384,221,100037,221,100478,100,100025,100,100499,100,99998,100,100530,100,99921,100,100553,100,99828,100,100567,100,99603,100,100572,100,99529,100,100674,100,99460,100
2019-06-28 10:03:05.603077697,100195,151,100123,43,100383,221,100072,221,100384,221,100037,221,100478,100,100025,100,100499,100,99998,100,100530,100,99921,100,100553,100,99828,100,100567,100,99603,100,100572,100,99529,100,100674,100,99460,100
2019-06-28 10:03:10.000000000,100195,119,100072,192,100383,192,100037,192,100384,192,100025,192,100478,192,99998,192,100499,100,99921,100,100530,100,99828,100,100553,100,99603,100,100567,100,99529,100,100572,100,99460,100,100674,100,99355,100
2019-06-28 10:03:20.000000000,100195,151,100072,224,100383,221,100037,221,100384,221,100025,221,100478,100,99998,100,100499,100,99921,100,100530,100,99828,100,100553,100,99603,100,100567,100,99529,100,100572,100,99460,100,100674,100,99355,100
2019-06-28 10:03:22.389842808,100150,100,100072,224,100195,151,100037,221,100383,221,100025,221,100384,221,99998,100,100478,100,99921,100,100499,100,99828,100,100530,100,99603,100,100553,100,99529,100,100567,100,99460,100,100572,100,99355,100
2019-06-28 10:03:23.007590139,100150,100,100072,124,100195,151,100037,221,100383,221,100025,221,100384,221,99998,100,100478,100,99921,100,100499,100,99828,100,100530,100,99603,100,100553,100,99529,100,100567,100,99460,100,100572,100,99355,100
2019-06-28 10:03:30.000000000,100150,173,100037,173,100195,100,100025,173,100383,173,99998,173,100384,173,99921,173,100478,173,99828,173,100499,100,99603,100,100530,100,99529,100,100553,100,99460,100,100567,100,99355,100,100572,100,,
2019-06-28 10:03:40.000000000,100150,224,100037,224,100195,148,100025,221,100383,221,99998,221,100384,100,99921,100,100478,100,99828,100,100499,100,99603,100,100530,100,99529,100,100553,100,99460,100,100567,100,99355,100,100572,100,,
2019-06-28 10:03:40.568270970,100150,224,100037,124,100195,148,100025,221,100383,221,99998,221,100384,100,99921,100,100478,100,99828,100,100499,100,99603,100,100530,100,99529,100,100553,100,99460,100,100567,100,99355,100,100572,100,,
2019-06-28 10:03:44.473554956,100150,224,100037,24,100195,148,100025,221,100383,221,99998,221,100384,100,99921,100,100478,100,99828,100,100499,100,99603,100,100530,100,99529,100,100553,100,99460,100,100567,100,99355,100,100572,100,,
2019-06-28 10:03:50.000000000,100150,466,100025,466,100195,27,99998,100,100383,100,99921,100,100384,100,99828,100,100478,100,99603,100,100499,100,99529,100,100530,100,99460,100,100553,100,99355,100,100567,100,,,100572,100,,
2019-06-28 10:03:53.733151708,100150,466,100025,366,100195,27,99998,100,100383,100,99921,100,100384,100,99828,100,100499,100,99603,100,100530,100,99529,100,100553,100,99460,100,100567,100,99355,100,100572,100,,,100674,100,,
2019-06-28 10:04:00.000000000,100150,283,99998,283,100195,210,99921,283,100383,100,99828,100,100384,100,99603,100,100499,100,99529,100,100530,100,99460,100,100553,100,99355,100,100567,100,,,100572,100,,,100674,100,,
2019-06-28 10:04:10.000000000,100150,466,99998,466,100195,27,99921,100,100383,100,99828,100,100384,100,99603,100,100499,100,99529,100,100530,100,99460,100,100553,100,99355,100,100567,100,,,100572,100,,,100674,100,,
2019-06-28 10:04:20.000000000,100150,466,99998,466,100195,27,99921,100,100383,100,99828,100,100384,100,99603,100,100499,100,99529,100,100530,100,99460,100,100553,100,99355,100,100567,100,,,100572,100,,,100674,100,,
2019-06-28 10:04:27.663007996,100150,466,99998,366,100195,27,99921,100,100383,100,99828,100,100384,100,99603,100,100499,100,99529,100,100530,100,99460,100,100553,100,99355,100,100567,100,,,100572,100,,,100764,100,,
2019-06-28 10:04:30.000000000,100150,466,99921,466,100195,27,99828,100,100383,100,99603,100,100384,100,99529,100,100499,100,99460,100,100530,100,99355,100,100553,100,,,100567,100,,,100572,100,,,100764,100,,
2019-06-28 10:04:38.281227038,100150,466,99921,466,100195,27,99828,100,100383,100,99628,100,100384,100,99603,100,100499,100,99529,100,100530,100,99460,100,100553,100,99355,100,100567,100,,,100572,100,,,100764,100,,
2019-06-28 10:04:40.000000000,100150,466,99921,466,100195,27,99828,100,100383,100,99628,100,100384,100,99603,100,100499,100,99529,100,100530,100,99460,100,100553,100,99355,100,100567,100,,,100572,100,,,100764,100,,
2019-06-28 10:04:50.000000000,100150,283,99921,283,100195,210,99828,283,100383,100,99628,100,100384,100,99603,100,100499,100,99529,100,100530,100,99460,100,100553,100,99355,100,100567,100,,,100572,100,,,100764,100,,
2019-06-28 10:04:59.729499136,100025,100,99921,283,100150,283,99828,283,100195,210,99628,100,100383,100,99603,100,100384,100,99529,100,100499,100,99460,100,100530,100,99355,100,100553,100,,,100567,100,,,100572,100,,
2019-06-28 10:05:00.000000000,100025,192,99921,192,100150,192,99828,192,100195,119,99628,192,100383,192,99603,192,100384,100,99529,100,100499,100,99460,100,100530,100,99355,100,100553,100,,,100567,100,,,100572,100,,
2019-06-28 10:05:10.000000000,100025,224,99921,224,100150,221,99828,221,100195,148,99628,221,100383,100,99603,100,100384,100,99529,100,100499,100,99460,100,100530,100,99355,100,100553,100,,,100567,100,,,100572,100,,
2019-06-28 10:05:11.780839323,100025,224,99921,224,100150,221,99828,221,100186,100,99628,221,100195,148,99603,100,100383,100,99529,100,100384,100,99460,100,100499,100,99355,100,100530,100,,,100553,100,,,100567,100,,
2019-06-28 10:05:20.000000000,100025,173,99921,173,100150,173,99828,173,100186,173,99628,173,100195,100,99603,173,100383,173,99529,173,100384,100,99460,100,100499,100,99355,100,100530,100,,,100553,100,,,100567,100,,
2019-06-28 10:05:26.516078631,100025,173,99921,173,100150,173,99913,100,100186,173,99828,173,100195,100,99628,173,100383,173,99603,173,100384,100,99529,173,100499,100,99460,100,100530,100,99355,100,100553,100,,,100572,100,,
2019-06-28 10:05:30.000000000,100025,173,99921,173,100150,173,99913,173,100186,173,99828,173,100195,100,99628,173,100383,173,99603,173,100384,100,99529,100,100499,100,99460,100,100530,100,99355,100,100553,100,,,100572,100,,
2019-06-28 10:05:32.645976407,100025,273,99921,173,100150,173,99913,173,100186,173,99828,173,100195,100,99628,173,100383,173,99603,173,100384,100,99529,100,100499,100,99460,100,100530,100,99355,100,100553,100,,,100572,100,,
2019-06-28 10:05:36.425034884,100025,273,99921,173,100150,173,99913,173,100186,173,99875,100,100195,100,99828,173,100383,173,99628,173,100384,100,99603,173,100499,100,99529,100,100530,100,99460,100,100553,100,99355,100,100572,100,,
2019-06-28 10:05:40.000000000,100025,383,99921,283,100150,283,99913,283,100186,100,99875,100,100195,27,99828,100,100383,100,99628,100,100384,100,99603,100,100499,100,99529,100,100530,100,99460,100,100553,100,99355,100,100572,100,,
2019-06-28 10:05:40.336075719,100025,383,99921,283,100150,283,99913,283,100186,100,99875,100,100195,27,99828,100,100383,100,99744,100,100384,100,99628,100,100499,100,99603,100,100530,100,99529,100,100553,100,99460,100,100572,100,99355,100
2019-06-28 10:05:50.000000000,100025,383,99921,283,100150,283,99913,283,100186,100,99875,100,100195,27,99828,100,100383,100,99744,100,100384,100,99628,100,100499,100,99603,100,100530,100,99529,100,100553,100,99460,100,100572,100,99355,100
2019-06-28 10:06:00.000000000,100025,566,99921,466,100150,100,99913,100,100186,100,99875,100,100195,27,99828,100,100383,100,99744,100,100384,100,99628,100,100499,100,99603,100,100530,100,99529,100,100553,100,99460,100,100572,100,99355,100
2019-06-28 10:06:10.000000000,100025,383,99921,283,100150,283,99913,283,100186,100,99875,100,100195,27,99828,100,100383,100,99744,100,100384,100,99628,100,100499,100,99603,100,100530,100,99529,100,100553,100,99460,100,100572,100,99355,100
2019-06-28 10:06:13.262528343,100025,383,99921,283,100150,283,99913,283,100186,100,99875,100,100195,27,99828,100,100383,100,99744,100,100384,100,99628,100,100499,100,99603,100,100530,100,99552,100,100553,100,99529,100,100572,100,99460,100
2019-06-28 10:06:20.000000000,100025,566,99921,466,100150,100,99913,100,100186,100,99875,100,100195,27,99828,100,100383,100,99744,100,100384,100,99628,100,100499,100,99603,100,100530,100,99552,100,100553,100,99529,100,100572,100,99460,100
2019-06-28 10:06:30.000000000,100025,292,99921,192,100150,192,99913,192,100186,192,99875,192,100195,119,99828,192,100383,100,99744,100,100384,100,99628,100,100499,100,99603,100,100530,100,99552,100,100553,100,99529,100,100572,100,99460,100
2019-06-28 10:06:40.000000000,100025,292,99921,192,100150,192,99913,192,100186,192,99875,192,100195,119,99828,192,100383,100,99744,100,100384,100,99628,100,100499,100,99603,100,100530,100,99552,100,100553,100,99529,100,100572,100,99460,100
2019-06-28 10:06:40.785468196,99933,100,99921,192,100025,292,99913,192,100150,192,99875,192,100186,192,99828,192,100195,119,99744,100,100383,100,99628,100,100384,100,99603,100,100499,100,99552,100,100530,100,99529,100,100553,100,99460,100
2019-06-28 10:06:44.931886185,99933,100,99921,192,100025,292,99913,192,100150,192,99875,192,100186,192,99848,100,100195,119,99828,192,100383,100,99744,100,100499,100,99628,100,100530,100,99603,100,100553,100,99552,100,100572,100,99529,100
2019-06-28 10:06:47.998687190,99933,100,99921,192,99947,100,99913,192,100025,292,99875,192,100150,192,99848,100,100186,192,99828,192,100195,119,99744,100,100383,100,99628,100,100499,100,99603,100,100530,100,99552,100,100572,100,99529,100
2019-06-28 10:06:50.000000000,99933,173,99921,173,99947,173,99913,173,100025,273,99875,173,100150,173,99848,173,100186,173,99828,173,100195,27,99744,100,100383,100,99628,100,100499,100,99603,100,100530,100,99552,100,100572,100,99529,100
2019-06-28 10:06:55.195546939,99933,173,99921,173,99947,173,99913,173,100025,273,99875,173,100150,173,99848,173,100186,173,99828,173,100195,27,99744,100,100383,100,99701,100,100499,100,99628,100,100530,100,99603,100,100572,100,99552,100
2019-06-28 10:07:00.000000000,99933,466,99921,466,99947,100,99913,100,100025,200,99875,100,100150,100,99848,100,100186,100,99828,100,100195,27,99744,100,100383,100,99701,100,100499,100,99628,100,100530,100,99603,100,100572,100,99552,100
2019-06-28 10:07:06.486908397,99933,466,99921,466,99947,100,99913,100,100025,200,99875,100,100042,100,99848,100,100150,100,99828,100,100186,100,99744,100,100195,27,99701,100,100383,100,99628,100,100499,100,99603,100,100530,100,99552,100
2019-06-28 10:07:08.212474590,99933,466,99921,366,99947,100,99913,100,100025,200,99875,100,100042,100,99848,100,100150,100,99828,100,100186,100,99744,100,100195,27,99701,100,100383,100,99628,100,100499,100,99603,100,100530,100,99552,100
2019-06-28 10:07:10.000000000,99933,224,99913,224,99947,221,99875,221,100025,321,99848,221,100042,100,99828,100,100150,100,99744,100,100186,100,99701,100,100195,27,99628,100,100383,100,99603,100,100499,100,99552,100,100530,100,99529,100
2019-06-28 10:07:15.250596487,99932,100,99913,224,99933,224,99875,221,99947,221,99848,221,100025,321,99828,100,100042,100,99744,100,100186,100,99701,100,100195,27,99628,100,100383,100,99603,100,100499,100,99552,100,100530,100,99529,100
2019-06-28 10:07:20.000000000,99932,283,99913,283,99933,283,99875,283,99947,100,99848,100,100025,200,99828,100,100042,100,99744,100,100186,100,99701,100,100195,27,99628,100,100383,100,99603,100,100499,100,99552,100,100530,100,99529,100
2019-06-28 10:07:30.000000000,99932,466,99913,466,99933,100,99875,100,99947,100,99848,100,100025,200,99828,100,100042,100,99744,100,100186,100,99701,100,100195,27,99628,100,100383,100,99603,100,100499,100,99552,100,100530,100,99529,100
2019-06-28 10:07:40.000000000,99932,224,99913,224,99933,221,99875,221,99947,221,99848,221,100025,200,99828,100,100042,100,99744,100,100186,100,99701,100,100195,27,99628,100,100383,100,99603,100,100499,100,99552,100,100530,100,99529,100
2019-06-28 10:07:45.421761857,99932,224,99913,224,99933,221,99875,221,99947,221,99848,221,100025,200,99844,100,100042,100,99828,100,100186,100,99744,100,100195,27,99701,100,100383,100,99628,100,100499,100,99603,100,100530,100,99552,100
2019-06-28 10:07:47.547670423,99932,324,99913,224,99933,221,99875,221,99947,221,99848,221,100025,200,99844,100,100042,100,99828,100,100186,100,99744,100,100195,27,99701,100,100383,100,99628,100,100499,100,99603,100,100530,100,99552,100
2019-06-28 10:07:48.522007184,99932,324,99913,124,99933,221,99875,221,99947,221,99848,221,100025,200,99844,100,100042,100,99828,100,100186,100,99744,100,100195,27,99701,100,100383,100,99628,100,100499,100,99603,100,100530,100,99552,100
2019-06-28 10:07:50.000000000,99932,324,99875,224,99933,221,99848,221,99947,221,99844,221,100025,200,99828,100,100042,100,99744,100,100186,100,99701,100,100195,27,99628,100,100383,100,99603,100,100499,100,99552,100,100530,100,99529,100
2019-06-28 10:08:00.000000000,99932,292,99875,192,99933,192,99848,192,99947,192,99844,192,100025,292,99828,192,100042,100,99744,100,100186,100,99701,100,100195,27,99628,100,100383,100,99603,100,100499,100,99552,100,100530,100,99529,100
2019-06-28 10:08:10.000000000,99932,324,99875,224,99933,221,99848,221,99947,221,99844,221,100025,200,99828,100,100042,100,99744,100,100186,100,99701,100,100195,27,99628,100,100383,100,99603,100,100499,100,99552,100,100530,100,99529,100
2019-06-28 10:08:20.000000000,99932,566,99875,466,99933,100,99848,100,99947,100,99844,100,100025,200,99828,100,100042,100,99744,100,100186,100,99701,100,100195,27,99628,100,100383,100,99603,100,100499,100,99552,100,100530,100,99529,100
