,ask_price_1,ask_size_1,bid_price_1,bid_size_1,ask_price_2,ask_size_2,bid_price_2,bid_size_2,ask_price_3,ask_size_3,bid_price_3,bid_size_3,ask_price_4,ask_size_4,bid_price_4,bid_size_4,ask_price_5,ask_size_5,bid_price_5,bid_size_5,ask_price_6,ask_size_6,bid_price_6,bid_size_6,ask_price_7,ask_size_7,bid_price_7,bid_size_7,ask_price_8,ask_size_8,bid_price_8,bid_size_8,ask_price_9,ask_size_9,bid_price_9,bid_size_9,ask_price_10,ask_size_10,bid_price_10,bid_size_10
2019-06-28 09:30:00.000000002,100104,100,,,,,,,,,,,,,,,,,,,,,,,,,,,,,,,,,,,,,,
2019-06-28 09:30:00.000000003,100023,100,,,100104,100,,,,,,,,,,,,,,,,,,,,,,,,,,,,,,,,,,
2019-06-28 09:30:00.000000004,100023,100,,,100104,100,,,100150,100,,,,,,,,,,,,,,,,,,,,,,,,,,,,,,
2019-06-28 09:30:00.000000010,100023,100,,,100039,100,,,100104,100,,,100114,100,,,100150,100,,,,,,,,,,,,,,,,,,,,,,
2019-06-28 09:30:00.000000012,100023,100,99934,100,100039,100,,,100104,100,,,100114,100,,,100150,100,,,100194,100,,,,,,,,,,,,,,,,,,
2019-06-28 09:30:00.000000015,100023,100,99934,100,100039,100,99896,100,100104,100,,,100114,100,,,100150,100,,,100194,100,,,,,,,,,,,,,,,,,,
2019-06-28 09:30:00.000000017,100023,100,99934,100,100028,100,99896,100,100039,100,,,100104,100,,,100114,100,,,100150,100,,,100194,100,,,,,,,,,,,,,,
2019-06-28 09:30:00.000000018,100023,100,99934,100,100028,100,99906,100,100039,100,99896,100,100104,100,,,100114,100,,,100150,100,,,100194,100,,,,,,,,,,,,,,
2019-06-28 09:30:00.000000020,100023,100,99982,100,100028,100,99934,100,100039,100,99906,100,100104,100,99896,100,100114,100,,,100150,100,,,100194,100,,,,,,,,,,,,,,
2019-06-28 09:30:00.000000023,100023,100,99982,100,100028,100,99943,100,100039,100,99934,100,100104,100,99906,100,100114,100,99896,100,100150,100,,,100194,100,,,,,,,,,,,,,,
2019-06-28 09:30:00.000000024,100023,100,99982,100,100028,100,99943,100,100039,100,99934,100,100104,100,99906,100,100114,100,99896,100,100140,100,,,100150,100,,,100194,100,,,,,,,,,,
2019-06-28 09:30:00.000000026,100023,100,99982,100,100028,100,99943,100,100039,100,99934,100,100104,100,99906,100,100114,100,99896,100,100123,100,,,100140,100,,,100150,100,,,100194,100,,,,,,
2019-06-28 09:30:00.000000031,100023,100,99982,100,100028,100,99943,100,100039,100,99934,100,100104,100,99906,100,100114,100,99896,100,100123,100,,,100140,100,,,100150,100,,,100156,100,,,100194,100,,
2019-06-28 09:30:00.000000033,100002,100,99982,100,100023,100,99943,100,100025,100,99934,100,100028,100,99906,100,100039,100,99896,100,100104,100,,,100114,100,,,100123,100,,,100140,100,,,100150,100,,
2019-06-28 09:30:00.000000035,100023,100,99982,100,100025,100,99943,100,100028,100,99934,100,100039,100,99906,100,100104,100,99896,100,100114,100,,,100123,100,,,100140,100,,,100150,100,,,100156,100,,
2019-06-28 09:30:00.000000037,100023,100,99982,100,100025,100,99943,100,100028,100,99934,100,100039,100,99906,100,100096,100,99896,100,100104,100,,,100114,100,,,100123,100,,,100140,100,,,100150,100,,
2019-06-28 09:30:00.000000038,100023,100,99982,100,100025,100,99943,100,100028,100,99942,100,100031,100,99934,100,100039,100,99906,100,100096,100,99896,100,100104,100,99861,100,100114,100,,,100123,100,,,100140,100,,
2019-06-28 09:30:00.000000041,100023,100,99982,100,100025,100,99943,100,100028,100,99942,100,100031,100,99934,100,100039,100,99906,100,100040,100,99896,100,100096,100,99861,100,100104,100,,,100114,100,,,100123,100,,
2019-06-28 09:30:00.000000043,100023,100,99982,100,100025,100,99943,100,100028,100,99942,100,100031,100,99934,100,100039,100,99906,100,100040,100,99896,100,100073,100,99861,100,100096,100,,,100104,100,,,100114,100,,
2019-06-28 09:30:00.000000044,100023,100,99982,100,100025,100,99943,100,100028,100,99942,100,100031,100,99934,100,100036,100,99906,100,100039,100,99896,100,100040,100,99861,100,100073,100,,,100096,100,,,100104,100,,
2019-06-28 09:30:00.000000045,100023,100,99982,100,100025,100,99962,100,100028,100,99943,100,100031,100,99942,100,100036,100,99934,100,100039,100,99906,100,100040,100,99896,100,100073,100,99861,100,100096,100,,,100104,100,,
2019-06-28 09:30:00.000000048,100023,100,99982,100,100025,100,99962,100,100028,100,99943,100,100031,100,99942,100,100036,100,99934,100,100039,100,99906,100,100040,100,99896,100,100073,100,99880,100,100096,100,99861,100,100104,100,,
2019-06-28 09:30:00.000000049,100011,100,99982,100,100023,100,99962,100,100025,100,99943,100,100028,100,99942,100,100031,100,99934,100,100036,100,99906,100,100039,100,99896,100,100040,100,99880,100,100073,100,99861,100,100091,100,,
2019-06-28 09:30:00.000000050,100011,100,99991,100,100023,100,99982,100,100025,100,99962,100,100028,100,99943,100,100031,100,99942,100,100036,100,99934,100,100039,100,99906,100,100040,100,99896,100,100041,100,99880,100,100073,100,99861,100
2019-06-28 09:30:00.000000052,100011,100,99991,100,100023,100,99982,100,100025,100,99962,100,100028,100,99943,100,100031,100,99942,100,100036,100,99934,100,100039,100,99906,100,100040,100,99896,100,100041,100,99880,100,100048,100,99861,100
2019-06-28 09:30:00.000000056,100011,100,99991,100,100023,100,99989,100,100025,100,99982,100,100028,100,99962,100,100031,100,99943,100,100036,100,99942,100,100039,100,99934,100,100040,100,99906,100,100041,100,99896,100,100048,100,99880,100
2019-06-28 09:30:00.000000057,100011,100,99991,100,100023,100,99989,100,100025,100,99982,100,100028,100,99962,100,100031,100,99958,100,100036,100,99943,100,100039,100,99942,100,100040,100,99934,100,100041,100,99906,100,100048,100,99896,100
2019-06-28 09:30:00.000000058,100011,100,99991,100,100023,100,99989,100,100025,100,99982,100,100028,100,99962,100,100031,100,99958,100,100036,100,99943,100,100039,100,99942,100,100040,100,99934,100,100041,100,99906,100,100048,100,99896,100
2019-06-28 09:30:00.000000059,100011,100,99991,100,100023,100,99989,100,100025,100,99982,100,100028,100,99962,100,100031,100,99958,100,100036,100,99943,100,100039,100,99942,100,100040,100,99934,100,100041,100,99906,100,100048,100,99896,100
2019-06-28 09:30:00.000000060,100011,100,99991,100,100023,100,99989,100,100025,100,99982,100,100028,100,99962,100,100031,100,99961,100,100036,100,99958,100,100039,100,99943,100,100040,100,99942,100,100041,100,99934,100,100048,100,99906,100
2019-06-28 09:30:00.000000061,100011,100,99991,100,100023,100,99989,100,100025,100,99982,100,100028,100,99962,100,100031,100,99961,100,100036,100,99958,100,100039,100,99943,100,100040,100,99942,100,100041,100,99934,100,100048,100,99906,100
2019-06-28 09:30:00.000000062,100011,100,99991,100,100023,100,99989,100,100025,100,99982,100,100028,100,99962,100,100031,100,99961,100,100036,100,99958,100,100039,100,99943,100,100040,100,99942,100,100041,100,99934,100,100048,100,99906,100
2019-06-28 09:30:00.000000064,100011,100,99991,100,100023,100,99989,100,100025,100,99982,100,100028,100,99962,100,100031,100,99961,100,100036,100,99958,100,100039,100,99943,100,100040,100,99942,100,100041,100,99934,100,100048,100,99906,100
2019-06-28 09:30:00.000000065,100011,100,99991,100,100023,100,99989,100,100025,100,99982,100,100028,100,99962,100,100031,100,99961,100,100036,100,99958,100,100039,100,99943,100,100040,100,99942,100,100041,100,99934,100,100048,100,99925,100
2019-06-28 09:30:00.000000067,100011,200,99991,100,100023,100,99989,100,100025,100,99982,100,100028,100,99962,100,100031,100,99961,100,100036,100,99958,100,100039,100,99943,100,100040,100,99942,100,100041,100,99934,100,100048,100,99925,100
2019-06-28 09:30:00.000000069,100011,200,100002,100,100023,100,99991,100,100025,100,99989,100,100028,100,99982,100,100031,100,99962,100,100036,100,99961,100,100039,100,99958,100,100040,100,99943,100,100041,100,99942,100,100048,100,99934,100
2019-06-28 09:30:00.000000073,100011,100,100002,100,100023,100,99991,100,100025,100,99989,100,100028,100,99982,100,100031,100,99962,100,100036,100,99961,100,100039,100,99958,100,100040,100,99943,100,100041,100,99942,100,100048,100,99934,100
2019-06-28 09:30:00.000000074,100010,100,100002,100,100011,100,99991,100,100023,100,99989,100,100025,100,99982,100,100028,100,99962,100,100031,100,99961,100,100036,100,99958,100,100039,100,99943,100,100040,100,99942,100,100041,100,99934,100
2019-06-28 09:30:00.000000075,100010,100,100002,100,100011,100,99991,100,100023,100,99989,100,100025,100,99982,100,100028,100,99962,100,100031,100,99961,100,100036,100,99958,100,100039,100,99943,100,100040,100,99942,100,100041,100,99934,100
2019-06-28 09:30:00.000000078,100010,100,100002,100,100011,100,99991,100,100023,100,99989,100,100025,100,99982,100,100028,100,99981,100,100031,100,99962,100,100036,100,99961,100,100039,100,99958,100,100040,100,99943,100,100041,100,99942,100
2019-06-28 09:30:00.000000082,100010,100,99991,100,100011,100,99989,100,100023,100,99982,100,100025,100,99981,100,100028,100,99962,100,100031,100,99961,100,100036,100,99958,100,100039,100,99943,100,100040,100,99942,100,100041,100,99934,100
2019-06-28 09:30:00.000000085,100000,100,99991,100,100010,100,99989,100,100011,100,99982,100,100023,100,99981,100,100025,100,99962,100,100028,100,99961,100,100031,100,99958,100,100036,100,99943,100,100039,100,99942,100,100040,100,99934,100
2019-06-28 09:30:00.000000086,100000,100,99991,100,100010,100,99989,100,100011,100,99982,100,100023,100,99981,100,100025,100,99962,100,100028,100,99961,100,100031,100,99958,100,100036,100,99943,100,100039,100,99942,100,100040,100,99934,100
2019-06-28 09:30:00.000000088,100000,100,99991,100,100010,100,99989,100,100011,100,99982,100,100023,100,99981,100,100025,100,99962,100,100028,100,99961,100,100031,100,99958,100,100033,100,99943,100,100036,100,99942,100,100039,100,99934,100
2019-06-28 09:30:00.000000090,100000,100,99991,100,100009,100,99989,100,100010,100,99982,100,100011,100,99981,100,100023,100,99962,100,100025,100,99961,100,100028,100,99958,100,100031,100,99943,100,100033,100,99942,100,100036,100,99934,100
2019-06-28 09:30:00.000000092,100000,100,99991,100,100009,100,99989,100,100010,100,99982,100,100011,100,99981,100,100023,100,99962,100,100025,100,99961,100,100028,100,99958,100,100031,100,99943,100,100033,100,99942,100,100036,100,99934,100
2019-06-28 09:30:00.000000093,100000,100,99991,100,100009,100,99989,100,100010,100,99982,100,100011,100,99981,100,100023,100,99962,100,100025,100,99961,100,100028,100,99958,100,100031,100,99948,100,100033,100,99943,100,100036,100,99942,100
2019-06-28 09:30:00.000000096,100000,100,99991,100,100009,100,99989,100,100010,100,99982,100,100011,100,99981,100,100023,100,99962,100,100025,100,99961,100,100028,100,99958,100,100031,100,99948,100,100033,100,99943,100,100036,100,99942,100
2019-06-28 09:30:00.000000098,100000,100,99991,100,100009,100,99989,100,100010,100,99982,100,100011,100,99981,100,100023,100,99962,100,100025,100,99961,100,100028,100,99958,100,100031,100,99948,100,100033,100,99943,100,100036,100,99942,100
2019-06-28 09:30:10.000000000,100000,464,99991,464,100009,100,99989,100,100010,100,99982,100,100011,100,99981,100,100023,100,99962,100,100025,100,99961,100,100028,100,99958,100,100031,100,99948,100,100033,100,99943,100,100036,100,99942,100
2019-06-28 09:30:11.577958831,100000,464,99991,464,100009,100,99989,100,100010,100,99982,100,100011,100,99981,100,100023,100,99962,100,100025,100,99961,100,100028,100,99958,100,100031,100,99948,100,100033,100,99943,100,100036,100,99942,100
2019-06-28 09:30:14.737319506,100000,364,99991,464,100009,100,99989,100,100010,100,99981,100,100011,100,99962,100,100023,100,99961,100,100025,100,99958,100,100028,100,99948,100,100031,100,99943,100,100033,100,99942,100,100036,100,99934,100
2019-06-28 09:30:17.184752556,100000,264,99991,464,100009,100,99989,100,100010,100,99981,100,100011,100,99962,100,100025,100,99961,100,100028,100,99958,100,100031,100,99948,100,100033,100,99943,100,100036,100,99942,100,100039,100,99934,100
2019-06-28 09:30:20.000000000,100009,224,99991,224,100010,220,99989,220,100011,220,99981,220,100025,100,99962,100,100028,100,99961,100,100031,100,99958,100,100033,100,99948,100,100036,100,99943,100,100039,100,99942,100,100040,100,99934,100
2019-06-28 09:30:30.000000000,100009,282,99991,282,100010,282,99989,282,100011,100,99981,100,100025,100,99962,100,100028,100,99961,100,100031,100,99958,100,100033,100,99948,100,100036,100,99943,100,100039,100,99942,100,100040,100,99934,100
2019-06-28 09:30:31.294151901,100009,282,99991,282,100010,282,99989,282,100011,100,99981,100,100025,100,99962,100,100028,100,99961,100,100031,100,99958,100,100033,100,99948,100,100036,100,99943,100,100039,100,99942,100,100040,100,99934,100
2019-06-28 09:30:40.000000000,100009,464,99991,464,100010,100,99989,100,100011,100,99981,100,100025,100,99962,100,100028,100,99961,100,100031,100,99958,100,100033,100,99948,100,100036,100,99943,100,100039,100,99942,100,100040,100,99934,100
2019-06-28 09:30:44.950891893,100009,464,100000,100,100010,100,99991,464,100011,100,99989,100,100025,100,99981,100,100028,100,99962,100,100031,100,99961,100,100033,100,99958,100,100036,100,99948,100,100039,100,99943,100,100040,100,99942,100
2019-06-28 09:30:50.000000000,100009,191,100000,191,100010,191,99991,191,100011,191,99989,191,100025,191,99981,191,100028,100,99962,100,100031,100,99961,100,100033,100,99958,100,100036,100,99948,100,100039,100,99943,100,100040,100,99942,100
2019-06-28 09:30:51.488495710,100009,191,100000,291,100010,191,99991,191,100011,191,99989,191,100025,191,99981,191,100028,100,99962,100,100031,100,99961,100,100033,100,99958,100,100036,100,99948,100,100039,100,99943,100,100040,100,99942,100
2019-06-28 09:31:00.000000000,100009,173,100000,273,100010,173,99991,173,100011,173,99989,173,100025,173,99981,173,100028,173,99962,173,100031,100,99961,100,100033,100,99958,100,100036,100,99948,100,100039,100,99943,100,100040,100,99942,100
2019-06-28 09:31:10.000000000,100009,173,100000,273,100010,173,99991,173,100011,173,99989,173,100025,173,99981,173,100028,173,99962,173,100031,100,99961,100,100033,100,99958,100,100036,100,99948,100,100039,100,99943,100,100040,100,99942,100
2019-06-28 09:31:20.000000000,100009,173,100000,273,100010,173,99991,173,100011,173,99989,173,100025,173,99981,173,100028,173,99962,173,100031,100,99961,100,100033,100,99958,100,100036,100,99948,100,100039,100,99943,100,100040,100,99942,100
2019-06-28 09:31:28.488024757,100009,173,100000,273,100010,173,99991,173,100011,173,99989,173,100025,173,99981,173,100028,173,99962,173,100031,100,99961,100,100033,100,99958,100,100036,100,99948,100,100039,100,99943,100,100040,100,99942,100
2019-06-28 09:31:29.868924386,100009,173,100000,173,100010,173,99991,173,100011,173,99989,173,100025,173,99981,173,100028,173,99962,173,100031,100,99961,100,100033,100,99958,100,100036,100,99948,100,100039,100,99943,100,100040,100,99942,100
2019-06-28 09:31:30.000000000,100009,282,100000,282,100010,282,99991,282,100011,100,99989,100,100025,100,99981,100,100028,100,99962,100,100031,100,99961,100,100033,100,99958,100,100036,100,99948,100,100039,100,99943,100,100040,100,99942,100
2019-06-28 09:31:31.170133348,100009,282,100000,282,100010,282,99991,282,100011,100,99989,100,100025,100,99981,100,100028,100,99962,100,100031,100,99961,100,100033,100,99958,100,100036,100,99948,100,100039,100,99943,100,100040,100,99942,100
2019-06-28 09:31:40.000000000,100009,191,100000,191,100010,191,99991,191,100011,191,99989,191,100025,191,99981,191,100028,100,99962,100,100031,100,99961,100,100033,100,99958,100,100036,100,99948,100,100039,100,99943,100,100040,100,99942,100
2019-06-28 09:31:50.000000000,100009,464,100000,464,100010,100,99991,100,100011,100,99989,100,100025,100,99981,100,100028,100,99962,100,100031,100,99961,100,100033,100,99958,100,100036,100,99948,100,100039,100,99943,100,100040,100,99942,100
2019-06-28 09:32:00.000000000,100009,173,100000,173,100010,173,99991,173,100011,173,99989,173,100025,173,99981,173,100028,173,99962,173,100031,100,99961,100,100033,100,99958,100,100036,100,99948,100,100039,100,99943,100,100040,100,99942,100
2019-06-28 09:32:10.000000000,100009,282,100000,282,100010,282,99991,282,100011,100,99989,100,100025,100,99981,100,100028,100,99962,100,100031,100,99961,100,100033,100,99958,100,100036,100,99948,100,100039,100,99943,100,100040,100,99942,100
2019-06-28 09:32:20.000000000,100009,173,100000,173,100010,173,99991,173,100011,173,99989,173,100025,173,99981,173,100028,173,99962,173,100031,100,99961,100,100033,100,99958,100,100036,100,99948,100,100039,100,99943,100,100040,100,99942,100
2019-06-28 09:32:30.000000000,100009,282,100000,282,100010,282,99991,282,100011,100,99989,100,100025,100,99981,100,100028,100,99962,100,100031,100,99961,100,100033,100,99958,100,100036,100,99948,100,100039,100,99943,100,100040,100,99942,100
2019-06-28 09:32:40.000000000,100009,224,100000,224,100010,220,99991,220,100011,220,99989,220,100025,100,99981,100,100028,100,99962,100,100031,100,99961,100,100033,100,99958,100,100036,100,99948,100,100039,100,99943,100,100040,100,99942,100
2019-06-28 09:32:50.000000000,100009,191,100000,191,100010,191,99991,191,100011,191,99989,191,100025,191,99981,191,100028,100,99962,100,100031,100,99961,100,100033,100,99958,100,100036,100,99948,100,100039,100,99943,100,100040,100,99942,100
2019-06-28 09:32:54.627230057,100009,191,100000,91,100010,191,99991,191,100011,191,99989,191,100025,191,99981,191,100028,100,99962,100,100031,100,99961,100,100033,100,99958,100,100036,100,99948,100,100040,100,99943,100,100041,100,99942,100
2019-06-28 09:33:00.000000000,100009,191,99991,191,100010,191,99989,191,100011,191,99981,191,100025,191,99962,191,100028,100,99961,100,100031,100,99958,100,100033,100,99948,100,100036,100,99943,100,100040,100,99942,100,100041,100,99934,100
2019-06-28 09:33:06.872989963,100009,191,99991,191,100010,191,99989,191,100011,191,99981,191,100025,191,99962,191,100028,100,99961,100,100031,100,99958,100,100033,100,99943,100,100036,100,99942,100,100040,100,99934,100,100041,100,99933,100
2019-06-28 09:33:10.000000000,100009,191,99991,191,100010,191,99989,191,100011,191,99981,191,100025,191,99962,191,100028,100,99961,100,100031,100,99958,100,100033,100,99943,100,100036,100,99942,100,100040,100,99934,100,100041,100,99933,100
2019-06-28 09:33:20.000000000,100009,173,99991,173,100010,173,99989,173,100011,173,99981,173,100025,173,99962,173,100028,173,99961,173,100031,100,99958,100,100033,100,99943,100,100036,100,99942,100,100040,100,99934,100,100041,100,99933,100
2019-06-28 09:33:24.593462986,100009,173,99991,173,100010,173,99989,173,100011,173,99981,173,100025,173,99962,173,100028,173,99961,173,100031,100,99958,100,100033,100,99943,100,100036,100,99942,100,100040,100,99934,100,100041,100,99933,100
2019-06-28 09:33:30.000000000,100009,224,99991,224,100010,220,99989,220,100011,220,99981,220,100025,100,99962,100,100028,100,99961,100,100031,100,99958,100,100033,100,99943,100,100036,100,99942,100,100040,100,99934,100,100041,100,99933,100
2019-06-28 09:33:38.995406849,100009,224,99991,224,100010,220,99989,220,100011,220,99981,220,100028,100,99962,100,100031,100,99961,100,100033,100,99958,100,100036,100,99943,100,100040,100,99942,100,100041,100,99934,100,100059,100,99933,100
2019-06-28 09:33:40.000000000,100009,282,99991,282,100010,282,99989,282,100011,100,99981,100,100028,100,99962,100,100031,100,99961,100,100033,100,99958,100,100036,100,99943,100,100040,100,99942,100,100041,100,99934,100,100059,100,99933,100
2019-06-28 09:33:50.000000000,100009,173,99991,173,100010,173,99989,173,100011,173,99981,173,100028,173,99962,173,100031,173,99961,173,100033,100,99958,100,100036,100,99943,100,100040,100,99942,100,100041,100,99934,100,100059,100,99933,100
2019-06-28 09:33:53.264123450,100000,100,99991,173,100009,173,99989,173,100010,173,99981,173,100011,173,99962,173,100028,173,99961,173,100031,173,99958,100,100033,100,99943,100,100036,100,99942,100,100040,100,99934,100,100041,100,99933,100
2019-06-28 09:33:54.787314037,100000,200,99991,173,100009,173,99989,173,100010,173,99981,173,100011,173,99962,173,100028,173,99961,173,100031,173,99958,100,100033,100,99943,100,100036,100,99942,100,100040,100,99934,100,100041,100,99933,100
2019-06-28 09:33:54.850652658,100000,200,99991,173,100009,173,99989,173,100010,173,99981,173,100011,173,99962,173,100028,173,99961,173,100031,173,99958,100,100033,100,99943,100,100036,100,99942,100,100040,100,99934,100,100041,100,99933,100
2019-06-28 09:33:57.400741833,100000,200,99991,73,100009,173,99989,173,100010,173,99981,173,100011,173,99962,173,100028,173,99961,173,100031,173,99958,100,100033,100,99943,100,100036,100,99942,100,100040,100,99933,100,100041,100,99931,100
2019-06-28 09:33:59.186823182,99999,100,99991,73,100000,200,99989,173,100009,173,99981,173,100010,173,99962,173,100011,173,99961,173,100028,173,99958,100,100031,173,99943,100,100033,100,99942,100,100036,100,99933,100,100040,100,99931,100
2019-06-28 09:34:00.000000000,99999,173,99989,173,100000,273,99981,173,100009,173,99962,173,100010,173,99961,173,100011,173,99958,173,100028,100,99943,100,100031,100,99942,100,100033,100,99933,100,100036,100,99931,100,100040,100,99925,100
2019-06-28 09:34:10.000000000,99999,173,99989,173,100000,273,99981,173,100009,173,99962,173,100010,173,99961,173,100011,173,99958,173,100028,100,99943,100,100031,100,99942,100,100033,100,99933,100,100036,100,99931,100,100040,100,99925,100
2019-06-28 09:34:11.174874658,99999,273,99989,173,100000,273,99981,173,100009,73,99962,173,100010,173,99961,173,100011,173,99958,173,100028,100,99943,100,100031,100,99942,100,100033,100,99933,100,100036,100,99931,100,100040,100,99925,100
2019-06-28 09:34:13.992944482,99999,273,99989,73,100000,273,99981,173,100009,73,99962,73,100010,173,99961,173,100011,173,99958,173,100028,100,99943,100,100031,100,99942,100,100033,100,99933,100,100036,100,99931,100,100040,100,99925,100
2019-06-28 09:34:15.011108081,99999,273,99989,73,100000,273,99981,173,100009,73,99962,73,100010,173,99961,173,100011,173,99958,173,100028,100,99943,100,100031,100,99942,100,100033,100,99933,100,100036,100,99931,100,100040,100,99925,100
2019-06-28 09:34:20.000000000,99999,324,99981,224,100000,320,99961,220,100010,220,99958,220,100011,100,99943,100,100028,100,99942,100,100031,100,99933,100,100033,100,99931,100,100036,100,99925,100,100040,100,99912,100,100041,100,99908,100
2019-06-28 09:34:30.000000000,99999,273,99981,173,100000,273,99961,173,100010,173,99958,173,100011,173,99943,173,100028,173,99942,173,100031,100,99933,100,100033,100,99931,100,100036,100,99925,100,100040,100,99912,100,100041,100,99908,100
2019-06-28 09:34:40.000000000,99999,273,99981,173,100000,273,99961,173,100010,173,99958,173,100011,173,99943,173,100028,173,99942,173,100031,100,99933,100,100033,100,99931,100,100036,100,99925,100,100040,100,99912,100,100041,100,99908,100
2019-06-28 09:34:46.947585525,99999,273,99981,73,100000,273,99961,173,100010,173,99958,173,100011,173,99943,173,100028,173,99942,173,100031,100,99933,100,100033,100,99931,100,100036,100,99925,100,100040,100,99912,100,100041,100,99908,100
2019-06-28 09:34:50.000000000,99999,382,99961,282,100000,382,99958,282,100010,100,99943,100,100011,100,99942,100,100028,100,99933,100,100031,100,99931,100,100033,100,99925,100,100036,100,99912,100,100040,100,99908,100,100041,100,99906,100
2019-06-28 09:35:00.000000000,99999,382,99961,282,100000,382,99958,282,100010,100,99943,100,100011,100,99942,100,100028,100,99933,100,100031,100,99931,100,100033,100,99925,100,100036,100,99912,100,100040,100,99908,100,100041,100,99906,100
2019-06-28 09:35:10.000000000,99999,564,99961,464,100000,200,99958,100,100010,100,99943,100,100011,100,99942,100,100028,100,99933,100,100031,100,99931,100,100033,100,99925,100,100036,100,99912,100,100040,100,99908,100,100041,100,99906,100
2019-06-28 09:35:17.965530031,99989,100,99961,464,99999,564,99958,100,100000,200,99943,100,100010,100,99942,100,100011,100,99933,100,100028,100,99931,100,100031,100,99925,100,100033,100,99912,100,100036,100,99908,100,100040,100,99906,100
2019-06-28 09:35:18.481033911,99989,100,99961,464,99999,564,99958,100,100000,200,99943,100,100010,100,99942,100,100011,100,99933,100,100028,100,99931,100,100031,100,99925,100,100033,100,99912,100,100036,100,99908,100,100040,100,99906,100
2019-06-28 09:35:20.000000000,99989,464,99961,464,99999,200,99958,100,100000,200,99943,100,100010,100,99942,100,100011,100,99933,100,100028,100,99931,100,100031,100,99925,100,100033,100,99912,100,100036,100,99908,100,100040,100,99906,100
2019-06-28 09:35:25.023831011,99989,564,99961,464,99999,200,99958,100,100000,200,99943,100,100010,100,99942,100,100011,100,99933,100,100028,100,99931,100,100031,100,99925,100,100033,100,99912,100,100036,100,99908,100,100040,100,99906,100
2019-06-28 09:35:30.000000000,99989,564,99961,464,99999,200,99958,100,100000,200,99943,100,100010,100,99942,100,100011,100,99933,100,100028,100,99931,100,100031,100,99925,100,100033,100,99912,100,100036,100,99908,100,100040,100,99906,100
2019-06-28 09:35:33.485276473,99989,564,99961,464,99999,200,99958,100,100000,200,99943,100,100010,100,99942,100,100011,100,99933,100,100028,100,99931,100,100031,100,99925,100,100033,100,99912,100,100040,100,99908,100,100041,100,99906,100
2019-06-28 09:35:40.000000000,99989,291,99961,191,99999,291,99958,191,100000,291,99943,191,100010,191,99942,191,100011,100,99933,100,100028,100,99931,100,100031,100,99925,100,100033,100,99912,100,100040,100,99908,100,100041,100,99906,100
2019-06-28 09:35:50.000000000,99989,324,99961,224,99999,320,99958,220,100000,320,99943,220,100010,100,99942,100,100011,100,99933,100,100028,100,99931,100,100031,100,99925,100,100033,100,99912,100,100040,100,99908,100,100041,100,99906,100
2019-06-28 09:35:51.886757555,99989,324,99961,224,99999,220,99958,220,100000,320,99943,220,100010,100,99942,100,100011,100,99933,100,100028,100,99931,100,100031,100,99925,100,100033,100,99912,100,100040,100,99908,100,100041,100,99906,100
2019-06-28 09:36:00.000000000,99989,382,99961,282,99999,282,99958,282,100000,200,99943,100,100010,100,99942,100,100011,100,99933,100,100028,100,99931,100,100031,100,99925,100,100033,100,99912,100,100040,100,99908,100,100041,100,99906,100
2019-06-28 09:36:05.965700302,99989,382,99961,182,99999,282,99958,282,100000,200,99943,100,100010,100,99942,100,100011,100,99933,100,100028,100,99931,100,100031,100,99925,100,100033,100,99908,100,100040,100,99906,100,100041,100,99896,100
2019-06-28 09:36:10.000000000,99989,291,99958,191,99999,191,99943,191,100000,291,99942,191,100010,191,99933,191,100011,100,99931,100,100028,100,99925,100,100031,100,99908,100,100033,100,99906,100,100040,100,99896,100,100041,100,99883,100
2019-06-28 09:36:20.000000000,99989,382,99958,282,99999,282,99943,282,100000,200,99942,100,100010,100,99933,100,100011,100,99931,100,100028,100,99925,100,100031,100,99908,100,100033,100,99906,100,100040,100,99896,100,100041,100,99883,100
2019-06-28 09:36:30.000000000,99989,324,99958,224,99999,220,99943,220,100000,320,99942,220,100010,100,99933,100,100011,100,99931,100,100028,100,99925,100,100031,100,99908,100,100033,100,99906,100,100040,100,99896,100,100041,100,99883,100
2019-06-28 09:36:30.855570658,99989,324,99958,124,99999,220,99943,220,100000,320,99942,220,100010,100,99933,100,100011,100,99931,100,100028,100,99925,100,100031,100,99908,100,100033,100,99906,100,100040,100,99896,100,100041,100,99883,100
2019-06-28 09:36:37.776966988,99989,324,99958,24,99999,220,99943,220,100000,320,99942,220,100010,100,99933,100,100011,100,99931,100,100028,100,99925,100,100031,100,99908,100,100033,100,99906,100,100040,100,99896,100,100041,100,99883,100
2019-06-28 09:36:37.893301843,99958,76,99943,220,99989,324,99942,220,99999,220,99933,100,100000,320,99931,100,100010,100,99925,100,100011,100,99908,100,100028,100,99906,100,100031,100,99896,100,100033,100,99883,100,100040,100,99612,100
2019-06-28 09:36:40.000000000,99958,167,99943,191,99989,291,99942,191,99999,191,99933,191,100000,291,99931,191,100010,100,99925,100,100011,100,99908,100,100028,100,99906,100,100031,100,99896,100,100033,100,99883,100,100040,100,99612,100
2019-06-28 09:36:50.000000000,99958,167,99943,191,99989,291,99942,191,99999,191,99933,191,100000,291,99931,191,100010,100,99925,100,100011,100,99908,100,100028,100,99906,100,100031,100,99896,100,100033,100,99883,100,100040,100,99612,100
2019-06-28 09:36:57.190819948,99958,167,99943,91,99989,291,99942,191,99999,191,99933,191,100000,291,99931,191,100010,100,99925,100,100011,100,99908,100,100028,100,99906,100,100031,100,99896,100,100033,100,99883,100,100040,100,99612,100
2019-06-28 09:37:00.000000000,99958,149,99942,173,99989,273,99933,173,99999,173,99931,173,100000,273,99925,173,100010,173,99908,173,100011,100,99906,100,100028,100,99896,100,100031,100,99883,100,100033,100,99612,100,100040,100,99507,100
2019-06-28 09:37:10.000000000,99958,167,99942,191,99989,291,99933,191,99999,191,99931,191,100000,291,99925,191,100010,100,99908,100,100011,100,99906,100,100028,100,99896,100,100031,100,99883,100,100033,100,99612,100,100040,100,99507,100
2019-06-28 09:37:20.000000000,99958,440,99942,464,99989,200,99933,100,99999,100,99931,100,100000,200,99925,100,100010,100,99908,100,100011,100,99906,100,100028,100,99896,100,100031,100,99883,100,100033,100,99612,100,100040,100,99507,100
2019-06-28 09:37:30.000000000,99958,258,99942,282,99989,382,99933,282,99999,100,99931,100,100000,200,99925,100,100010,100,99908,100,100011,100,99906,100,100028,100,99896,100,100031,100,99883,100,100033,100,99612,100,100040,100,99507,100
2019-06-28 09:37:40.000000000,99958,440,99942,464,99989,200,99933,100,99999,100,99931,100,100000,200,99925,100,100010,100,99908,100,100011,100,99906,100,100028,100,99896,100,100031,100,99883,100,100033,100,99612,100,100040,100,99507,100
2019-06-28 09:37:50.000000000,99958,200,99942,224,99989,320,99933,220,99999,220,99931,220,100000,200,99925,100,100010,100,99908,100,100011,100,99906,100,100028,100,99896,100,100031,100,99883,100,100033,100,99612,100,100040,100,99507,100
2019-06-28 09:37:59.086485631,99958,200,99942,224,99989,320,99933,220,99999,220,99931,220,100000,200,99925,100,100010,100,99908,100,100011,100,99906,100,100028,100,99896,100,100031,100,99883,100,100033,100,99612,100,100040,100,99507,100
2019-06-28 09:38:00.000000000,99958,149,99942,173,99989,273,99933,173,99999,173,99931,173,100000,273,99925,173,100010,173,99908,173,100011,100,99906,100,100028,100,99896,100,100031,100,99883,100,100033,100,99612,100,100040,100,99507,100
2019-06-28 09:38:10.000000000,99958,258,99942,282,99989,382,99933,282,99999,100,99931,100,100000,200,99925,100,100010,100,99908,100,100011,100,99906,100,100028,100,99896,100,100031,100,99883,100,100033,100,99612,100,100040,100,99507,100
2019-06-28 09:38:13.247908284,99958,258,99942,182,99989,382,99933,282,99999,100,99931,100,100000,200,99925,100,100010,100,99908,100,100011,100,99906,100,100028,100,99896,100,100031,100,99883,100,100033,100,99612,100,100040,100,99507,100
2019-06-28 09:38:20.000000000,99958,167,99933,191,99989,291,99931,191,99999,191,99925,191,100000,291,99908,191,100010,100,99906,100,100011,100,99896,100,100028,100,99883,100,100031,100,99612,100,100033,100,99507,100,100040,100,99453,100
2019-06-28 09:38:30.000000000,99958,200,99933,224,99989,320,99931,220,99999,220,99925,220,100000,200,99908,100,100010,100,99906,100,100011,100,99896,100,100028,100,99883,100,100031,100,99612,100,100033,100,99507,100,100040,100,99453,100
2019-06-28 09:38:31.119556962,99958,200,99933,224,99989,320,99931,220,99999,220,99925,220,100000,200,99908,100,100010,100,99906,100,100011,100,99896,100,100028,100,99883,100,100031,100,99612,100,100033,100,99507,100,100040,100,99453,100
2019-06-28 09:38:39.963205174,99958,200,99933,224,99989,320,99931,220,99999,220,99925,220,100000,200,99908,100,100010,100,99906,100,100011,100,99896,100,100028,100,99883,100,100031,100,99612,100,100033,100,99507,100,100040,100,99453,100
2019-06-28 09:38:40.000000000,99958,167,99933,191,99989,291,99931,191,99999,191,99925,191,100000,291,99908,191,100010,100,99906,100,100011,100,99896,100,100028,100,99883,100,100031,100,99612,100,100033,100,99507,100,100040,100,99453,100
2019-06-28 09:38:50.000000000,99958,258,99933,282,99989,382,99931,282,99999,100,99925,100,100000,200,99908,100,100010,100,99906,100,100011,100,99896,100,100028,100,99883,100,100031,100,99612,100,100033,100,99507,100,100040,100,99453,100
2019-06-28 09:38:54.697153515,99958,258,99933,182,99989,382,99931,282,99999,100,99925,100,100000,200,99908,100,100010,100,99906,100,100011,100,99896,100,100028,100,99883,100,100031,100,99612,100,100033,100,99507,100,100040,100,99453,100
2019-06-28 09:39:00.000000000,99958,167,99931,191,99989,291,99925,191,99999,191,99908,191,100000,291,99906,191,100010,100,99896,100,100011,100,99883,100,100028,100,99612,100,100031,100,99507,100,100033,100,99453,100,100040,100,99349,100
2019-06-28 09:39:08.677383696,99958,167,99931,191,99989,291,99925,191,99999,191,99908,191,100000,291,99906,191,100010,100,99896,100,100011,100,99883,100,100028,100,99612,100,100031,100,99607,100,100033,100,99507,100,100040,100,99453,100
2019-06-28 09:39:09.218737273,99942,100,99931,191,99958,167,99925,191,99989,291,99908,191,99999,191,99906,191,100000,191,99896,100,100010,100,99883,100,100011,100,99612,100,100028,100,99607,100,100031,100,99507,100,100033,100,99453,100
2019-06-28 09:39:10.000000000,99942,191,99931,191,99958,167,99925,191,99989,291,99908,191,99999,191,99906,191,100000,100,99896,100,100010,100,99883,100,100011,100,99612,100,100028,100,99607,100,100031,100,99507,100,100033,100,99453,100
2019-06-28 09:39:14.443667451,99942,191,99931,91,99958,167,99925,191,99989,291,99908,191,99999,191,99906,191,100000,100,99896,100,100010,100,99883,100,100011,100,99612,100,100028,100,99607,100,100031,100,99507,100,100033,100,99453,100
2019-06-28 09:39:16.925851670,99942,191,99931,91,99958,167,99925,191,99989,291,99908,191,99999,191,99906,191,100000,100,99896,100,100010,100,99883,100,100011,100,99612,100,100028,100,99607,100,100031,100,99594,100,100033,100,99453,100
2019-06-28 09:39:17.908325416,99942,191,99931,91,99958,167,99925,191,99989,191,99908,191,99999,191,99906,191,100000,100,99896,100,100010,100,99883,100,100011,100,99612,100,100028,100,99607,100,100031,100,99594,100,100033,100,99453,100
2019-06-28 09:39:20.000000000,99942,224,99925,224,99958,196,99908,220,99989,220,99906,220,99999,100,99896,100,100000,100,99883,100,100010,100,99612,100,100011,100,99607,100,100028,100,99594,100,100031,100,99453,100,100033,100,99349,100
2019-06-28 09:39:23.512008674,99942,224,99925,224,99958,196,99908,220,99989,220,99906,220,100000,100,99896,100,100010,100,99883,100,100011,100,99612,100,100028,100,99607,100,100031,100,99594,100,100033,100,99453,100,100040,100,99349,100
2019-06-28 09:39:27.340085730,99942,224,99925,224,99958,196,99908,220,99989,220,99906,220,100000,100,99896,100,100010,100,99883,100,100011,100,99612,100,100028,100,99607,100,100033,100,99594,100,100040,100,99453,100,100041,100,99349,100
2019-06-28 09:39:30.000000000,99942,191,99925,191,99958,167,99908,191,99989,191,99906,191,100000,191,99896,191,100010,100,99883,100,100011,100,99612,100,100028,100,99607,100,100033,100,99594,100,100040,100,99453,100,100041,100,99349,100
2019-06-28 09:39:37.519544954,99942,191,99925,91,99958,167,99908,91,99989,191,99906,191,100000,191,99896,191,100010,100,99883,100,100011,100,99612,100,100028,100,99607,100,100033,100,99594,100,100040,100,99453,100,100041,100,99349,100
2019-06-28 09:39:40.000000000,99942,191,99906,191,99958,167,99896,191,99989,191,99883,191,100000,191,99612,191,100010,100,99607,100,100011,100,99594,100,100028,100,99453,100,100033,100,99349,100,100040,100,99156,100,100041,100,99143,100
2019-06-28 09:39:45.558783321,99942,191,99906,91,99958,167,99896,191,99989,191,99883,191,100000,191,99612,191,100010,100,99607,100,100011,100,99594,100,100028,100,99453,100,100033,100,99349,100,100040,100,99156,100,100041,100,99143,100
2019-06-28 09:39:50.000000000,99942,282,99896,282,99958,258,99883,282,99989,100,99612,100,100000,100,99607,100,100010,100,99594,100,100011,100,99453,100,100028,100,99349,100,100033,100,99156,100,100040,100,99143,100,100041,100,99039,100
2019-06-28 09:40:00.000000000,99942,464,99896,464,99958,76,99883,100,99989,100,99612,100,100000,100,99607,100,100010,100,99594,100,100011,100,99453,100,100028,100,99349,100,100033,100,99156,100,100040,100,99143,100,100041,100,99039,100
2019-06-28 09:40:10.000000000,99942,464,99896,464,99958,76,99883,100,99989,100,99612,100,100000,100,99607,100,100010,100,99594,100,100011,100,99453,100,100028,100,99349,100,100033,100,99156,100,100040,100,99143,100,100041,100,99039,100
2019-06-28 09:40:20.000000000,99942,224,99896,224,99958,196,99883,220,99989,220,99612,220,100000,100,99607,100,100010,100,99594,100,100011,100,99453,100,100028,100,99349,100,100033,100,99156,100,100040,100,99143,100,100041,100,99039,100
2019-06-28 09:40:30.000000000,99942,464,99896,464,99958,76,99883,100,99989,100,99612,100,100000,100,99607,100,100010,100,99594,100,100011,100,99453,100,100028,100,99349,100,100033,100,99156,100,100040,100,99143,100,100041,100,99039,100
2019-06-28 09:40:37.702421839,99942,464,99896,464,99958,76,99883,100,99989,100,99612,100,100000,100,99607,100,100010,100,99594,100,100011,100,99453,100,100028,100,99349,100,100033,100,99303,100,100040,100,99156,100,100041,100,99143,100
2019-06-28 09:40:40.000000000,99942,173,99896,173,99958,149,99883,173,99989,173,99612,173,100000,173,99607,173,100010,173,99594,173,100011,100,99453,100,100028,100,99349,100,100033,100,99303,100,100040,100,99156,100,100041,100,99143,100
2019-06-28 09:40:47.926438468,99942,173,99896,173,99958,149,99883,173,99989,173,99612,173,100000,173,99607,173,100010,173,99594,173,100011,100,99453,100,100028,100,99349,100,100033,100,99303,100,100040,100,99156,100,100041,100,99143,100
2019-06-28 09:40:50.000000000,99942,191,99896,191,99958,167,99883,191,99989,191,99612,191,100000,191,99607,191,100010,100,99594,100,100011,100,99453,100,100028,100,99349,100,100033,100,99303,100,100040,100,99156,100,100041,100,99143,100
2019-06-28 09:40:54.069246806,99942,191,99896,191,99958,167,99883,191,99989,191,99612,191,100000,191,99607,191,100010,100,99594,100,100011,100,99555,100,100028,100,99453,100,100033,100,99349,100,100040,100,99303,100,100041,100,99156,100
2019-06-28 09:41:00.000000000,99942,173,99896,173,99958,149,99883,173,99989,173,99612,173,100000,173,99607,173,100010,173,99594,173,100011,100,99555,100,100028,100,99453,100,100033,100,99349,100,100040,100,99303,100,100041,100,99156,100
2019-06-28 09:41:10.000000000,99942,464,99896,464,99958,76,99883,100,99989,100,99612,100,100000,100,99607,100,100010,100,99594,100,100011,100,99555,100,100028,100,99453,100,100033,100,99349,100,100040,100,99303,100,100041,100,99156,100
2019-06-28 09:41:20.000000000,99942,282,99896,282,99958,258,99883,282,99989,100,99612,100,100000,100,99607,100,100010,100,99594,100,100011,100,99555,100,100028,100,99453,100,100033,100,99349,100,100040,100,99303,100,100041,100,99156,100
2019-06-28 09:41:27.513779622,99942,282,99896,182,99958,258,99883,282,99989,100,99612,100,100000,100,99607,100,100010,100,99594,100,100011,100,99555,100,100028,100,99453,100,100033,100,99349,100,100040,100,99303,100,100041,100,99156,100
2019-06-28 09:41:30.000000000,99942,173,99883,173,99958,149,99612,173,99989,173,99607,173,100000,173,99594,173,100010,173,99555,173,100011,100,99453,100,100028,100,99349,100,100033,100,99303,100,100040,100,99156,100,100041,100,99143,100
2019-06-28 09:41:40.000000000,99942,173,99883,173,99958,149,99612,173,99989,173,99607,173,100000,173,99594,173,100010,173,99555,173,100011,100,99453,100,100028,100,99349,100,100033,100,99303,100,100040,100,99156,100,100041,100,99143,100
2019-06-28 09:41:44.684150053,99906,100,99883,173,99942,173,99612,173,99958,149,99607,173,99989,173,99594,173,100000,173,99555,173,100010,173,99453,100,100011,100,99349,100,100028,100,99303,100,100033,100,99156,100,100040,100,99143,100
2019-06-28 09:41:50.000000000,99906,191,99883,191,99942,191,99612,191,99958,167,99607,191,99989,191,99594,191,100000,100,99555,100,100010,100,99453,100,100011,100,99349,100,100028,100,99303,100,100033,100,99156,100,100040,100,99143,100
2019-06-28 09:42:00.000000000,99906,464,99883,464,99942,100,99612,100,99958,76,99607,100,99989,100,99594,100,100000,100,99555,100,100010,100,99453,100,100011,100,99349,100,100028,100,99303,100,100033,100,99156,100,100040,100,99143,100
2019-06-28 09:42:10.000000000,99906,224,99883,224,99942,220,99612,220,99958,196,99607,220,99989,100,99594,100,100000,100,99555,100,100010,100,99453,100,100011,100,99349,100,100028,100,99303,100,100033,100,99156,100,100040,100,99143,100
2019-06-28 09:42:10.109264551,99906,224,99883,224,99942,220,99612,220,99958,196,99607,220,99989,100,99594,100,100010,100,99555,100,100011,100,99453,100,100028,100,99349,100,100033,100,99303,100,100040,100,99156,100,100041,100,99143,100
2019-06-28 09:42:20.000000000,99906,191,99883,191,99942,191,99612,191,99958,167,99607,191,99989,191,99594,191,100010,100,99555,100,100011,100,99453,100,100028,100,99349,100,100033,100,99303,100,100040,100,99156,100,100041,100,99143,100
2019-06-28 09:42:30.000000000,99906,173,99883,173,99942,173,99612,173,99958,149,99607,173,99989,173,99594,173,100010,173,99555,173,100011,100,99453,100,100028,100,99349,100,100033,100,99303,100,100040,100,99156,100,100041,100,99143,100
2019-06-28 09:42:40.000000000,99906,173,99883,173,99942,173,99612,173,99958,149,99607,173,99989,173,99594,173,100010,173,99555,173,100011,100,99453,100,100028,100,99349,100,100033,100,99303,100,100040,100,99156,100,100041,100,99143,100
2019-06-28 09:42:45.381720090,99906,73,99883,173,99942,173,99612,173,99958,149,99607,173,99989,173,99594,173,100010,173,99555,173,100011,100,99453,100,100028,100,99349,100,100033,100,99303,100,100040,100,99156,100,100041,100,99143,100
2019-06-28 09:42:50.000000000,99942,464,99883,464,99958,76,99612,100,99989,100,99607,100,100010,100,99594,100,100011,100,99555,100,100028,100,99453,100,100033,100,99349,100,100040,100,99303,100,100041,100,99156,100,100073,200,99143,100
2019-06-28 09:42:53.084589771,99942,364,99883,464,99958,76,99607,100,99989,100,99594,100,100010,100,99555,100,100011,100,99453,100,100028,100,99349,100,100033,100,99303,100,100040,100,99156,100,100041,100,99143,100,100073,200,99039,100
2019-06-28 09:42:58.512411770,99942,364,99883,464,99958,76,99607,100,99989,100,99594,100,100010,100,99555,100,100011,100,99453,100,100028,100,99349,100,100033,100,99303,100,100040,100,99156,100,100041,100,99143,100,100073,200,99039,100
2019-06-28 09:43:00.000000000,99958,149,99883,173,99989,173,99607,173,100010,173,99594,173,100011,173,99555,173,100028,173,99453,173,100033,100,99349,100,100040,100,99303,100,100041,100,99156,100,100073,200,99143,100,100076,100,99039,100
2019-06-28 09:43:04.730913269,99927,100,99883,173,99958,149,99607,173,99989,173,99594,173,100010,173,99555,173,100011,173,99453,173,100028,173,99349,100,100033,100,99303,100,100040,100,99156,100,100041,100,99143,100,100073,200,99039,100
2019-06-28 09:43:10.000000000,99927,173,99883,173,99958,149,99607,173,99989,173,99594,173,100010,173,99555,173,100011,173,99453,173,100028,100,99349,100,100033,100,99303,100,100040,100,99156,100,100041,100,99143,100,100073,200,99039,100
2019-06-28 09:43:20.000000000,99927,191,99883,191,99958,167,99607,191,99989,191,99594,191,100010,191,99555,191,100011,100,99453,100,100028,100,99349,100,100033,100,99303,100,100040,100,99156,100,100041,100,99143,100,100073,200,99039,100
2019-06-28 09:43:30.000000000,99927,282,99883,282,99958,258,99607,282,99989,100,99594,100,100010,100,99555,100,100011,100,99453,100,100028,100,99349,100,100033,100,99303,100,100040,100,99156,100,100041,100,99143,100,100073,200,99039,100
2019-06-28 09:43:39.458719669,99927,182,99883,282,99958,258,99607,282,99989,100,99594,100,100010,100,99555,100,100011,100,99453,100,100028,100,99349,100,100033,100,99303,100,100040,100,99156,100,100041,100,99143,100,100073,200,99039,100
2019-06-28 09:43:40.000000000,99958,149,99883,173,99989,173,99607,173,100010,173,99594,173,100011,173,99555,173,100028,173,99453,173,100033,100,99349,100,100040,100,99303,100,100041,100,99156,100,100073,200,99143,100,100076,100,99039,100
2019-06-28 09:43:50.000000000,99958,167,99883,191,99989,191,99607,191,100010,191,99594,191,100011,191,99555,191,100028,100,99453,100,100033,100,99349,100,100040,100,99303,100,100041,100,99156,100,100073,200,99143,100,100076,100,99039,100
2019-06-28 09:44:00.000000000,99958,167,99883,191,99989,191,99607,191,100010,191,99594,191,100011,191,99555,191,100028,100,99453,100,100033,100,99349,100,100040,100,99303,100,100041,100,99156,100,100073,200,99143,100,100076,100,99039,100
2019-06-28 09:44:10.000000000,99958,167,99883,191,99989,191,99607,191,100010,191,99594,191,100011,191,99555,191,100028,100,99453,100,100033,100,99349,100,100040,100,99303,100,100041,100,99156,100,100073,200,99143,100,100076,100,99039,100
2019-06-28 09:44:20.000000000,99958,149,99883,173,99989,173,99607,173,100010,173,99594,173,100011,173,99555,173,100028,173,99453,173,100033,100,99349,100,100040,100,99303,100,100041,100,99156,100,100073,200,99143,100,100076,100,99039,100
2019-06-28 09:44:21.269145983,99958,149,99927,100,99989,173,99883,173,100010,173,99607,173,100011,173,99594,173,100028,173,99555,173,100033,100,99453,173,100040,100,99349,100,100041,100,99303,100,100073,200,99156,100,100076,100,99143,100
2019-06-28 09:44:26.556799003,99958,149,99945,100,99989,173,99927,100,100010,173,99883,173,100011,173,99607,173,100028,173,99594,173,100033,100,99555,173,100040,100,99453,173,100041,100,99349,100,100073,200,99303,100,100076,100,99156,100
2019-06-28 09:44:30.000000000,99958,258,99945,282,99989,282,99927,282,100010,100,99883,100,100011,100,99607,100,100028,100,99594,100,100033,100,99555,100,100040,100,99453,100,100041,100,99349,100,100073,200,99303,100,100076,100,99156,100
2019-06-28 09:44:37.965869319,99958,258,99945,182,99989,282,99927,282,100010,100,99883,100,100011,100,99607,100,100028,100,99594,100,100033,100,99555,100,100040,100,99453,100,100041,100,99349,100,100073,200,99303,100,100076,100,99156,100
2019-06-28 09:44:40.000000000,99958,440,99927,464,99989,100,99883,100,100010,100,99607,100,100011,100,99594,100,100028,100,99555,100,100033,100,99453,100,100040,100,99349,100,100041,100,99303,100,100073,200,99156,100,100076,100,99143,100
2019-06-28 09:44:42.592379438,99958,440,99928,100,99989,100,99927,464,100010,100,99883,100,100011,100,99607,100,100028,100,99594,100,100033,100,99555,100,100040,100,99453,100,100073,200,99349,100,100076,100,99303,100,100090,100,99156,100
2019-06-28 09:44:44.968803778,99958,440,99928,100,99989,100,99927,464,100010,100,99883,100,100011,100,99607,100,100028,100,99594,100,100033,100,99555,100,100040,100,99453,100,100073,200,99349,100,100076,100,99303,100,100094,100,99156,100
2019-06-28 09:44:50.000000000,99958,440,99928,464,99989,100,99927,100,100010,100,99883,100,100011,100,99607,100,100028,100,99594,100,100033,100,99555,100,100040,100,99453,100,100073,200,99349,100,100076,100,99303,100,100094,100,99156,100
2019-06-28 09:45:00.000000000,99958,149,99928,173,99989,173,99927,173,100010,173,99883,173,100011,173,99607,173,100028,173,99594,173,100033,100,99555,100,100040,100,99453,100,100073,200,99349,100,100076,100,99303,100,100094,100,99156,100
2019-06-28 09:45:07.400040707,99958,149,99944,100,99989,173,99928,173,100010,173,99927,173,100011,173,99883,173,100028,173,99607,173,100033,100,99594,173,100040,100,99555,100,100073,200,99453,100,100076,100,99349,100,100094,100,99303,100
2019-06-28 09:45:10.000000000,99958,149,99944,173,99989,173,99928,173,100010,173,99927,173,100011,173,99883,173,100028,173,99607,173,100033,100,99594,100,100040,100,99555,100,100073,200,99453,100,100076,100,99349,100,100094,100,99303,100
2019-06-28 09:45:18.993121471,99958,149,99944,173,99989,173,99928,173,100010,173,99927,173,100011,173,99883,173,100028,173,99607,173,100033,100,99594,100,100040,100,99555,100,100067,100,99453,100,100073,200,99349,100,100076,100,99303,100
2019-06-28 09:45:20.000000000,99958,149,99944,173,99989,173,99928,173,100010,173,99927,173,100011,173,99883,173,100028,173,99607,173,100033,100,99594,100,100040,100,99555,100,100067,100,99453,100,100073,200,99349,100,100076,100,99303,100
2019-06-28 09:45:30.000000000,99958,167,99944,191,99989,191,99928,191,100010,191,99927,191,100011,191,99883,191,100028,100,99607,100,100033,100,99594,100,100040,100,99555,100,100067,100,99453,100,100073,200,99349,100,100076,100,99303,100
2019-06-28 09:45:40.000000000,99958,149,99944,173,99989,173,99928,173,100010,173,99927,173,100011,173,99883,173,100028,173,99607,173,100033,100,99594,100,100040,100,99555,100,100067,100,99453,100,100073,200,99349,100,100076,100,99303,100
2019-06-28 09:45:41.663457603,99958,149,99944,173,99989,173,99928,173,100010,173,99927,173,100011,173,99883,173,100028,173,99744,100,100033,100,99607,173,100040,100,99594,100,100067,100,99555,100,100073,200,99453,100,100076,100,99349,100
2019-06-28 09:45:50.000000000,99958,149,99944,173,99989,173,99928,173,100010,173,99927,173,100011,173,99883,173,100028,173,99744,173,100033,100,99607,100,100040,100,99594,100,100067,100,99555,100,100073,200,99453,100,100076,100,99349,100
2019-06-28 09:46:00.000000000,99958,258,99944,282,99989,282,99928,282,100010,100,99927,100,100011,100,99883,100,100028,100,99744,100,100033,100,99607,100,100040,100,99594,100,100067,100,99555,100,100073,200,99453,100,100076,100,99349,100
2019-06-28 09:46:10.000000000,99958,200,99944,224,99989,220,99928,220,100010,220,99927,220,100011,100,99883,100,100028,100,99744,100,100033,100,99607,100,100040,100,99594,100,100067,100,99555,100,100073,200,99453,100,100076,100,99349,100
2019-06-28 09:46:20.000000000,99958,258,99944,282,99989,282,99928,282,100010,100,99927,100,100011,100,99883,100,100028,100,99744,100,100033,100,99607,100,100040,100,99594,100,100067,100,99555,100,100073,200,99453,100,100076,100,99349,100
2019-06-28 09:46:22.646001508,99958,258,99946,100,99989,282,99944,282,100010,100,99928,282,100011,100,99883,100,100028,100,99744,100,100033,100,99607,100,100040,100,99594,100,100067,100,99555,100,100073,200,99453,100,100076,100,99349,100
2019-06-28 09:46:30.000000000,99958,200,99946,224,99989,220,99944,220,100010,220,99928,220,100011,100,99883,100,100028,100,99744,100,100033,100,99607,100,100040,100,99594,100,100067,100,99555,100,100073,200,99453,100,100076,100,99349,100
2019-06-28 09:46:40.000000000,99958,440,99946,464,99989,100,99944,100,100010,100,99928,100,100011,100,99883,100,100028,100,99744,100,100033,100,99607,100,100040,100,99594,100,100067,100,99555,100,100073,200,99453,100,100076,100,99349,100
2019-06-28 09:46:42.787976075,99958,340,99946,464,99989,100,99944,100,100010,100,99928,100,100011,100,99883,100,100028,100,99744,100,100033,100,99607,100,100040,100,99594,100,100067,100,99555,100,100073,200,99453,100,100076,100,99349,100
2019-06-28 09:46:50.000000000,99989,224,99946,224,100010,220,99944,220,100011,220,99928,220,100028,100,99883,100,100033,100,99744,100,100040,100,99607,100,100067,100,99594,100,100073,200,99555,100,100076,100,99453,100,100094,100,99349,100
2019-06-28 09:46:59.993236543,99989,224,99946,224,100010,220,99944,220,100011,220,99928,220,100028,100,99883,100,100033,100,99744,100,100040,100,99607,100,100067,100,99594,100,100073,200,99555,100,100076,100,99453,100,100094,100,99349,100
2019-06-28 09:47:00.000000000,99989,191,99946,191,100010,191,99944,191,100011,191,99928,191,100028,191,99883,191,100033,100,99744,100,100040,100,99607,100,100067,100,99594,100,100073,200,99555,100,100076,100,99453,100,100094,100,99349,100
2019-06-28 09:47:10.000000000,99989,282,99946,282,100010,282,99944,282,100011,100,99928,100,100028,100,99883,100,100033,100,99744,100,100040,100,99607,100,100067,100,99594,100,100073,200,99555,100,100076,100,99453,100,100094,100,99349,100
2019-06-28 09:47:16.484052366,99989,182,99946,282,100010,282,99944,282,100011,100,99928,100,100028,100,99883,100,100033,100,99744,100,100040,100,99607,100,100067,100,99594,100,100073,200,99555,100,100076,100,99453,100,100094,100,99349,100
2019-06-28 09:47:20.000000000,100010,464,99946,464,100011,100,99944,100,100028,100,99928,100,100033,100,99883,100,100040,100,99744,100,100067,100,99607,100,100073,200,99594,100,100076,100,99555,100,100094,100,99453,100,100114,100,99349,100
2019-06-28 09:47:23.261636084,100010,464,99946,464,100011,100,99944,100,100028,100,99928,100,100033,100,99883,100,100040,100,99744,100,100067,100,99607,100,100073,200,99594,100,100076,100,99555,100,100094,100,99453,100,100114,100,99349,100
2019-06-28 09:47:26.075854820,100010,364,99946,464,100011,100,99944,100,100028,100,99928,100,100033,100,99883,100,100040,100,99744,100,100067,100,99607,100,100073,200,99594,100,100076,100,99555,100,100094,100,99453,100,100114,100,99349,100
2019-06-28 09:47:30.000000000,100011,282,99946,282,100028,282,99944,282,100033,100,99928,100,100040,100,99883,100,100067,100,99744,100,100073,200,99607,100,100076,100,99594,100,100094,100,99555,100,100114,100,99453,100,100150,100,99349,100
2019-06-28 09:47:40.000000000,100011,282,99946,282,100028,282,99944,282,100033,100,99928,100,100040,100,99883,100,100067,100,99744,100,100073,200,99607,100,100076,100,99594,100,100094,100,99555,100,100114,100,99453,100,100150,100,99349,100
2019-06-28 09:47:50.000000000,100011,191,99946,191,100028,191,99944,191,100033,191,99928,191,100040,191,99883,191,100067,100,99744,100,100073,200,99607,100,100076,100,99594,100,100094,100,99555,100,100114,100,99453,100,100150,100,99349,100
2019-06-28 09:47:56.679917784,100011,191,99946,191,100028,191,99944,191,100033,191,99928,191,100040,91,99883,191,100067,100,99744,100,100073,200,99607,100,100076,100,99594,100,100094,100,99555,100,100114,100,99453,100,100150,100,99349,100
2019-06-28 09:48:00.000000000,100011,191,99946,191,100028,191,99944,191,100033,191,99928,191,100067,191,99883,191,100073,200,99744,100,100076,100,99607,100,100094,100,99594,100,100114,100,99555,100,100150,100,99453,100,100221,100,99349,100
2019-06-28 09:48:08.593732792,100011,91,99989,100,100028,191,99946,191,100033,191,99944,191,100067,191,99928,191,100073,200,99883,191,100076,100,99744,100,100094,100,99607,100,100114,100,99594,100,100150,100,99555,100,100221,100,99453,100
2019-06-28 09:48:10.000000000,100028,282,99989,282,100033,282,99946,282,100067,100,99944,100,100073,200,99928,100,100076,100,99883,100,100094,100,99744,100,100114,100,99607,100,100150,100,99594,100,100221,100,99555,100,100279,100,99453,100
2019-06-28 09:48:20.000000000,100028,464,99989,464,100033,100,99946,100,100067,100,99944,100,100073,200,99928,100,100076,100,99883,100,100094,100,99744,100,100114,100,99607,100,100150,100,99594,100,100221,100,99555,100,100279,100,99453,100
2019-06-28 09:48:27.986836078,100028,464,99989,564,100033,100,99946,100,100067,100,99944,100,100073,200,99928,100,100076,100,99883,100,100094,100,99744,100,100114,100,99607,100,100150,100,99594,100,100221,100,99555,100,100279,100,99453,100
2019-06-28 09:48:29.682994462,100028,364,99989,564,100033,100,99946,100,100067,100,99944,100,100073,200,99928,100,100076,100,99883,100,100094,100,99744,100,100114,100,99607,100,100150,100,99594,100,100221,100,99555,100,100279,100,99453,100
2019-06-28 09:48:30.000000000,100033,173,99989,273,100067,173,99946,173,100073,273,99944,173,100076,173,99928,173,100094,173,99883,173,100114,100,99744,100,100150,100,99607,100,100221,100,99594,100,100279,100,99555,100,100875,100,99453,100
2019-06-28 09:48:40.000000000,100033,191,99989,291,100067,191,99946,191,100073,291,99944,191,100076,191,99928,191,100094,100,99883,100,100114,100,99744,100,100150,100,99607,100,100221,100,99594,100,100279,100,99555,100,100875,100,99453,100
2019-06-28 09:48:44.499894529,100067,191,100033,9,100073,291,99989,291,100076,191,99946,191,100094,100,99944,191,100114,100,99928,191,100150,100,99883,100,100221,100,99744,100,100279,100,99607,100,100875,100,99594,100,100961,100,99555,100
2019-06-28 09:48:49.254617910,100067,191,100033,9,100073,291,99989,291,100076,191,99946,191,100094,100,99944,191,100114,100,99928,191,100150,100,99883,100,100279,100,99744,100,100875,100,99607,100,100944,100,99594,100,100961,100,99555,100
2019-06-28 09:48:50.000000000,100067,282,100033,191,100073,382,99989,382,100076,100,99946,100,100094,100,99944,100,100114,100,99928,100,100150,100,99883,100,100279,100,99744,100,100875,100,99607,100,100944,100,99594,100,100961,100,99555,100
2019-06-28 09:49:00.000000000,100067,191,100033,100,100073,291,99989,291,100076,191,99946,191,100094,191,99944,191,100114,100,99928,100,100150,100,99883,100,100279,100,99744,100,100875,100,99607,100,100944,100,99594,100,100961,100,99555,100
2019-06-28 09:49:02.957647348,100067,91,100033,100,100073,291,99989,291,100076,191,99946,191,100094,191,99944,191,100114,100,99928,100,100150,100,99883,100,100279,100,99744,100,100875,100,99607,100,100944,100,99594,100,100961,100,99555,100
2019-06-28 09:49:08.129589870,100067,91,100033,100,100073,291,99989,291,100076,191,99946,191,100094,191,99944,91,100114,100,99928,100,100150,100,99883,100,100279,100,99744,100,100855,100,99607,100,100875,100,99594,100,100944,100,99555,100
2019-06-28 09:49:10.000000000,100073,382,100033,191,100076,282,99989,382,100094,100,99946,100,100114,100,99928,100,100150,100,99883,100,100279,100,99744,100,100855,100,99607,100,100875,100,99594,100,100944,100,99555,100,100961,100,99453,100
2019-06-28 09:49:20.000000000,100073,273,100033,82,100076,173,99989,273,100094,173,99946,173,100114,173,99928,173,100150,173,99883,173,100279,100,99744,100,100855,100,99607,100,100875,100,99594,100,100944,100,99555,100,100961,100,99453,100
2019-06-28 09:49:21.912692702,100073,273,100034,100,100076,173,100033,82,100094,173,99989,273,100114,173,99946,173,100150,173,99928,173,100279,100,99883,173,100855,100,99744,100,100875,100,99607,100,100944,100,99594,100,100961,100,99555,100
2019-06-28 09:49:30.000000000,100073,324,100034,224,100076,220,100033,129,100094,220,99989,320,100114,100,99946,100,100150,100,99928,100,100279,100,99883,100,100855,100,99744,100,100875,100,99607,100,100944,100,99594,100,100961,100,99555,100
2019-06-28 09:49:40.000000000,100073,382,100034,282,100076,282,100033,191,100094,100,99989,200,100114,100,99946,100,100150,100,99928,100,100279,100,99883,100,100855,100,99744,100,100875,100,99607,100,100944,100,99594,100,100961,100,99555,100
2019-06-28 09:49:41.411808113,100073,382,100034,382,100076,282,100033,191,100094,100,99989,200,100114,100,99946,100,100150,100,99928,100,100279,100,99883,100,100855,100,99744,100,100875,100,99607,100,100944,100,99594,100,100961,100,99555,100
2019-06-28 09:49:50.000000000,100073,382,100034,382,100076,282,100033,191,100094,100,99989,200,100114,100,99946,100,100150,100,99928,100,100279,100,99883,100,100855,100,99744,100,100875,100,99607,100,100944,100,99594,100,100961,100,99555,100
2019-06-28 09:50:00.000000000,100073,291,100034,291,100076,191,100033,100,100094,191,99989,291,100114,191,99946,191,100150,100,99928,100,100279,100,99883,100,100855,100,99744,100,100875,100,99607,100,100944,100,99594,100,100961,100,99555,100
2019-06-28 09:50:10.000000000,100073,291,100034,291,100076,191,100033,100,100094,191,99989,291,100114,191,99946,191,100150,100,99928,100,100279,100,99883,100,100855,100,99744,100,100875,100,99607,100,100944,100,99594,100,100961,100,99555,100
2019-06-28 09:50:20.000000000,100073,273,100034,273,100076,173,100033,82,100094,173,99989,273,100114,173,99946,173,100150,173,99928,173,100279,100,99883,100,100855,100,99744,100,100875,100,99607,100,100944,100,99594,100,100961,100,99555,100
2019-06-28 09:50:30.000000000,100073,564,100034,564,100076,100,100033,9,100094,100,99989,200,100114,100,99946,100,100150,100,99928,100,100279,100,99883,100,100855,100,99744,100,100875,100,99607,100,100944,100,99594,100,100961,100,99555,100
2019-06-28 09:50:40.000000000,100073,324,100034,324,100076,220,100033,129,100094,220,99989,320,100114,100,99946,100,100150,100,99928,100,100279,100,99883,100,100855,100,99744,100,100875,100,99607,100,100944,100,99594,100,100961,100,99555,100
2019-06-28 09:50:50.000000000,100073,324,100034,324,100076,220,100033,129,100094,220,99989,320,100114,100,99946,100,100150,100,99928,100,100279,100,99883,100,100855,100,99744,100,100875,100,99607,100,100944,100,99594,100,100961,100,99555,100
2019-06-28 09:51:00.000000000,100073,291,100034,291,100076,191,100033,100,100094,191,99989,291,100114,191,99946,191,100150,100,99928,100,100279,100,99883,100,100855,100,99744,100,100875,100,99607,100,100944,100,99594,100,100961,100,99555,100
2019-06-28 09:51:00.449001908,100073,291,100034,191,100076,191,100033,100,100094,191,99989,291,100114,191,99946,191,100150,100,99928,100,100279,100,99883,100,100855,100,99744,100,100875,100,99607,100,100944,100,99594,100,100961,100,99555,100
2019-06-28 09:51:09.115587619,100073,291,100034,191,100076,191,100033,100,100094,191,99989,291,100114,191,99946,191,100150,100,99928,100,100279,100,99883,100,100855,100,99744,100,100875,100,99607,100,100944,100,99594,100,100961,100,99453,100
2019-06-28 09:51:10.000000000,100073,291,100034,191,100076,191,100033,100,100094,191,99989,291,100114,191,99946,191,100150,100,99928,100,100279,100,99883,100,100855,100,99744,100,100875,100,99607,100,100944,100,99594,100,100961,100,99453,100
2019-06-28 09:51:18.862510408,100073,291,100034,191,100076,191,100033,100,100094,191,99989,291,100114,191,99946,191,100150,100,99928,100,100279,100,99883,100,100855,100,99744,100,100875,100,99607,100,100944,100,99594,100,100961,100,99453,100
2019-06-28 09:51:20.000000000,100073,273,100034,173,100076,173,100033,82,100094,173,99989,273,100114,173,99946,173,100150,173,99928,173,100279,100,99883,100,100855,100,99744,100,100875,100,99607,100,100944,100,99594,100,100961,100,99453,100
2019-06-28 09:51:30.000000000,100073,291,100034,191,100076,191,100033,100,100094,191,99989,291,100114,191,99946,191,100150,100,99928,100,100279,100,99883,100,100855,100,99744,100,100875,100,99607,100,100944,100,99594,100,100961,100,99453,100
2019-06-28 09:51:40.000000000,100073,291,100034,191,100076,191,100033,100,100094,191,99989,291,100114,191,99946,191,100150,100,99928,100,100279,100,99883,100,100855,100,99744,100,100875,100,99607,100,100944,100,99594,100,100961,100,99453,100
2019-06-28 09:51:50.000000000,100073,382,100034,282,100076,282,100033,191,100094,100,99989,200,100114,100,99946,100,100150,100,99928,100,100279,100,99883,100,100855,100,99744,100,100875,100,99607,100,100944,100,99594,100,100961,100,99453,100
2019-06-28 09:52:00.000000000,100073,324,100034,224,100076,220,100033,129,100094,220,99989,320,100114,100,99946,100,100150,100,99928,100,100279,100,99883,100,100855,100,99744,100,100875,100,99607,100,100944,100,99594,100,100961,100,99453,100
2019-06-28 09:52:10.000000000,100073,273,100034,173,100076,173,100033,82,100094,173,99989,273,100114,173,99946,173,100150,173,99928,173,100279,100,99883,100,100855,100,99744,100,100875,100,99607,100,100944,100,99594,100,100961,100,99453,100
2019-06-28 09:52:20.000000000,100073,291,100034,191,100076,191,100033,100,100094,191,99989,291,100114,191,99946,191,100150,100,99928,100,100279,100,99883,100,100855,100,99744,100,100875,100,99607,100,100944,100,99594,100,100961,100,99453,100
2019-06-28 09:52:30.000000000,100073,273,100034,173,100076,173,100033,82,100094,173,99989,273,100114,173,99946,173,100150,173,99928,173,100279,100,99883,100,100855,100,99744,100,100875,100,99607,100,100944,100,99594,100,100961,100,99453,100
2019-06-28 09:52:34.262889970,100073,273,100034,173,100076,173,100033,82,100094,173,99989,273,100114,173,99946,173,100150,173,99928,173,100279,100,99883,100,100875,100,99749,100,100944,100,99744,100,100961,100,99607,100,100980,100,99594,100
2019-06-28 09:52:35.314328321,100073,273,100034,173,100076,173,100033,82,100094,173,99989,273,100114,173,99946,173,100150,173,99928,173,100279,100,99883,100,100875,100,99749,100,100944,100,99744,100,100961,100,99607,100,100980,100,99594,100
2019-06-28 09:52:40.000000000,100073,324,100034,224,100076,220,100033,129,100094,220,99989,320,100114,100,99946,100,100150,100,99928,100,100279,100,99883,100,100875,100,99749,100,100944,100,99744,100,100961,100,99607,100,100980,100,99594,100
2019-06-28 09:52:41.908462497,100073,324,100034,224,100076,220,100033,129,100094,220,99989,320,100114,100,99946,100,100150,100,99928,100,100279,100,99883,100,100875,100,99749,100,100944,100,99744,100,100961,100,99688,100,100980,100,99607,100
2019-06-28 09:52:47.445748609,100073,324,100034,224,100076,220,100033,129,100094,220,99989,320,100114,100,99946,100,100150,100,99928,100,100279,100,99883,100,100875,100,99749,100,100944,100,99744,100,100961,100,99688,100,100980,100,99654,100
2019-06-28 09:52:50.000000000,100073,382,100034,282,100076,282,100033,191,100094,100,99989,200,100114,100,99946,100,100150,100,99928,100,100279,100,99883,100,100875,100,99749,100,100944,100,99744,100,100961,100,99688,100,100980,100,99654,100
2019-06-28 09:52:53.046538308,100073,382,100034,182,100076,282,100033,191,100094,100,99989,200,100114,100,99946,100,100150,100,99928,100,100279,100,99883,100,100875,100,99749,100,100944,100,99744,100,100961,100,99688,100,100980,100,99654,100
2019-06-28 09:53:00.000000000,100073,382,100033,191,100076,282,99989,382,100094,100,99946,100,100114,100,99928,100,100150,100,99883,100,100279,100,99749,100,100875,100,99744,100,100944,100,99688,100,100961,100,99654,100,100980,100,99607,100
2019-06-28 09:53:08.033140492,100073,382,100033,91,100076,282,99989,382,100094,100,99946,100,100114,100,99928,100,100150,100,99883,100,100279,100,99749,100,100875,100,99744,100,100944,100,99688,100,100961,100,99654,100,100980,100,99607,100
2019-06-28 09:53:09.048883826,100033,9,99989,382,100073,382,99946,100,100076,282,99928,100,100094,100,99883,100,100114,100,99749,100,100150,100,99744,100,100279,100,99688,100,100875,100,99654,100,100944,100,99607,100,100961,100,99594,100
2019-06-28 09:53:10.000000000,100033,191,99989,382,100073,382,99946,282,100076,100,99928,100,100094,100,99883,100,100114,100,99749,100,100150,100,99744,100,100279,100,99688,100,100875,100,99654,100,100944,100,99607,100,100961,100,99594,100
2019-06-28 09:53:10.607952621,100033,191,99989,282,100073,382,99946,282,100076,100,99928,100,100094,100,99883,100,100114,100,99749,100,100150,100,99744,100,100279,100,99688,100,100875,100,99654,100,100944,100,99607,100,100961,100,99594,100
2019-06-28 09:53:16.259537091,100033,191,99989,282,100073,382,99946,282,100076,100,99928,100,100094,100,99883,100,100114,100,99749,100,100150,100,99744,100,100279,100,99688,100,100944,100,99654,100,100961,100,99618,100,100980,100,99607,100
2019-06-28 09:53:20.000000000,100033,82,99989,173,100073,273,99946,173,100076,173,99928,173,100094,173,99883,173,100114,173,99749,173,100150,100,99744,100,100279,100,99688,100,100944,100,99654,100,100961,100,99618,100,100980,100,99607,100
2019-06-28 09:53:21.158075145,100033,82,99989,173,100073,273,99946,173,100076,173,99928,173,100094,173,99883,173,100114,173,99749,173,100150,100,99744,100,100279,100,99688,100,100944,100,99654,100,100961,100,99618,100,100980,100,99607,100
2019-06-28 09:53:30.000000000,100033,100,99989,191,100073,291,99946,191,100076,191,99928,191,100094,191,99883,191,100114,100,99749,100,100150,100,99744,100,100279,100,99688,100,100944,100,99654,100,100961,100,99618,100,100980,100,99607,100
2019-06-28 09:53:40.000000000,100033,133,99989,224,100073,320,99946,220,100076,220,99928,220,100094,100,99883,100,100114,100,99749,100,100150,100,99744,100,100279,100,99688,100,100944,100,99654,100,100961,100,99618,100,100980,100,99607,100
2019-06-28 09:53:50.000000000,100033,82,99989,173,100073,273,99946,173,100076,173,99928,173,100094,173,99883,173,100114,173,99749,173,100150,100,99744,100,100279,100,99688,100,100944,100,99654,100,100961,100,99618,100,100980,100,99607,100
2019-06-28 09:53:56.392968323,100033,82,99989,73,100073,273,99946,173,100076,173,99928,173,100094,173,99883,173,100114,173,99749,173,100150,100,99744,100,100279,100,99688,100,100944,100,99654,100,100961,100,99618,100,100980,100,99607,100
2019-06-28 09:54:00.000000000,100033,133,99946,224,100073,320,99928,220,100076,220,99883,220,100094,100,99749,100,100114,100,99744,100,100150,100,99688,100,100279,100,99654,100,100944,100,99618,100,100961,100,99607,100,100980,100,99594,100
2019-06-28 09:54:09.648237929,99989,100,99946,224,100033,133,99928,220,100073,320,99883,220,100076,220,99749,100,100094,100,99744,100,100114,100,99688,100,100150,100,99654,100,100279,100,99618,100,100944,100,99607,100,100961,100,99594,100
2019-06-28 09:54:10.000000000,99989,173,99946,173,100033,82,99928,173,100073,273,99883,173,100076,173,99749,173,100094,173,99744,173,100114,100,99688,100,100150,100,99654,100,100279,100,99618,100,100944,100,99607,100,100961,100,99594,100
2019-06-28 09:54:20.000000000,99989,464,99946,464,100033,9,99928,100,100073,200,99883,100,100076,100,99749,100,100094,100,99744,100,100114,100,99688,100,100150,100,99654,100,100279,100,99618,100,100944,100,99607,100,100961,100,99594,100
2019-06-28 09:54:21.185425179,99989,564,99946,464,100033,9,99928,100,100073,200,99883,100,100076,100,99749,100,100094,100,99744,100,100114,100,99688,100,100150,100,99654,100,100279,100,99618,100,100944,100,99607,100,100961,100,99594,100
2019-06-28 09:54:30.000000000,99989,564,99946,464,100033,9,99928,100,100073,200,99883,100,100076,100,99749,100,100094,100,99744,100,100114,100,99688,100,100150,100,99654,100,100279,100,99618,100,100944,100,99607,100,100961,100,99594,100
2019-06-28 09:54:38.861501611,99989,564,99946,364,100033,9,99928,100,100073,200,99883,100,100076,100,99749,100,100094,100,99744,100,100114,100,99688,100,100150,100,99654,100,100279,100,99618,100,100944,100,99607,100,100961,100,99594,100
2019-06-28 09:54:40.000000000,99989,564,99928,464,100033,9,99883,100,100073,200,99749,100,100076,100,99744,100,100094,100,99688,100,100114,100,99654,100,100150,100,99618,100,100279,100,99607,100,100944,100,99594,100,100961,100,99461,100
2019-06-28 09:54:42.535377010,99988,100,99928,464,99989,564,99883,100,100033,9,99749,100,100073,200,99744,100,100076,100,99688,100,100094,100,99654,100,100114,100,99618,100,100150,100,99607,100,100279,100,99594,100,100944,100,99461,100
2019-06-28 09:54:50.000000000,99988,282,99928,282,99989,382,99883,282,100033,9,99749,100,100073,200,99744,100,100076,100,99688,100,100094,100,99654,100,100114,100,99618,100,100150,100,99607,100,100279,100,99594,100,100944,100,99461,100
2019-06-28 09:54:54.483070925,99988,282,99928,282,99989,382,99883,282,100033,9,99749,100,100073,200,99744,100,100076,100,99654,100,100094,100,99618,100,100114,100,99607,100,100150,100,99594,100,100279,100,99461,100,100944,100,99453,100
2019-06-28 09:55:00.000000000,99988,282,99928,282,99989,382,99883,282,100033,9,99749,100,100073,200,99744,100,100076,100,99654,100,100094,100,99618,100,100114,100,99607,100,100150,100,99594,100,100279,100,99461,100,100944,100,99453,100
2019-06-28 09:55:10.000000000,99988,464,99928,464,99989,200,99883,100,100033,9,99749,100,100073,200,99744,100,100076,100,99654,100,100094,100,99618,100,100114,100,99607,100,100150,100,99594,100,100279,100,99461,100,100944,100,99453,100
2019-06-28 09:55:20.000000000,99988,191,99928,191,99989,291,99883,191,100033,100,99749,191,100073,291,99744,191,100076,100,99654,100,100094,100,99618,100,100114,100,99607,100,100150,100,99594,100,100279,100,99461,100,100944,100,99453,100
2019-06-28 09:55:29.427532389,99988,191,99928,191,99989,291,99883,191,100033,100,99749,191,100073,291,99744,191,100076,100,99654,100,100094,100,99618,100,100114,100,99607,100,100150,100,99594,100,100279,100,99461,100,100944,100,99453,100
2019-06-28 09:55:30.000000000,99988,191,99928,191,99989,291,99883,191,100033,100,99749,191,100073,291,99744,191,100076,100,99654,100,100094,100,99618,100,100114,100,99607,100,100150,100,99594,100,100279,100,99461,100,100944,100,99453,100
2019-06-28 09:55:40.000000000,99988,464,99928,464,99989,200,99883,100,100033,9,99749,100,100073,200,99744,100,100076,100,99654,100,100094,100,99618,100,100114,100,99607,100,100150,100,99594,100,100279,100,99461,100,100944,100,99453,100
2019-06-28 09:55:50.000000000,99988,282,99928,282,99989,382,99883,282,100033,9,99749,100,100073,200,99744,100,100076,100,99654,100,100094,100,99618,100,100114,100,99607,100,100150,100,99594,100,100279,100,99461,100,100944,100,99453,100
2019-06-28 09:55:52.232917501,99988,282,99928,182,99989,382,99883,282,100033,9,99749,100,100073,200,99744,100,100076,100,99654,100,100094,100,99618,100,100114,100,99607,100,100150,100,99594,100,100279,100,99461,100,100944,100,99453,100
2019-06-28 09:56:00.000000000,99988,464,99883,464,99989,200,99749,100,100033,9,99744,100,100073,200,99654,100,100076,100,99618,100,100094,100,99607,100,100114,100,99594,100,100150,100,99461,100,100279,100,99453,100,100944,100,99163,100
2019-06-28 09:56:10.000000000,99988,173,99883,173,99989,273,99749,173,100033,82,99744,173,100073,273,99654,173,100076,173,99618,173,100094,100,99607,100,100114,100,99594,100,100150,100,99461,100,100279,100,99453,100,100944,100,99163,100
2019-06-28 09:56:20.000000000,99988,191,99883,191,99989,291,99749,191,100033,100,99744,191,100073,291,99654,191,100076,100,99618,100,100094,100,99607,100,100114,100,99594,100,100150,100,99461,100,100279,100,99453,100,100944,100,99163,100
2019-06-28 09:56:30.000000000,99988,282,99883,282,99989,382,99749,282,100033,9,99744,100,100073,200,99654,100,100076,100,99618,100,100094,100,99607,100,100114,100,99594,100,100150,100,99461,100,100279,100,99453,100,100944,100,99163,100
2019-06-28 09:56:35.384159897,99988,282,99883,282,99989,382,99749,282,100033,9,99744,100,100073,200,99654,100,100076,100,99618,100,100094,100,99607,100,100114,100,99594,100,100150,100,99461,100,100279,100,99453,100,100944,100,99163,100
2019-06-28 09:56:40.000000000,99988,173,99883,173,99989,273,99749,173,100033,82,99744,173,100073,273,99654,173,100076,173,99618,173,100094,100,99607,100,100114,100,99594,100,100150,100,99461,100,100279,100,99453,100,100944,100,99163,100
2019-06-28 09:56:49.062682479,99988,173,99883,73,99989,273,99749,173,100033,82,99744,73,100073,273,99654,173,100076,173,99618,173,100094,100,99607,100,100114,100,99594,100,100150,100,99461,100,100279,100,99453,100,100944,100,99163,100
2019-06-28 09:56:50.000000000,99988,282,99749,282,99989,382,99654,282,100033,9,99618,100,100073,200,99607,100,100076,100,99594,100,100094,100,99461,100,100114,100,99453,100,100150,100,99163,100,100279,100,99143,100,100944,100,99097,100
2019-06-28 09:57:00.000000000,99988,224,99749,224,99989,320,99654,220,100033,129,99618,220,100073,200,99607,100,100076,100,99594,100,100094,100,99461,100,100114,100,99453,100,100150,100,99163,100,100279,100,99143,100,100944,100,99097,100
2019-06-28 09:57:01.178166817,99988,224,99749,224,99989,220,99654,220,100033,129,99618,220,100073,200,99607,100,100076,100,99594,100,100094,100,99461,100,100114,100,99453,100,100150,100,99163,100,100279,100,99143,100,100944,100,99097,100
2019-06-28 09:57:03.878929574,99988,224,99749,224,99989,220,99654,220,100033,129,99618,220,100073,200,99607,100,100076,100,99594,100,100094,100,99461,100,100114,100,99453,100,100150,100,99163,100,100279,100,99143,100,100944,100,99139,100
2019-06-28 09:57:09.841389011,99988,224,99749,124,99989,220,99654,220,100033,129,99618,220,100073,200,99607,100,100076,100,99594,100,100094,100,99461,100,100114,100,99453,100,100150,100,99163,100,100279,100,99143,100,100944,100,99139,100
2019-06-28 09:57:10.000000000,99988,224,99654,224,99989,220,99618,220,100033,129,99607,220,100073,200,99594,100,100076,100,99461,100,100094,100,99453,100,100114,100,99163,100,100150,100,99143,100,100279,100,99139,100,100944,100,99097,100
2019-06-28 09:57:20.000000000,99988,464,99654,464,99989,100,99618,100,100033,9,99607,100,100073,200,99594,100,100076,100,99461,100,100094,100,99453,100,100114,100,99163,100,100150,100,99143,100,100279,100,99139,100,100944,100,99097,100
2019-06-28 09:57:29.839881631,99883,100,99654,464,99988,464,99618,100,99989,100,99607,100,100033,9,99594,100,100073,200,99461,100,100076,100,99453,100,100094,100,99163,100,100114,100,99143,100,100150,100,99139,100,100279,100,99097,100
2019-06-28 09:57:30.000000000,99883,282,99654,282,99988,282,99618,282,99989,100,99607,100,100033,9,99594,100,100073,200,99461,100,100076,100,99453,100,100094,100,99163,100,100114,100,99143,100,100150,100,99139,100,100279,100,99097,100
2019-06-28 09:57:40.000000000,99883,173,99654,173,99988,173,99618,173,99989,173,99607,173,100033,82,99594,173,100073,273,99461,173,100076,100,99453,100,100094,100,99163,100,100114,100,99143,100,100150,100,99139,100,100279,100,99097,100
2019-06-28 09:57:50.000000000,99883,224,99654,224,99988,220,99618,220,99989,220,99607,220,100033,9,99594,100,100073,200,99461,100,100076,100,99453,100,100094,100,99163,100,100114,100,99143,100,100150,100,99139,100,100279,100,99097,100
2019-06-28 09:58:00.000000000,99883,282,99654,282,99988,282,99618,282,99989,100,99607,100,100033,9,99594,100,100073,200,99461,100,100076,100,99453,100,100094,100,99163,100,100114,100,99143,100,100150,100,99139,100,100279,100,99097,100
2019-06-28 09:58:10.000000000,99883,224,99654,224,99988,220,99618,220,99989,220,99607,220,100033,9,99594,100,100073,200,99461,100,100076,100,99453,100,100094,100,99163,100,100114,100,99143,100,100150,100,99139,100,100279,100,99097,100
2019-06-28 09:58:20.000000000,99883,282,99654,282,99988,282,99618,282,99989,100,99607,100,100033,9,99594,100,100073,200,99461,100,100076,100,99453,100,100094,100,99163,100,100114,100,99143,100,100150,100,99139,100,100279,100,99097,100
2019-06-28 09:58:20.320088805,99883,382,99654,282,99988,282,99618,282,100033,9,99607,100,100073,200,99594,100,100076,100,99461,100,100094,100,99453,100,100114,100,99163,100,100150,100,99143,100,100279,100,99139,100,100944,100,99097,100
2019-06-28 09:58:30.000000000,99883,273,99654,173,99988,173,99618,173,100033,82,99607,173,100073,273,99594,173,100076,173,99461,173,100094,100,99453,100,100114,100,99163,100,100150,100,99143,100,100279,100,99139,100,100944,100,99097,100
2019-06-28 09:58:40.000000000,99883,273,99654,173,99988,173,99618,173,100033,82,99607,173,100073,273,99594,173,100076,173,99461,173,100094,100,99453,100,100114,100,99163,100,100150,100,99143,100,100279,100,99139,100,100944,100,99097,100
2019-06-28 09:58:42.950080099,99883,273,99654,173,99988,173,99618,173,100033,82,99607,173,100073,273,99594,173,100076,173,99461,173,100094,100,99453,100,100114,100,99427,100,100150,100,99163,100,100944,100,99143,100,100961,100,99139,100
2019-06-28 09:58:50.000000000,99883,324,99654,224,99988,220,99618,220,100033,129,99607,220,100073,200,99594,100,100076,100,99461,100,100094,100,99453,100,100114,100,99427,100,100150,100,99163,100,100944,100,99143,100,100961,100,99139,100
2019-06-28 09:58:51.345755452,99883,424,99654,224,99988,220,99618,220,100033,129,99607,220,100073,200,99594,100,100076,100,99461,100,100094,100,99453,100,100114,100,99427,100,100150,100,99163,100,100944,100,99143,100,100961,100,99139,100
2019-06-28 09:59:00.000000000,99883,391,99654,191,99988,191,99618,191,100033,100,99607,191,100073,291,99594,191,100076,100,99461,100,100094,100,99453,100,100114,100,99427,100,100150,100,99163,100,100944,100,99143,100,100961,100,99139,100
2019-06-28 09:59:10.000000000,99883,373,99654,173,99988,173,99618,173,100033,82,99607,173,100073,273,99594,173,100076,173,99461,173,100094,100,99453,100,100114,100,99427,100,100150,100,99163,100,100944,100,99143,100,100961,100,99139,100
2019-06-28 09:59:15.236775086,99883,273,99654,173,99988,173,99618,173,100033,82,99607,173,100073,273,99594,173,100076,173,99461,173,100094,100,99453,100,100114,100,99427,100,100150,100,99163,100,100944,100,99143,100,100961,100,99139,100
2019-06-28 09:59:20.000000000,99883,324,99654,224,99988,220,99618,220,100033,129,99607,220,100073,200,99594,100,100076,100,99461,100,100094,100,99453,100,100114,100,99427,100,100150,100,99163,100,100944,100,99143,100,100961,100,99139,100
2019-06-28 09:59:30.000000000,99883,291,99654,191,99988,191,99618,191,100033,100,99607,191,100073,291,99594,191,100076,100,99461,100,100094,100,99453,100,100114,100,99427,100,100150,100,99163,100,100944,100,99143,100,100961,100,99139,100
2019-06-28 09:59:36.581863809,99883,291,99882,100,99988,191,99654,191,100033,100,99618,191,100073,291,99607,191,100076,100,99594,191,100094,100,99461,100,100114,100,99453,100,100150,100,99427,100,100944,100,99163,100,100961,100,99143,100
2019-06-28 09:59:40.000000000,99883,324,99882,224,99988,220,99654,220,100033,129,99618,220,100073,200,99607,100,100076,100,99594,100,100094,100,99461,100,100114,100,99453,100,100150,100,99427,100,100944,100,99163,100,100961,100,99143,100
2019-06-28 09:59:48.543462992,99883,324,99882,224,99911,100,99654,220,99988,220,99618,220,100033,129,99607,100,100073,200,99594,100,100076,100,99461,100,100094,100,99453,100,100114,100,99427,100,100150,100,99163,100,100944,100,99143,100
2019-06-28 09:59:50.000000000,99883,273,99882,173,99911,173,99654,173,99988,173,99618,173,100033,82,99607,173,100073,273,99594,173,100076,100,99461,100,100094,100,99453,100,100114,100,99427,100,100150,100,99163,100,100944,100,99143,100
2019-06-28 10:00:00.000000000,99883,382,99882,282,99911,282,99654,282,99988,100,99618,100,100033,9,99607,100,100073,200,99594,100,100076,100,99461,100,100094,100,99453,100,100114,100,99427,100,100150,100,99163,100,100944,100,99143,100
2019-06-28 10:00:10.000000000,99883,324,99882,224,99911,220,99654,220,99988,220,99618,220,100033,9,99607,100,100073,200,99594,100,100076,100,99461,100,100094,100,99453,100,100114,100,99427,100,100150,100,99163,100,100944,100,99143,100
2019-06-28 10:00:20.000000000,99883,273,99882,173,99911,173,99654,173,99988,173,99618,173,100033,82,99607,173,100073,273,99594,173,100076,100,99461,100,100094,100,99453,100,100114,100,99427,100,100150,100,99163,100,100944,100,99143,100
2019-06-28 10:00:24.035683075,99883,173,99882,173,99911,173,99654,173,99988,173,99618,173,100033,82,99607,173,100073,273,99594,173,100076,100,99461,100,100094,100,99453,100,100114,100,99427,100,100150,100,99163,100,100944,100,99143,100
2019-06-28 10:00:30.000000000,99883,224,99882,224,99911,220,99654,220,99988,220,99618,220,100033,9,99607,100,100073,200,99594,100,100076,100,99461,100,100094,100,99453,100,100114,100,99427,100,100150,100,99163,100,100944,100,99143,100
2019-06-28 10:00:40.000000000,99883,464,99882,464,99911,100,99654,100,99988,100,99618,100,100033,9,99607,100,100073,200,99594,100,100076,100,99461,100,100094,100,99453,100,100114,100,99427,100,100150,100,99163,100,100944,100,99143,100
2019-06-28 10:00:50.000000000,99883,224,99882,224,99911,220,99654,220,99988,220,99618,220,100033,9,99607,100,100073,200,99594,100,100076,100,99461,100,100094,100,99453,100,100114,100,99427,100,100150,100,99163,100,100944,100,99143,100
2019-06-28 10:01:00.000000000,99883,224,99882,224,99911,220,99654,220,99988,220,99618,220,100033,9,99607,100,100073,200,99594,100,100076,100,99461,100,100094,100,99453,100,100114,100,99427,100,100150,100,99163,100,100944,100,99143,100
2019-06-28 10:01:01.093166446,99883,224,99882,124,99911,220,99654,220,99988,220,99618,220,100033,9,99607,100,100073,200,99594,100,100076,100,99461,100,100094,100,99453,100,100114,100,99427,100,100150,100,99163,100,100944,100,99143,100
2019-06-28 10:01:10.000000000,99883,224,99654,224,99911,220,99618,220,99988,220,99607,220,100033,9,99594,100,100073,200,99461,100,100076,100,99453,100,100094,100,99427,100,100114,100,99163,100,100150,100,99143,100,100944,100,99139,100
2019-06-28 10:01:11.469527975,99883,224,99654,224,99911,220,99618,220,99988,220,99607,220,100033,9,99594,100,100073,200,99574,100,100076,100,99461,100,100094,100,99453,100,100114,100,99427,100,100150,100,99163,100,100944,100,99143,100
2019-06-28 10:01:20.000000000,99883,282,99654,282,99911,282,99618,282,99988,100,99607,100,100033,9,99594,100,100073,200,99574,100,100076,100,99461,100,100094,100,99453,100,100114,100,99427,100,100150,100,99163,100,100944,100,99143,100
2019-06-28 10:01:23.124225627,99883,282,99654,282,99911,282,99624,100,99988,100,99618,282,100033,9,99607,100,100073,200,99594,100,100076,100,99574,100,100094,100,99461,100,100114,100,99453,100,100150,100,99427,100,100944,100,99163,100
2019-06-28 10:01:30.000000000,99883,464,99654,464,99911,100,99624,100,99988,100,99618,100,100033,9,99607,100,100073,200,99594,100,100076,100,99574,100,100094,100,99461,100,100114,100,99453,100,100150,100,99427,100,100944,100,99163,100
2019-06-28 10:01:40.000000000,99883,224,99654,224,99911,220,99624,220,99988,220,99618,220,100033,9,99607,100,100073,200,99594,100,100076,100,99574,100,100094,100,99461,100,100114,100,99453,100,100150,100,99427,100,100944,100,99163,100
2019-06-28 10:01:43.354208890,99882,100,99654,224,99883,224,99624,220,99911,220,99618,220,99988,220,99607,100,100033,9,99594,100,100073,200,99574,100,100076,100,99461,100,100094,100,99453,100,100114,100,99427,100,100150,100,99163,100
2019-06-28 10:01:50.000000000,99882,282,99654,282,99883,282,99624,282,99911,100,99618,100,99988,100,99607,100,100033,9,99594,100,100073,200,99574,100,100076,100,99461,100,100094,100,99453,100,100114,100,99427,100,100150,100,99163,100
2019-06-28 10:01:57.941953081,99882,282,99654,282,99883,282,99624,282,99911,100,99618,100,99988,100,99607,100,100033,9,99594,100,100069,100,99574,100,100073,200,99461,100,100076,100,99453,100,100094,100,99427,100,100114,100,99163,100
2019-06-28 10:02:00.000000000,99882,191,99654,191,99883,191,99624,191,99911,191,99618,191,99988,191,99607,191,100033,9,99594,100,100069,100,99574,100,100073,200,99461,100,100076,100,99453,100,100094,100,99427,100,100114,100,99163,100
2019-06-28 10:02:10.000000000,99882,191,99654,191,99883,191,99624,191,99911,191,99618,191,99988,191,99607,191,100033,9,99594,100,100069,100,99574,100,100073,200,99461,100,100076,100,99453,100,100094,100,99427,100,100114,100,99163,100
2019-06-28 10:02:10.768196646,99882,291,99654,191,99883,191,99624,191,99911,191,99618,191,99988,191,99607,191,100033,9,99594,100,100069,100,99574,100,100073,200,99461,100,100076,100,99453,100,100094,100,99427,100,100114,100,99163,100
2019-06-28 10:02:16.797929309,99882,291,99654,191,99883,191,99624,191,99911,191,99618,191,99956,100,99607,191,99988,191,99574,100,100033,9,99461,100,100069,100,99453,100,100073,200,99427,100,100076,100,99163,100,100094,100,99143,100
2019-06-28 10:02:20.000000000,99882,273,99654,173,99883,173,99624,173,99911,173,99618,173,99956,173,99607,173,99988,173,99574,173,100033,9,99461,100,100069,100,99453,100,100073,200,99427,100,100076,100,99163,100,100094,100,99143,100
2019-06-28 10:02:30.000000000,99882,382,99654,282,99883,282,99624,282,99911,100,99618,100,99956,100,99607,100,99988,100,99574,100,100033,9,99461,100,100069,100,99453,100,100073,200,99427,100,100076,100,99163,100,100094,100,99143,100
2019-06-28 10:02:40.000000000,99882,382,99654,282,99883,282,99624,282,99911,100,99618,100,99956,100,99607,100,99988,100,99574,100,100033,9,99461,100,100069,100,99453,100,100073,200,99427,100,100076,100,99163,100,100094,100,99143,100
2019-06-28 10:02:50.000000000,99882,564,99654,464,99883,100,99624,100,99911,100,99618,100,99956,100,99607,100,99988,100,99574,100,100033,9,99461,100,100069,100,99453,100,100073,200,99427,100,100076,100,99163,100,100094,100,99143,100
2019-06-28 10:02:59.057460791,99766,100,99654,464,99882,564,99624,100,99883,100,99618,100,99911,100,99607,100,99956,100,99574,100,99988,100,99461,100,100033,9,99453,100,100069,100,99427,100,100073,200,99163,100,100076,100,99143,100
2019-06-28 10:03:00.000000000,99766,173,99654,173,99882,273,99624,173,99883,173,99618,173,99911,173,99607,173,99956,173,99574,173,99988,100,99461,100,100033,9,99453,100,100069,100,99427,100,100073,200,99163,100,100076,100,99143,100
2019-06-28 10:03:06.171149177,99766,73,99654,173,99882,273,99624,173,99883,173,99618,173,99911,173,99607,173,99956,173,99574,173,99988,100,99461,100,100033,9,99453,100,100069,100,99427,100,100073,200,99163,100,100076,100,99143,100
2019-06-28 10:03:10.000000000,99882,324,99654,224,99883,220,99624,220,99911,220,99618,220,99956,100,99607,100,99988,100,99574,100,100033,9,99461,100,100069,100,99453,100,100073,200,99427,100,100076,100,99163,100,100094,100,99143,100
2019-06-28 10:03:20.000000000,99882,291,99654,191,99883,191,99624,191,99911,191,99618,191,99956,191,99607,191,99988,100,99574,100,100033,9,99461,100,100069,100,99453,100,100073,200,99427,100,100076,100,99163,100,100094,100,99143,100
2019-06-28 10:03:28.982094815,99882,291,99766,100,99883,191,99654,191,99911,191,99624,191,99956,191,99618,191,99988,100,99607,191,100033,9,99574,100,100069,100,99461,100,100073,200,99453,100,100076,100,99427,100,100094,100,99163,100
2019-06-28 10:03:30.000000000,99882,273,99766,173,99883,173,99654,173,99911,173,99624,173,99956,173,99618,173,99988,173,99607,173,100033,9,99574,100,100069,100,99461,100,100073,200,99453,100,100076,100,99427,100,100094,100,99163,100
2019-06-28 10:03:39.089397087,99882,273,99766,173,99883,173,99654,173,99911,173,99624,173,99956,73,99618,173,99988,173,99607,173,100033,9,99574,100,100069,100,99461,100,100073,200,99453,100,100076,100,99427,100,100094,100,99364,100
2019-06-28 10:03:40.000000000,99882,324,99766,224,99883,220,99654,220,99911,220,99624,220,99988,100,99618,100,100033,9,99607,100,100069,100,99574,100,100073,200,99461,100,100076,100,99453,100,100094,100,99427,100,100114,100,99364,100
2019-06-28 10:03:42.112960658,99882,324,99766,124,99883,220,99654,220,99911,220,99624,220,99988,100,99618,100,100033,9,99607,100,100069,100,99574,100,100073,200,99461,100,100076,100,99453,100,100094,100,99427,100,100114,100,99364,100
2019-06-28 10:03:50.000000000,99882,564,99654,464,99883,100,99624,100,99911,100,99618,100,99988,100,99607,100,100033,9,99574,100,100069,100,99461,100,100073,200,99453,100,100076,100,99427,100,100094,100,99364,100,100114,100,99163,100
2019-06-28 10:03:54.962509128,99882,564,99654,464,99883,100,99624,100,99911,100,99607,100,99988,100,99574,100,100033,9,99526,100,100069,100,99461,100,100073,200,99453,100,100076,100,99427,100,100094,100,99364,100,100114,100,99163,100
2019-06-28 10:04:00.000000000,99882,324,99654,224,99883,220,99624,220,99911,220,99607,220,99988,100,99574,100,100033,9,99526,100,100069,100,99461,100,100073,200,99453,100,100076,100,99427,100,100094,100,99364,100,100114,100,99163,100
2019-06-28 10:04:08.745226156,99882,324,99654,224,99883,220,99624,220,99911,220,99607,220,99988,100,99574,100,100033,9,99526,100,100069,100,99461,100,100073,200,99453,100,100076,100,99427,100,100094,100,99364,100,100114,100,99220,100
2019-06-28 10:04:10.000000000,99882,564,99654,464,99883,100,99624,100,99911,100,99607,100,99988,100,99574,100,100033,9,99526,100,100069,100,99461,100,100073,200,99453,100,100076,100,99427,100,100094,100,99364,100,100114,100,99220,100
2019-06-28 10:04:20.000000000,99882,382,99654,282,99883,282,99624,282,99911,100,99607,100,99988,100,99574,100,100033,9,99526,100,100069,100,99461,100,100073,200,99453,100,100076,100,99427,100,100094,100,99364,100,100114,100,99220,100
2019-06-28 10:04:25.948126721,99765,100,99654,282,99882,382,99624,282,99883,182,99607,100,99911,100,99574,100,99988,100,99526,100,100033,9,99461,100,100069,100,99453,100,100073,200,99427,100,100076,100,99364,100,100094,100,99220,100
2019-06-28 10:04:30.000000000,99765,173,99654,173,99882,273,99624,173,99911,173,99607,173,99988,173,99574,173,100033,82,99526,173,100069,100,99461,100,100073,200,99453,100,100076,100,99427,100,100094,100,99364,100,100114,100,99220,100
2019-06-28 10:04:40.000000000,99765,191,99654,191,99882,291,99624,191,99911,191,99607,191,99988,191,99574,191,100033,9,99526,100,100069,100,99461,100,100073,200,99453,100,100076,100,99427,100,100094,100,99364,100,100114,100,99220,100
2019-06-28 10:04:47.290867942,99765,291,99654,191,99882,291,99624,191,99911,191,99607,191,99988,191,99574,191,100033,9,99526,100,100069,100,99461,100,100073,200,99453,100,100076,100,99427,100,100094,100,99364,100,100114,100,99220,100
2019-06-28 10:04:50.000000000,99765,291,99654,191,99882,291,99624,191,99911,191,99607,191,99988,191,99574,191,100033,9,99526,100,100069,100,99461,100,100073,200,99453,100,100076,100,99427,100,100094,100,99364,100,100114,100,99220,100
2019-06-28 10:04:50.742885139,99765,391,99654,191,99882,291,99624,191,99911,191,99607,191,99988,191,99574,191,100033,9,99526,100,100069,100,99461,100,100073,200,99453,100,100076,100,99427,100,100094,100,99364,100,100114,100,99220,100
2019-06-28 10:05:00.000000000,99765,391,99654,191,99882,291,99624,191,99911,191,99607,191,99988,191,99574,191,100033,9,99526,100,100069,100,99461,100,100073,200,99453,100,100076,100,99427,100,100094,100,99364,100,100114,100,99220,100
2019-06-28 10:05:08.166153631,99765,391,99654,191,99882,291,99624,191,99911,191,99607,191,99988,191,99574,191,100033,9,99526,100,100069,100,99461,100,100073,200,99453,100,100076,100,99427,100,100094,100,99364,100,100114,100,99220,100
2019-06-28 10:05:10.000000000,99765,482,99654,282,99882,382,99624,282,99911,100,99607,100,99988,100,99574,100,100033,9,99526,100,100069,100,99461,100,100073,200,99453,100,100076,100,99427,100,100094,100,99364,100,100114,100,99220,100
2019-06-28 10:05:20.000000000,99765,482,99654,282,99882,382,99624,282,99911,100,99607,100,99988,100,99574,100,100033,9,99526,100,100069,100,99461,100,100073,200,99453,100,100076,100,99427,100,100094,100,99364,100,100114,100,99220,100
2019-06-28 10:05:21.704055884,99692,100,99654,282,99765,482,99624,282,99882,382,99607,100,99911,100,99574,100,99988,100,99526,100,100033,9,99461,100,100069,100,99453,100,100073,200,99427,100,100076,100,99364,100,100094,100,99220,100
2019-06-28 10:05:26.867146466,99692,100,99654,282,99765,482,99624,282,99790,100,99607,100,99882,382,99574,100,99911,100,99526,100,99988,100,99461,100,100033,9,99453,100,100069,100,99427,100,100073,200,99364,100,100076,100,99220,100
2019-06-28 10:05:30.000000000,99692,191,99654,191,99765,391,99624,191,99790,191,99607,191,99882,291,99574,191,99911,100,99526,100,99988,100,99461,100,100033,9,99453,100,100069,100,99427,100,100073,200,99364,100,100076,100,99220,100
2019-06-28 10:05:40.000000000,99692,191,99654,191,99765,391,99624,191,99790,191,99607,191,99882,291,99574,191,99911,100,99526,100,99988,100,99461,100,100033,9,99453,100,100069,100,99427,100,100073,200,99364,100,100076,100,99220,100
2019-06-28 10:05:50.000000000,99692,173,99654,173,99765,373,99624,173,99790,173,99607,173,99882,273,99574,173,99911,173,99526,173,99988,100,99461,100,100033,9,99453,100,100069,100,99427,100,100073,200,99364,100,100076,100,99220,100
2019-06-28 10:06:00.000000000,99692,173,99654,173,99765,373,99624,173,99790,173,99607,173,99882,273,99574,173,99911,173,99526,173,99988,100,99461,100,100033,9,99453,100,100069,100,99427,100,100073,200,99364,100,100076,100,99220,100
2019-06-28 10:06:07.276976247,99692,73,99654,173,99765,373,99624,173,99790,173,99607,173,99882,273,99574,173,99911,173,99526,173,99988,100,99461,100,100033,9,99453,100,100069,100,99427,100,100073,200,99364,100,100076,100,99220,100
2019-06-28 10:06:10.000000000,99765,424,99654,224,99790,220,99624,220,99882,320,99607,220,99911,100,99574,100,99988,100,99526,100,100033,9,99461,100,100069,100,99453,100,100073,200,99427,100,100076,100,99364,100,100094,100,99220,100
2019-06-28 10:06:11.163879595,99765,424,99654,224,99790,220,99624,220,99850,100,99607,220,99882,320,99574,100,99911,100,99526,100,99988,100,99453,100,100033,9,99427,100,100069,100,99364,100,100073,200,99220,100,100076,100,99163,100
2019-06-28 10:06:20.000000000,99765,391,99654,191,99790,191,99624,191,99850,191,99607,191,99882,291,99574,191,99911,100,99526,100,99988,100,99453,100,100033,9,99427,100,100069,100,99364,100,100073,200,99220,100,100076,100,99163,100
2019-06-28 10:06:30.000000000,99765,373,99654,173,99790,173,99624,173,99850,173,99607,173,99882,273,99574,173,99911,173,99526,173,99988,100,99453,100,100033,9,99427,100,100069,100,99364,100,100073,200,99220,100,100076,100,99163,100
2019-06-28 10:06:40.000000000,99765,373,99654,173,99790,173,99624,173,99850,173,99607,173,99882,273,99574,173,99911,173,99526,173,99988,100,99453,100,100033,9,99427,100,100069,100,99364,100,100073,200,99220,100,100076,100,99163,100
2019-06-28 10:06:50.000000000,99765,482,99654,282,99790,282,99624,282,99850,100,99607,100,99882,200,99574,100,99911,100,99526,100,99988,100,99453,100,100033,9,99427,100,100069,100,99364,100,100073,200,99220,100,100076,100,99163,100
2019-06-28 10:06:57.873782388,99765,382,99654,282,99790,282,99624,282,99850,100,99607,100,99882,200,99574,100,99911,100,99526,100,99988,100,99453,100,100033,9,99427,100,100069,100,99364,100,100073,200,99220,100,100076,100,99163,100
2019-06-28 10:06:58.111706795,99765,282,99654,282,99790,282,99624,282,99850,100,99607,100,99882,200,99574,100,99911,100,99526,100,99988,100,99453,100,100033,9,99427,100,100069,100,99364,100,100073,200,99220,100,100076,100,99163,100
2019-06-28 10:07:00.000000000,99765,173,99654,173,99790,173,99624,173,99850,173,99607,173,99882,273,99574,173,99911,173,99526,173,99988,100,99453,100,100033,9,99427,100,100069,100,99364,100,100073,200,99220,100,100076,100,99163,100
2019-06-28 10:07:00.080864384,99765,73,99654,173,99790,173,99624,173,99850,173,99607,173,99882,273,99574,173,99911,173,99526,173,99988,100,99453,100,100033,9,99427,100,100069,100,99364,100,100073,200,99220,100,100076,100,99163,100
2019-06-28 10:07:10.000000000,99790,191,99654,191,99850,191,99624,191,99882,291,99607,191,99911,191,99574,191,99988,100,99526,100,100033,9,99453,100,100069,100,99427,100,100073,200,99364,100,100076,100,99220,100,100094,100,99163,100
2019-06-28 10:07:20.000000000,99790,173,99654,173,99850,173,99624,173,99882,273,99607,173,99911,173,99574,173,99988,173,99526,173,100033,9,99453,100,100069,100,99427,100,100073,200,99364,100,100076,100,99220,100,100094,100,99163,100
2019-06-28 10:07:21.556805960,99790,73,99654,173,99850,173,99624,173,99882,273,99607,173,99911,173,99574,173,99988,173,99526,173,100033,9,99453,100,100069,100,99427,100,100073,200,99364,100,100076,100,99220,100,100094,100,99163,100
2019-06-28 10:07:30.000000000,99850,464,99654,464,99882,200,99624,100,99911,100,99607,100,99988,100,99574,100,100033,9,99526,100,100069,100,99453,100,100073,200,99427,100,100076,100,99364,100,100094,100,99220,100,100114,100,99163,100
2019-06-28 10:07:37.045407821,99850,464,99765,100,99882,200,99654,464,99911,100,99624,100,99988,100,99607,100,100033,9,99574,100,100069,100,99526,100,100073,200,99453,100,100076,100,99427,100,100094,100,99364,100,100114,100,99220,100
2019-06-28 10:07:40.000000000,99850,282,99765,282,99882,382,99654,282,99911,100,99624,100,99988,100,99607,100,100033,9,99574,100,100069,100,99526,100,100073,200,99453,100,100076,100,99427,100,100094,100,99364,100,100114,100,99220,100
2019-06-28 10:07:50.000000000,99850,173,99765,173,99882,273,99654,173,99911,173,99624,173,99988,173,99607,173,100033,82,99574,173,100069,100,99526,100,100073,200,99453,100,100076,100,99427,100,100094,100,99364,100,100114,100,99220,100
2019-06-28 10:07:51.836471418,99850,173,99765,273,99882,273,99654,173,99911,173,99624,173,99988,173,99607,173,100033,82,99574,173,100069,100,99526,100,100073,200,99453,100,100076,100,99427,100,100094,100,99364,100,100114,100,99220,100
2019-06-28 10:08:00.000000000,99850,282,99765,382,99882,382,99654,282,99911,100,99624,100,99988,100,99607,100,100033,9,99574,100,100069,100,99526,100,100073,200,99453,100,100076,100,99427,100,100094,100,99364,100,100114,100,99220,100
2019-06-28 10:08:09.113082055,99850,282,99765,482,99882,382,99654,282,99911,100,99624,100,99988,100,99607,100,100033,9,99574,100,100069,100,99526,100,100073,200,99453,100,100076,100,99427,100,100094,100,99364,100,100114,100,99220,100
2019-06-28 10:08:10.000000000,99850,464,99765,664,99882,200,99654,100,99911,100,99624,100,99988,100,99607,100,100033,9,99574,100,100069,100,99526,100,100073,200,99453,100,100076,100,99427,100,100094,100,99364,100,100114,100,99220,100
2019-06-28 10:08:18.890791860,99850,464,99765,664,99882,200,99654,100,99911,100,99624,100,99988,100,99607,100,100033,9,99574,100,100069,100,99526,100,100073,200,99453,100,100076,100,99427,100,100094,100,99364,100,100114,100,99220,100
2019-06-28 10:08:20.000000000,99850,191,99765,391,99882,291,99654,191,99911,191,99624,191,99988,191,99607,191,100033,9,99574,100,100069,100,99526,100,100073,200,99453,100,100076,100,99427,100,100094,100,99364,100,100114,100,99220,100
2019-06-28 10:08:24.213992497,99850,91,99765,391,99882,291,99654,191,99911,191,99624,191,99988,191,99607,191,100033,9,99574,100,100069,100,99526,100,100073,200,99453,100,100076,100,99427,100,100094,100,99364,100,100114,100,99220,100
