,ask_price_1,ask_size_1,bid_price_1,bid_size_1,ask_price_2,ask_size_2,bid_price_2,bid_size_2,ask_price_3,ask_size_3,bid_price_3,bid_size_3,ask_price_4,ask_size_4,bid_price_4,bid_size_4,ask_price_5,ask_size_5,bid_price_5,bid_size_5,ask_price_6,ask_size_6,bid_price_6,bid_size_6,ask_price_7,ask_size_7,bid_price_7,bid_size_7,ask_price_8,ask_size_8,bid_price_8,bid_size_8,ask_price_9,ask_size_9,bid_price_9,bid_size_9,ask_price_10,ask_size_10,bid_price_10,bid_size_10
2019-06-28 09:30:00.000000004,100148,100,99873,100,,,99854,100,,,,,,,,,,,,,,,,,,,,,,,,,,,,,,,,
2019-06-28 09:30:00.000000008,100148,100,99873,100,100202,100,99854,100,,,,,,,,,,,,,,,,,,,,,,,,,,,,,,,,
2019-06-28 09:30:00.000000009,100148,100,99923,100,100202,100,99873,100,,,99854,100,,,,,,,,,,,,,,,,,,,,,,,,,,,,
2019-06-28 09:30:00.000000014,100006,100,99923,100,100062,100,99873,100,100066,100,99854,100,100148,100,,,100202,100,,,,,,,,,,,,,,,,,,,,,,
2019-06-28 09:30:00.000000016,100062,100,99993,100,100066,100,99923,100,100148,100,99873,100,100202,100,99854,100,,,,,,,,,,,,,,,,,,,,,,,,
2019-06-28 09:30:00.000000017,100062,100,99993,100,100066,100,99923,100,100085,100,99873,100,100148,100,99854,100,100190,100,,,100202,100,,,,,,,,,,,,,,,,,,
2019-06-28 09:30:00.000000018,100062,100,99993,100,100066,100,99986,100,100085,100,99923,100,100127,100,99873,100,100148,100,99854,100,100190,100,,,100202,100,,,,,,,,,,,,,,
2019-06-28 09:30:00.000000019,100062,100,99993,100,100066,100,99986,100,100085,100,99933,100,100127,100,99923,100,100148,100,99873,100,100190,100,99854,100,100202,100,,,,,,,,,,,,,,
2019-06-28 09:30:00.000000029,100032,100,99993,100,100062,100,99986,100,100066,100,99933,100,100085,100,99923,100,100127,100,99873,100,100148,100,99854,100,100190,100,,,100202,100,,,,,,,,,,
2019-06-28 09:30:00.000000030,100032,100,99993,100,100062,100,99986,100,100066,100,99933,100,100085,100,99923,100,100107,100,99873,100,100127,100,99854,100,100148,100,,,100190,100,,,100202,100,,,,,,
2019-06-28 09:30:00.000000031,100032,100,99986,100,100062,100,99933,100,100066,100,99923,100,100085,100,99873,100,100107,100,99854,100,100127,100,,,100148,100,,,100190,100,,,100202,100,,,,,,
2019-06-28 09:30:00.000000032,100032,100,99993,100,100062,100,99986,100,100066,100,99933,100,100085,100,99923,100,100107,100,99873,100,100127,100,99854,100,100148,100,,,100190,100,,,100202,100,,,,,,
2019-06-28 09:30:00.000000033,100006,100,99993,100,100032,100,99986,100,100062,100,99933,100,100066,100,99923,100,100085,100,99873,100,100107,100,99854,100,100127,100,,,100148,100,,,100190,100,,,100202,100,,
2019-06-28 09:30:00.000000034,100032,100,99993,100,100062,100,99986,100,100066,100,99933,100,100085,100,99923,100,100107,100,99873,100,100127,100,99854,100,100148,100,,,100190,100,,,100202,100,,,,,,
2019-06-28 09:30:00.000000035,100032,100,99986,100,100062,100,99933,100,100066,100,99923,100,100085,100,99873,100,100107,100,99854,100,100127,100,,,100148,100,,,100190,100,,,100202,100,,,,,,
2019-06-28 09:30:00.000000037,100032,100,99986,100,100062,100,99933,100,100066,100,99923,100,100085,100,99873,100,100098,100,99854,100,100107,100,,,100127,100,,,100148,100,,,100190,100,,,100202,100,,
2019-06-28 09:30:00.000000039,100032,100,99986,100,100062,100,99933,100,100066,200,99923,100,100085,100,99873,100,100098,100,99854,100,100107,100,,,100127,100,,,100148,100,,,100190,100,,,100202,100,,
2019-06-28 09:30:00.000000041,100032,100,99986,100,100062,100,99933,100,100066,200,99923,100,100085,100,99873,100,100088,100,99854,100,100098,100,,,100107,100,,,100127,100,,,100148,100,,,100190,100,,
2019-06-28 09:30:00.000000044,100062,100,99986,100,100066,200,99933,100,100085,100,99923,100,100088,100,99873,100,100098,100,99854,100,100107,100,,,100127,100,,,100148,100,,,100190,100,,,100202,100,,
2019-06-28 09:30:00.000000046,100062,100,99986,100,100066,200,99933,100,100085,100,99923,100,100088,100,99873,100,100098,100,99854,100,100107,100,,,100113,100,,,100127,100,,,100148,100,,,100151,100,,
2019-06-28 09:30:00.000000047,100062,100,99993,100,100066,200,99986,100,100085,100,99933,100,100088,100,99923,100,100098,100,99873,100,100107,100,99854,100,100113,100,,,100127,100,,,100148,100,,,100151,100,,
2019-06-28 09:30:00.000000049,100062,100,99993,200,100066,200,99986,100,100085,100,99933,100,100088,100,99923,100,100098,100,99873,100,100107,100,99854,100,100113,100,,,100127,100,,,100148,100,,,100151,100,,
2019-06-28 09:30:00.000000050,100062,100,99993,100,100066,200,99986,100,100085,100,99933,100,100088,100,99923,100,100098,100,99873,100,100107,100,99854,100,100113,100,,,100127,100,,,100148,100,,,100151,100,,
2019-06-28 09:30:00.000000052,100062,100,100009,100,100066,200,99993,100,100085,100,99986,100,100088,100,99933,100,100098,100,99923,100,100107,100,99873,100,100113,100,99854,100,100127,100,,,100148,100,,,100151,100,,
2019-06-28 09:30:00.000000053,100062,100,100009,100,100066,200,99994,100,100085,100,99993,100,100088,100,99986,100,100098,100,99933,100,100107,100,99923,100,100113,100,99907,100,100127,100,99873,100,100148,100,99854,100,100151,100,,
2019-06-28 09:30:00.000000055,100062,100,99994,100,100066,200,99993,100,100085,100,99986,100,100088,100,99933,100,100098,100,99923,100,100107,100,99907,100,100113,100,99873,100,100127,100,99854,100,100148,100,,,100151,100,,
2019-06-28 09:30:00.000000056,100062,100,99994,100,100066,200,99993,100,100085,100,99986,100,100088,100,99943,100,100098,100,99933,100,100107,100,99923,100,100113,100,99907,100,100127,100,99873,100,100148,100,99854,100,100151,100,,
2019-06-28 09:30:00.000000057,100062,100,99995,100,100066,200,99994,100,100085,100,99993,100,100088,100,99986,100,100098,100,99943,100,100107,100,99933,100,100113,100,99923,100,100127,100,99907,100,100148,100,99873,100,100151,100,99854,100
2019-06-28 09:30:00.000000058,100062,100,99995,100,100066,200,99994,100,100068,100,99993,100,100085,100,99986,100,100088,100,99943,100,100098,100,99933,100,100107,100,99923,100,100113,100,99907,100,100127,100,99873,100,100148,100,99854,100
2019-06-28 09:30:00.000000059,100062,100,100053,100,100066,200,99995,100,100068,100,99994,100,100085,100,99993,100,100088,100,99986,100,100098,100,99943,100,100107,100,99933,100,100113,100,99923,100,100127,100,99907,100,100148,100,99873,100
2019-06-28 09:30:00.000000060,100062,100,100053,100,100066,200,99995,100,100068,100,99994,100,100085,100,99993,100,100088,100,99986,100,100098,100,99943,100,100107,100,99933,100,100113,100,99923,100,100127,100,99907,100,100148,100,99873,100
2019-06-28 09:30:00.000000061,100062,100,99995,100,100066,200,99994,100,100068,100,99993,100,100085,100,99986,100,100088,100,99943,100,100098,100,99933,100,100107,100,99923,100,100113,100,99907,100,100127,100,99873,100,100148,100,99854,100
2019-06-28 09:30:00.000000063,100020,100,99995,100,100062,100,99994,100,100066,200,99993,100,100068,100,99986,100,100085,100,99943,100,100088,100,99933,100,100098,100,99923,100,100107,100,99907,100,100113,100,99873,100,100127,100,99854,100
2019-06-28 09:30:00.000000064,100020,100,99995,100,100050,100,99994,100,100062,100,99993,100,100066,200,99986,100,100068,100,99943,100,100085,100,99933,100,100088,100,99923,100,100098,100,99907,100,100107,100,99873,100,100113,100,99854,100
2019-06-28 09:30:00.000000065,100020,100,99995,100,100050,100,99994,100,100062,100,99993,100,100066,200,99986,100,100068,100,99943,100,100085,100,99933,100,100088,100,99923,100,100098,100,99907,100,100107,100,99874,100,100113,100,99873,100
2019-06-28 09:30:00.000000066,100020,100,99995,100,100050,100,99994,100,100062,100,99993,100,100066,200,99986,100,100068,100,99943,100,100085,100,99933,100,100088,100,99923,100,100098,100,99907,100,100107,100,99895,100,100113,100,99874,100
2019-06-28 09:30:00.000000067,100020,100,100009,100,100050,100,99995,100,100062,100,99994,100,100066,200,99993,100,100068,100,99986,100,100085,100,99943,100,100088,100,99933,100,100089,100,99923,100,100098,100,99907,100,100107,100,99895,100
2019-06-28 09:30:00.000000068,100020,100,100009,100,100050,100,99995,100,100062,100,99994,100,100066,200,99993,100,100068,100,99988,100,100085,100,99986,100,100088,100,99943,100,100089,100,99933,100,100098,100,99923,100,100107,100,99907,100
2019-06-28 09:30:00.000000069,100020,100,100009,100,100050,100,99995,100,100062,100,99994,100,100066,200,99993,100,100068,100,99988,100,100085,100,99986,100,100088,100,99943,100,100089,100,99933,100,100098,100,99923,100,100107,100,99907,100
2019-06-28 09:30:00.000000072,100020,100,100009,100,100040,100,99995,100,100050,100,99994,100,100062,100,99993,100,100066,200,99988,100,100068,100,99986,100,100085,100,99943,100,100088,100,99933,100,100089,100,99923,100,100098,100,99907,100
2019-06-28 09:30:00.000000074,100020,100,100009,100,100023,100,99995,100,100040,100,99994,100,100050,100,99993,100,100062,100,99988,100,100066,200,99986,100,100068,100,99943,100,100085,100,99933,100,100088,100,99923,100,100089,100,99907,100
2019-06-28 09:30:00.000000076,100020,100,99995,100,100023,100,99994,100,100040,100,99993,100,100050,100,99988,100,100062,100,99986,100,100066,200,99943,100,100068,100,99933,100,100085,100,99923,100,100088,100,99907,100,100089,100,99899,100
2019-06-28 09:30:00.000000077,100020,100,99995,100,100023,100,99994,100,100040,100,99993,100,100050,100,99988,100,100062,100,99986,100,100066,200,99943,100,100068,100,99933,100,100085,100,99924,100,100088,100,99923,100,100089,100,99918,100
2019-06-28 09:30:00.000000078,100020,100,99994,100,100023,100,99993,100,100040,100,99988,100,100050,100,99986,100,100062,100,99943,100,100066,200,99933,100,100068,100,99924,100,100085,100,99923,100,100088,100,99918,100,100089,100,99907,100
2019-06-28 09:30:00.000000079,100020,100,99994,100,100023,100,99993,100,100040,100,99988,100,100050,100,99986,100,100062,100,99943,100,100066,200,99933,100,100068,100,99924,100,100085,100,99923,100,100088,100,99918,100,100089,100,99907,100
2019-06-28 09:30:00.000000082,100020,100,99994,100,100023,100,99993,100,100040,100,99988,100,100050,100,99986,100,100062,100,99943,100,100066,200,99933,100,100068,100,99924,100,100085,100,99923,100,100088,100,99918,100,100089,100,99907,100
2019-06-28 09:30:00.000000086,100020,100,99994,100,100023,100,99993,100,100040,100,99988,100,100050,100,99986,100,100062,100,99943,100,100066,200,99933,100,100068,100,99924,100,100085,100,99923,100,100088,100,99918,100,100089,100,99907,100
2019-06-28 09:30:00.000000088,100020,100,99993,100,100023,100,99988,100,100040,100,99986,100,100050,100,99943,100,100062,100,99933,100,100066,200,99924,100,100068,100,99923,100,100085,100,99918,100,100088,100,99907,100,100089,100,99899,100
2019-06-28 09:30:00.000000089,100020,100,99993,100,100023,100,99988,100,100040,100,99986,100,100050,100,99943,100,100062,100,99933,100,100066,200,99924,100,100068,100,99923,100,100082,100,99918,100,100085,100,99907,100,100088,100,99899,100
2019-06-28 09:30:00.000000093,100020,100,99993,100,100023,100,99988,100,100040,100,99986,100,100050,100,99943,100,100062,100,99933,100,100066,200,99924,100,100068,100,99923,100,100082,100,99918,100,100085,100,99907,100,100088,100,99899,100
2019-06-28 09:30:00.000000096,100020,100,100011,100,100023,100,99993,100,100040,100,99988,100,100050,100,99986,100,100062,100,99943,100,100066,200,99933,100,100068,100,99924,100,100082,100,99923,100,100085,100,99918,100,100088,100,99907,100
2019-06-28 09:30:00.000000099,100020,100,100011,100,100023,100,99993,100,100040,100,99988,100,100050,100,99986,100,100062,100,99943,100,100066,200,99933,100,100068,100,99924,100,100082,100,99923,100,100085,100,99918,100,100088,100,99907,100
2019-06-28 09:30:02.385256045,100020,100,100011,100,100023,100,99994,100,100040,100,99993,100,100050,100,99988,100,100062,100,99986,100,100066,200,99943,100,100068,100,99933,100,100082,100,99924,100,100085,100,99923,100,100088,100,99918,100
2019-06-28 09:30:10.000000000,100020,424,100011,424,100023,100,99994,100,100040,100,99993,100,100050,100,99988,100,100062,100,99986,100,100066,200,99943,100,100068,100,99933,100,100082,100,99924,100,100085,100,99923,100,100088,100,99918,100
2019-06-28 09:30:20.000000000,100020,210,100011,210,100023,207,99994,207,100040,207,99993,207,100050,100,99988,100,100062,100,99986,100,100066,200,99943,100,100068,100,99933,100,100082,100,99924,100,100085,100,99923,100,100088,100,99918,100
2019-06-28 09:30:30.000000000,100020,424,100011,424,100023,100,99994,100,100040,100,99993,100,100050,100,99988,100,100062,100,99986,100,100066,200,99943,100,100068,100,99933,100,100082,100,99924,100,100085,100,99923,100,100088,100,99918,100
2019-06-28 09:30:40.000000000,100020,210,100011,210,100023,207,99994,207,100040,207,99993,207,100050,100,99988,100,100062,100,99986,100,100066,200,99943,100,100068,100,99933,100,100082,100,99924,100,100085,100,99923,100,100088,100,99918,100
2019-06-28 09:30:44.303872009,100020,210,100011,210,100023,207,99994,207,100040,207,99993,207,100050,100,99988,100,100062,100,99986,100,100066,200,99943,100,100068,100,99933,100,100082,100,99927,100,100085,100,99924,100,100088,100,99923,100
2019-06-28 09:30:45.771109822,100020,210,100011,210,100023,207,99994,207,100040,207,99993,207,100050,100,99988,100,100062,100,99986,100,100066,200,99943,100,100068,100,99933,100,100082,100,99927,100,100085,100,99924,100,100088,100,99923,100
2019-06-28 09:30:46.638849331,100020,210,100017,100,100023,207,100011,210,100040,207,99994,207,100050,100,99993,207,100062,100,99986,100,100066,200,99943,100,100068,100,99933,100,100082,100,99927,100,100085,100,99924,100,100088,100,99923,100
2019-06-28 09:30:50.000000000,100020,165,100017,165,100023,165,100011,165,100040,165,99994,165,100050,165,99993,165,100062,165,99986,165,100066,200,99943,100,100068,100,99933,100,100082,100,99927,100,100085,100,99924,100,100088,100,99923,100
2019-06-28 09:30:53.109927740,100020,165,100017,65,100023,165,100011,165,100040,165,99994,165,100050,165,99993,165,100062,165,99986,165,100066,200,99943,100,100068,100,99933,100,100082,100,99927,100,100085,100,99924,100,100088,100,99923,100
2019-06-28 09:31:00.000000000,100020,165,100011,165,100023,165,99994,165,100040,165,99993,165,100050,165,99986,165,100062,165,99943,165,100066,200,99933,100,100068,100,99927,100,100082,100,99924,100,100085,100,99923,100,100088,100,99918,100
2019-06-28 09:31:10.000000000,100020,165,100011,165,100023,165,99994,165,100040,165,99993,165,100050,165,99986,165,100062,165,99943,165,100066,200,99933,100,100068,100,99927,100,100082,100,99924,100,100085,100,99923,100,100088,100,99918,100
2019-06-28 09:31:20.000000000,100020,165,100011,165,100023,165,99994,165,100040,165,99993,165,100050,165,99986,165,100062,165,99943,165,100066,200,99933,100,100068,100,99927,100,100082,100,99924,100,100085,100,99923,100,100088,100,99918,100
2019-06-28 09:31:23.290706092,100017,100,100011,165,100020,165,99994,165,100023,165,99993,165,100040,165,99986,165,100050,165,99943,165,100062,165,99933,100,100066,200,99927,100,100068,100,99924,100,100082,100,99923,100,100085,100,99918,100
2019-06-28 09:31:30.000000000,100017,181,100011,181,100020,181,99994,181,100023,181,99993,181,100040,181,99986,181,100050,100,99943,100,100062,100,99933,100,100066,200,99927,100,100068,100,99924,100,100082,100,99923,100,100085,100,99918,100
2019-06-28 09:31:35.830835348,100017,81,100011,181,100020,181,99994,181,100023,181,99993,181,100040,181,99986,181,100050,100,99943,100,100062,100,99933,100,100066,200,99927,100,100068,100,99924,100,100082,100,99923,100,100085,100,99918,100
2019-06-28 09:31:36.363069790,100020,181,100018,19,100023,181,100011,181,100040,181,99994,181,100050,100,99993,181,100062,100,99986,181,100066,200,99943,100,100068,100,99933,100,100082,100,99927,100,100085,100,99924,100,100088,100,99923,100
2019-06-28 09:31:39.312477451,100020,81,100018,19,100023,181,100011,181,100040,181,99994,181,100050,100,99993,181,100062,100,99986,181,100066,200,99943,100,100068,100,99933,100,100082,100,99927,100,100085,100,99924,100,100088,100,99923,100
2019-06-28 09:31:40.000000000,100023,210,100018,129,100040,207,100011,207,100050,207,99994,207,100062,100,99993,100,100066,200,99986,100,100068,100,99943,100,100082,100,99933,100,100085,100,99927,100,100088,100,99924,100,100089,100,99923,100
2019-06-28 09:31:50.000000000,100023,165,100018,84,100040,165,100011,165,100050,165,99994,165,100062,165,99993,165,100066,265,99986,165,100068,100,99943,100,100082,100,99933,100,100085,100,99927,100,100088,100,99924,100,100089,100,99923,100
2019-06-28 09:32:00.000000000,100023,181,100018,100,100040,181,100011,181,100050,181,99994,181,100062,181,99993,181,100066,200,99986,100,100068,100,99943,100,100082,100,99933,100,100085,100,99927,100,100088,100,99924,100,100089,100,99923,100
2019-06-28 09:32:04.796408968,100023,181,100018,200,100040,181,100011,181,100050,181,99994,181,100062,181,99993,81,100066,200,99986,100,100068,100,99943,100,100082,100,99933,100,100085,100,99927,100,100088,100,99924,100,100089,100,99923,100
2019-06-28 09:32:04.902027045,100023,181,100018,100,100040,181,100011,181,100050,181,99994,181,100062,181,99993,81,100066,200,99986,100,100068,100,99943,100,100082,100,99933,100,100085,100,99927,100,100088,100,99924,100,100089,100,99923,100
2019-06-28 09:32:10.000000000,100023,210,100018,210,100040,207,100011,207,100050,207,99994,207,100062,100,99986,100,100066,200,99943,100,100068,100,99933,100,100082,100,99927,100,100085,100,99924,100,100088,100,99923,100,100089,100,99907,100
2019-06-28 09:32:17.171548293,100023,210,100018,210,100040,207,100011,207,100044,100,99994,207,100050,207,99986,100,100062,100,99943,100,100066,200,99933,100,100068,100,99927,100,100082,100,99924,100,100085,100,99923,100,100088,100,99907,100
2019-06-28 09:32:20.000000000,100023,424,100018,424,100040,100,100011,100,100044,100,99994,100,100050,100,99986,100,100062,100,99943,100,100066,200,99933,100,100068,100,99927,100,100082,100,99924,100,100085,100,99923,100,100088,100,99907,100
2019-06-28 09:32:28.581921316,100023,324,100018,424,100040,100,100011,100,100044,100,99994,100,100050,100,99986,100,100062,100,99943,100,100066,200,99933,100,100068,100,99927,100,100082,100,99924,100,100085,100,99923,100,100088,100,99907,100
2019-06-28 09:32:30.000000000,100040,165,100018,165,100044,165,100011,165,100050,165,99994,165,100062,165,99986,165,100066,265,99943,165,100068,100,99933,100,100082,100,99927,100,100085,100,99924,100,100088,100,99923,100,100089,100,99907,100
2019-06-28 09:32:39.805988089,100040,165,100018,165,100044,165,100011,165,100050,165,99994,165,100062,165,99986,165,100066,265,99975,100,100068,100,99943,165,100082,100,99933,100,100085,100,99927,100,100088,100,99924,100,100089,100,99923,100
2019-06-28 09:32:40.000000000,100040,181,100018,181,100044,181,100011,181,100050,181,99994,181,100062,181,99986,181,100066,200,99975,100,100068,100,99943,100,100082,100,99933,100,100085,100,99927,100,100088,100,99924,100,100089,100,99923,100
2019-06-28 09:32:47.161912665,100040,181,100024,100,100044,181,100018,181,100050,181,100011,181,100062,181,99994,181,100066,200,99986,181,100068,100,99975,100,100082,100,99933,100,100085,100,99927,100,100088,100,99924,100,100089,100,99923,100
2019-06-28 09:32:50.000000000,100040,210,100024,210,100044,207,100018,207,100050,207,100011,207,100062,100,99994,100,100066,200,99986,100,100068,100,99975,100,100082,100,99933,100,100085,100,99927,100,100088,100,99924,100,100089,100,99923,100
2019-06-28 09:33:00.000000000,100040,165,100024,165,100044,165,100018,165,100050,165,100011,165,100062,165,99994,165,100066,265,99986,165,100068,100,99975,100,100082,100,99933,100,100085,100,99927,100,100088,100,99924,100,100089,100,99923,100
2019-06-28 09:33:04.100736900,100040,165,100024,165,100044,165,100019,100,100050,165,100018,165,100062,165,100011,165,100066,265,99994,165,100068,100,99986,165,100082,100,99975,100,100085,100,99933,100,100088,100,99927,100,100089,100,99924,100
2019-06-28 09:33:10.000000000,100040,262,100024,262,100044,262,100019,262,100050,100,100018,100,100062,100,100011,100,100066,200,99994,100,100068,100,99986,100,100082,100,99975,100,100085,100,99933,100,100088,100,99927,100,100089,100,99924,100
2019-06-28 09:33:19.178901066,100040,262,100024,262,100044,262,100019,362,100050,100,100018,100,100062,100,100011,100,100066,200,99994,100,100068,100,99986,100,100082,100,99975,100,100085,100,99933,100,100088,100,99927,100,100089,100,99924,100
2019-06-28 09:33:20.000000000,100040,165,100024,165,100044,165,100019,265,100050,165,100018,165,100062,165,100011,165,100066,265,99994,165,100068,100,99986,100,100082,100,99975,100,100085,100,99933,100,100088,100,99927,100,100089,100,99924,100
2019-06-28 09:33:30.000000000,100040,165,100024,165,100044,165,100019,265,100050,165,100018,165,100062,165,100011,165,100066,265,99994,165,100068,100,99986,100,100082,100,99975,100,100085,100,99933,100,100088,100,99927,100,100089,100,99924,100
2019-06-28 09:33:40.000000000,100040,424,100024,424,100044,100,100019,200,100050,100,100018,100,100062,100,100011,100,100066,200,99994,100,100068,100,99986,100,100082,100,99975,100,100085,100,99933,100,100088,100,99927,100,100089,100,99924,100
2019-06-28 09:33:49.658694824,100040,424,100024,424,100044,100,100019,200,100050,100,100018,100,100062,100,100011,100,100066,200,99994,100,100068,100,99986,100,100082,100,99975,100,100085,100,99933,100,100088,100,99927,100,100089,100,99924,100
2019-06-28 09:33:50.000000000,100040,165,100024,165,100044,165,100019,265,100050,165,100018,165,100062,165,100011,165,100066,265,99994,165,100068,100,99986,100,100082,100,99975,100,100085,100,99933,100,100088,100,99927,100,100089,100,99924,100
2019-06-28 09:34:00.000000000,100040,424,100024,424,100044,100,100019,200,100050,100,100018,100,100062,100,100011,100,100066,200,99994,100,100068,100,99986,100,100082,100,99975,100,100085,100,99933,100,100088,100,99927,100,100089,100,99924,100
2019-06-28 09:34:00.808425093,100040,424,100024,324,100044,100,100019,200,100050,100,100018,100,100062,100,100011,100,100066,200,99994,100,100068,100,99986,100,100082,100,99975,100,100085,100,99933,100,100088,100,99927,100,100089,100,99924,100
2019-06-28 09:34:10.000000000,100040,424,100019,524,100044,100,100018,100,100050,100,100011,100,100062,100,99994,100,100066,200,99986,100,100068,100,99975,100,100082,100,99933,100,100085,100,99927,100,100088,100,99924,100,100089,100,99923,100
2019-06-28 09:34:17.964643581,100040,324,100019,424,100044,100,100018,100,100050,100,100011,100,100062,100,99994,100,100066,200,99986,100,100068,100,99975,100,100082,100,99933,100,100085,100,99927,100,100088,100,99924,100,100089,100,99923,100
2019-06-28 09:34:20.000000000,100044,210,100019,210,100050,207,100018,207,100062,207,100011,207,100066,200,99994,100,100068,100,99986,100,100082,100,99975,100,100085,100,99933,100,100088,100,99927,100,100089,100,99924,100,100098,100,99923,100
2019-06-28 09:34:30.000000000,100044,262,100019,262,100050,262,100018,262,100062,100,100011,100,100066,200,99994,100,100068,100,99986,100,100082,100,99975,100,100085,100,99933,100,100088,100,99927,100,100089,100,99924,100,100098,100,99923,100
2019-06-28 09:34:40.000000000,100044,424,100019,424,100050,100,100018,100,100062,100,100011,100,100066,200,99994,100,100068,100,99986,100,100082,100,99975,100,100085,100,99933,100,100088,100,99927,100,100089,100,99924,100,100098,100,99923,100
2019-06-28 09:34:50.000000000,100044,262,100019,262,100050,262,100018,262,100062,100,100011,100,100066,200,99994,100,100068,100,99986,100,100082,100,99975,100,100085,100,99933,100,100088,100,99927,100,100089,100,99924,100,100098,100,99923,100
2019-06-28 09:34:59.482535134,100044,262,100019,262,100050,262,100018,262,100062,100,100011,100,100066,200,99994,100,100068,100,99986,100,100082,100,99975,100,100085,100,99933,100,100088,100,99927,100,100089,100,99924,100,100098,100,99923,100
2019-06-28 09:35:00.000000000,100044,262,100019,262,100050,262,100018,262,100062,100,100011,100,100066,200,99994,100,100068,100,99986,100,100082,100,99975,100,100085,100,99933,100,100088,100,99927,100,100089,100,99924,100,100098,100,99923,100
2019-06-28 09:35:09.467680713,100044,262,100019,162,100050,262,100018,262,100062,100,100011,100,100066,200,99994,100,100068,100,99986,100,100082,100,99975,100,100085,100,99933,100,100088,100,99927,100,100089,100,99924,100,100098,100,99923,100
2019-06-28 09:35:10.000000000,100044,424,100018,424,100050,100,100011,100,100062,100,99994,100,100066,200,99986,100,100068,100,99975,100,100082,100,99933,100,100085,100,99927,100,100088,100,99924,100,100089,100,99923,100,100098,100,99907,100
2019-06-28 09:35:20.000000000,100044,262,100018,262,100050,262,100011,262,100062,100,99994,100,100066,200,99986,100,100068,100,99975,100,100082,100,99933,100,100085,100,99927,100,100088,100,99924,100,100089,100,99923,100,100098,100,99907,100
2019-06-28 09:35:22.482106779,100044,262,100018,162,100050,262,100011,262,100062,100,99994,100,100066,200,99986,100,100068,100,99975,100,100082,100,99933,100,100085,100,99927,100,100088,100,99924,100,100089,100,99923,100,100098,100,99907,100
2019-06-28 09:35:22.897700805,100044,262,100018,162,100050,262,100011,262,100062,100,99994,100,100066,200,99986,100,100068,100,99975,100,100082,100,99933,100,100085,100,99927,100,100088,100,99924,100,100089,100,99923,100,100098,100,99907,100
2019-06-28 09:35:27.575093828,100019,100,100018,162,100044,262,100011,262,100050,262,99994,100,100062,100,99986,100,100066,200,99975,100,100068,100,99933,100,100082,100,99927,100,100085,100,99924,100,100088,100,99923,100,100089,100,99907,100
2019-06-28 09:35:30.000000000,100019,262,100011,262,100044,262,99994,262,100050,100,99986,100,100062,100,99975,100,100066,200,99933,100,100068,100,99927,100,100082,100,99924,100,100085,100,99923,100,100088,100,99907,100,100089,100,99899,100
2019-06-28 09:35:37.292469898,100019,262,100011,162,100044,262,99994,262,100062,100,99986,100,100066,200,99975,100,100068,100,99933,100,100082,100,99927,100,100085,100,99924,100,100088,100,99923,100,100089,100,99907,100,100098,100,99899,100
2019-06-28 09:35:40.000000000,100019,165,99994,165,100044,165,99986,165,100062,165,99975,165,100066,265,99933,165,100068,165,99927,165,100082,100,99924,100,100085,100,99923,100,100088,100,99907,100,100089,100,99899,100,100098,100,99874,100
2019-06-28 09:35:46.176928269,100019,165,99994,165,100044,165,99986,165,100062,165,99975,165,100066,265,99933,165,100068,165,99927,165,100082,100,99924,100,100085,100,99923,100,100088,100,99907,100,100089,100,99899,100,100098,100,99874,100
2019-06-28 09:35:50.000000000,100019,262,99994,262,100044,262,99986,262,100062,100,99975,100,100066,200,99933,100,100068,100,99927,100,100082,100,99924,100,100085,100,99923,100,100088,100,99907,100,100089,100,99899,100,100098,100,99874,100
2019-06-28 09:35:55.558687577,100019,262,99994,162,100044,262,99986,262,100062,100,99975,100,100066,200,99933,100,100068,100,99927,100,100082,100,99924,100,100085,100,99923,100,100088,100,99907,100,100089,100,99899,100,100098,100,99874,100
2019-06-28 09:36:00.000000000,100019,181,99986,181,100044,181,99975,181,100062,181,99933,181,100066,281,99927,181,100068,100,99924,100,100082,100,99923,100,100085,100,99907,100,100088,100,99899,100,100089,100,99874,100,100098,100,99871,100
2019-06-28 09:36:07.039070986,100019,181,99986,81,100044,181,99975,181,100062,181,99933,181,100066,281,99927,181,100068,100,99924,100,100082,100,99923,100,100085,100,99907,100,100088,100,99899,100,100089,100,99874,100,100098,100,99871,100
2019-06-28 09:36:09.115884659,99986,19,99975,181,100019,181,99933,181,100044,181,99927,181,100062,181,99924,100,100066,281,99923,100,100068,100,99907,100,100082,100,99899,100,100085,100,99874,100,100088,100,99871,100,100089,100,99868,100
2019-06-28 09:36:10.000000000,99986,84,99975,165,100019,165,99933,165,100044,165,99927,165,100062,165,99924,165,100066,265,99923,165,100068,100,99907,100,100082,100,99899,100,100085,100,99874,100,100088,100,99871,100,100089,100,99868,100
2019-06-28 09:36:16.568808124,99986,84,99975,165,100019,165,99933,165,100044,165,99927,165,100062,165,99924,165,100066,265,99923,65,100068,100,99907,100,100082,100,99899,100,100085,100,99874,100,100088,100,99871,100,100089,100,99868,100
2019-06-28 09:36:20.000000000,99986,129,99975,210,100019,207,99933,207,100044,207,99927,207,100062,100,99924,100,100066,200,99907,100,100068,100,99899,100,100082,100,99874,100,100085,100,99871,100,100088,100,99868,100,100089,100,99863,100
2019-06-28 09:36:30.000000000,99986,181,99975,262,100019,262,99933,262,100044,100,99927,100,100062,100,99924,100,100066,200,99907,100,100068,100,99899,100,100082,100,99874,100,100085,100,99871,100,100088,100,99868,100,100089,100,99863,100
2019-06-28 09:36:33.113381350,99986,181,99975,262,100019,262,99933,262,100044,100,99927,100,100062,100,99924,100,100066,200,99907,100,100068,100,99899,100,100082,100,99874,100,100085,100,99871,100,100088,100,99868,100,100089,100,99863,100
2019-06-28 09:36:40.000000000,99986,181,99975,262,100019,262,99933,262,100044,100,99927,100,100062,100,99924,100,100066,200,99907,100,100068,100,99899,100,100082,100,99874,100,100085,100,99871,100,100088,100,99868,100,100089,100,99863,100
2019-06-28 09:36:47.069000905,99986,181,99975,262,100019,262,99933,262,100044,100,99927,100,100062,100,99924,100,100066,100,99907,100,100068,100,99899,100,100082,100,99874,100,100085,100,99871,100,100088,100,99868,100,100089,100,99863,100
2019-06-28 09:36:50.000000000,99986,129,99975,210,100019,207,99933,207,100044,207,99927,207,100062,100,99924,100,100066,100,99907,100,100068,100,99899,100,100082,100,99874,100,100085,100,99871,100,100088,100,99868,100,100089,100,99863,100
2019-06-28 09:36:54.880740090,99986,129,99975,210,100019,207,99933,207,100044,207,99927,207,100062,100,99924,100,100066,100,99907,100,100068,100,99899,100,100082,100,99874,100,100085,100,99871,100,100089,100,99868,100,100098,100,99863,100
2019-06-28 09:36:55.955202546,99986,129,99975,110,100019,207,99933,207,100044,207,99927,207,100062,100,99924,100,100066,100,99907,100,100068,100,99899,100,100082,100,99874,100,100085,100,99871,100,100089,100,99868,100,100098,100,99863,100
2019-06-28 09:37:00.000000000,99986,84,99933,165,100019,165,99927,165,100044,165,99924,165,100062,165,99907,165,100066,165,99899,165,100068,100,99874,100,100082,100,99871,100,100085,100,99868,100,100089,100,99863,100,100098,100,99835,100
2019-06-28 09:37:05.382077678,99985,100,99933,165,99986,84,99927,165,100019,165,99924,165,100044,165,99907,165,100062,165,99899,165,100066,165,99874,100,100068,100,99871,100,100082,100,99868,100,100085,100,99863,100,100089,100,99835,100
2019-06-28 09:37:10.000000000,99985,424,99933,424,99986,19,99927,100,100019,100,99924,100,100044,100,99907,100,100062,100,99899,100,100066,100,99874,100,100068,100,99871,100,100082,100,99868,100,100085,100,99863,100,100089,100,99835,100
2019-06-28 09:37:18.700261472,99985,424,99933,424,99986,19,99927,100,100019,100,99924,100,100044,100,99907,100,100062,100,99899,100,100066,100,99874,100,100068,100,99871,100,100082,100,99868,100,100085,100,99863,100,100089,100,99835,100
2019-06-28 09:37:20.000000000,99985,262,99933,262,99986,181,99927,262,100019,100,99924,100,100044,100,99907,100,100062,100,99899,100,100066,100,99874,100,100068,100,99871,100,100082,100,99868,100,100085,100,99863,100,100089,100,99835,100
2019-06-28 09:37:20.978720203,99985,362,99933,262,99986,181,99927,262,100019,100,99924,100,100044,100,99907,100,100062,100,99899,100,100066,100,99874,100,100068,100,99871,100,100082,100,99868,100,100085,100,99863,100,100089,100,99835,100
2019-06-28 09:37:30.000000000,99985,362,99933,262,99986,181,99927,262,100019,100,99924,100,100044,100,99907,100,100062,100,99899,100,100066,100,99874,100,100068,100,99871,100,100082,100,99868,100,100085,100,99863,100,100089,100,99835,100
2019-06-28 09:37:40.000000000,99985,265,99933,165,99986,84,99927,165,100019,165,99924,165,100044,165,99907,165,100062,165,99899,165,100066,100,99874,100,100068,100,99871,100,100082,100,99868,100,100085,100,99863,100,100089,100,99835,100
2019-06-28 09:37:41.554512382,99985,265,99933,165,99986,84,99927,165,100019,165,99924,165,100044,165,99907,165,100062,165,99899,165,100066,100,99874,100,100068,100,99871,100,100082,100,99868,100,100085,100,99863,100,100089,100,99835,100
2019-06-28 09:37:50.000000000,99985,265,99933,165,99986,84,99927,165,100019,165,99924,165,100044,165,99907,165,100062,165,99899,165,100066,100,99874,100,100068,100,99871,100,100082,100,99868,100,100085,100,99863,100,100089,100,99835,100
2019-06-28 09:38:00.000000000,99985,524,99933,424,99986,19,99927,100,100019,100,99924,100,100044,100,99907,100,100062,100,99899,100,100066,100,99874,100,100068,100,99871,100,100082,100,99868,100,100085,100,99863,100,100089,100,99835,100
2019-06-28 09:38:10.000000000,99985,281,99933,181,99986,100,99927,181,100019,181,99924,181,100044,181,99907,181,100062,100,99899,100,100066,100,99874,100,100068,100,99871,100,100082,100,99868,100,100085,100,99863,100,100089,100,99835,100
2019-06-28 09:38:20.000000000,99985,310,99933,210,99986,126,99927,207,100019,207,99924,207,100044,100,99907,100,100062,100,99899,100,100066,100,99874,100,100068,100,99871,100,100082,100,99868,100,100085,100,99863,100,100089,100,99835,100
2019-06-28 09:38:24.409839513,99985,310,99933,110,99986,126,99927,207,100019,207,99924,207,100044,100,99907,100,100062,100,99899,100,100066,100,99874,100,100068,100,99871,100,100082,100,99868,100,100085,100,99863,100,100098,100,99835,100
2019-06-28 09:38:30.000000000,99985,281,99927,181,99986,100,99924,181,100019,181,99907,181,100044,181,99899,181,100062,100,99874,100,100066,100,99871,100,100068,100,99868,100,100082,100,99863,100,100085,100,99835,100,100098,100,99790,100
2019-06-28 09:38:40.000000000,99985,265,99927,165,99986,84,99924,165,100019,165,99907,165,100044,165,99899,165,100062,165,99874,165,100066,100,99871,100,100068,100,99868,100,100082,100,99863,100,100085,100,99835,100,100098,100,99790,100
2019-06-28 09:38:50.000000000,99985,310,99927,210,99986,126,99924,207,100019,207,99907,207,100044,100,99899,100,100062,100,99874,100,100066,100,99871,100,100068,100,99868,100,100082,100,99863,100,100085,100,99835,100,100098,100,99790,100
2019-06-28 09:38:53.434762241,99985,310,99927,210,99986,126,99924,207,100019,207,99907,207,100044,100,99899,100,100062,100,99874,100,100066,100,99871,100,100068,100,99868,100,100082,100,99863,100,100085,100,99835,100,100098,100,99790,100
2019-06-28 09:39:00.000000000,99985,281,99927,181,99986,100,99924,181,100019,181,99907,181,100044,181,99899,181,100062,100,99874,100,100066,100,99871,100,100068,100,99868,100,100082,100,99863,100,100085,100,99835,100,100098,100,99790,100
2019-06-28 09:39:10.000000000,99985,310,99927,210,99986,126,99924,207,100019,207,99907,207,100044,100,99899,100,100062,100,99874,100,100066,100,99871,100,100068,100,99868,100,100082,100,99863,100,100085,100,99835,100,100098,100,99790,100
2019-06-28 09:39:20.000000000,99985,265,99927,165,99986,84,99924,165,100019,165,99907,165,100044,165,99899,165,100062,165,99874,165,100066,100,99871,100,100068,100,99868,100,100082,100,99863,100,100085,100,99835,100,100098,100,99790,100
2019-06-28 09:39:27.049598722,99985,265,99927,165,99986,84,99924,165,100019,165,99907,165,100044,165,99899,165,100062,165,99874,165,100066,100,99871,100,100082,100,99868,100,100085,100,99863,100,100098,100,99835,100,100107,100,99790,100
2019-06-28 09:39:30.000000000,99985,281,99927,181,99986,100,99924,181,100019,181,99907,181,100044,181,99899,181,100062,100,99874,100,100066,100,99871,100,100082,100,99868,100,100085,100,99863,100,100098,100,99835,100,100107,100,99790,100
2019-06-28 09:39:31.804135671,99985,281,99927,181,99986,100,99924,181,100019,181,99907,181,100044,181,99899,181,100062,100,99874,100,100066,100,99871,100,100082,100,99868,100,100085,100,99863,100,100098,100,99835,100,100107,100,99790,100
2019-06-28 09:39:40.000000000,99985,265,99927,165,99986,84,99924,165,100019,165,99907,165,100044,165,99899,165,100062,165,99874,165,100066,100,99871,100,100082,100,99868,100,100085,100,99863,100,100098,100,99835,100,100107,100,99790,100
2019-06-28 09:39:45.960161024,99975,100,99927,165,99985,265,99924,165,99986,84,99907,165,100019,165,99899,165,100044,165,99874,165,100062,165,99871,100,100066,100,99868,100,100082,100,99863,100,100085,100,99835,100,100098,100,99790,100
2019-06-28 09:39:50.000000000,99975,181,99927,181,99985,281,99924,181,99986,100,99907,181,100019,181,99899,181,100044,100,99874,100,100062,100,99871,100,100066,100,99868,100,100082,100,99863,100,100085,100,99835,100,100098,100,99790,100
2019-06-28 09:39:57.936482923,99975,281,99927,181,99985,281,99924,181,99986,100,99907,181,100019,181,99899,181,100044,100,99874,100,100062,100,99871,100,100066,100,99868,100,100082,100,99863,100,100085,100,99835,100,100098,100,99790,100
2019-06-28 09:40:00.000000000,99975,362,99927,262,99985,362,99924,262,99986,19,99907,100,100019,100,99899,100,100044,100,99874,100,100062,100,99871,100,100066,100,99868,100,100082,100,99863,100,100085,100,99835,100,100098,100,99790,100
2019-06-28 09:40:08.021223525,99975,362,99927,262,99985,362,99924,262,99986,19,99907,100,100019,100,99899,100,100044,100,99874,100,100062,100,99871,100,100066,100,99868,100,100082,100,99863,100,100085,100,99835,100,100098,100,99790,100
2019-06-28 09:40:10.000000000,99975,362,99927,262,99985,362,99924,262,99986,19,99907,100,100019,100,99899,100,100044,100,99874,100,100062,100,99871,100,100066,100,99868,100,100082,100,99863,100,100085,100,99835,100,100098,100,99790,100
2019-06-28 09:40:17.811891443,99975,362,99927,162,99985,362,99924,262,99986,19,99907,100,100019,100,99899,100,100044,100,99874,100,100062,100,99871,100,100066,100,99868,100,100082,100,99863,100,100085,100,99835,100,100098,100,99790,100
2019-06-28 09:40:20.000000000,99975,524,99924,424,99985,200,99907,100,99986,19,99899,100,100019,100,99874,100,100044,100,99871,100,100062,100,99868,100,100066,100,99863,100,100082,100,99835,100,100085,100,99790,100,100098,100,99502,100
2019-06-28 09:40:22.554679801,99933,100,99924,424,99975,524,99907,100,99985,200,99899,100,99986,19,99874,100,100019,100,99871,100,100044,100,99868,100,100062,100,99863,100,100066,100,99835,100,100082,100,99790,100,100085,100,99502,100
2019-06-28 09:40:30.000000000,99933,181,99924,181,99975,281,99907,181,99985,281,99899,181,99986,100,99874,181,100019,100,99871,100,100044,100,99868,100,100062,100,99863,100,100066,100,99835,100,100082,100,99790,100,100085,100,99502,100
2019-06-28 09:40:40.000000000,99933,424,99924,424,99975,200,99907,100,99985,200,99899,100,99986,19,99874,100,100019,100,99871,100,100044,100,99868,100,100062,100,99863,100,100066,100,99835,100,100082,100,99790,100,100085,100,99502,100
2019-06-28 09:40:40.868252948,99933,524,99924,424,99975,200,99907,100,99985,200,99899,100,99986,19,99874,100,100019,100,99871,100,100044,100,99868,100,100062,100,99863,100,100066,100,99835,100,100082,100,99790,100,100085,100,99502,100
2019-06-28 09:40:50.000000000,99933,265,99924,165,99975,265,99907,165,99985,265,99899,165,99986,84,99874,165,100019,165,99871,165,100044,100,99868,100,100062,100,99863,100,100066,100,99835,100,100082,100,99790,100,100085,100,99502,100
2019-06-28 09:41:00.000000000,99933,310,99924,210,99975,307,99907,207,99985,307,99899,207,99986,19,99874,100,100019,100,99871,100,100044,100,99868,100,100062,100,99863,100,100066,100,99835,100,100082,100,99790,100,100085,100,99502,100
2019-06-28 09:41:10.000000000,99933,310,99924,210,99975,307,99907,207,99985,307,99899,207,99986,19,99874,100,100019,100,99871,100,100044,100,99868,100,100062,100,99863,100,100066,100,99835,100,100082,100,99790,100,100085,100,99502,100
2019-06-28 09:41:20.000000000,99933,310,99924,210,99975,307,99907,207,99985,307,99899,207,99986,19,99874,100,100019,100,99871,100,100044,100,99868,100,100062,100,99863,100,100066,100,99835,100,100082,100,99790,100,100085,100,99502,100
2019-06-28 09:41:30.000000000,99933,362,99924,262,99975,362,99907,262,99985,200,99899,100,99986,19,99874,100,100019,100,99871,100,100044,100,99868,100,100062,100,99863,100,100066,100,99835,100,100082,100,99790,100,100085,100,99502,100
2019-06-28 09:41:40.000000000,99933,265,99924,165,99975,265,99907,165,99985,265,99899,165,99986,84,99874,165,100019,165,99871,165,100044,100,99868,100,100062,100,99863,100,100066,100,99835,100,100082,100,99790,100,100085,100,99502,100
2019-06-28 09:41:40.838465647,99933,265,99924,165,99975,265,99907,165,99985,265,99899,65,99986,84,99874,165,100019,165,99871,165,100044,100,99868,100,100062,100,99863,100,100066,100,99835,100,100082,100,99790,100,100085,100,99502,100
2019-06-28 09:41:50.000000000,99933,310,99924,210,99975,307,99907,207,99985,307,99874,207,99986,19,99871,100,100019,100,99868,100,100044,100,99863,100,100062,100,99835,100,100066,100,99790,100,100082,100,99502,100,100085,100,99458,200
2019-06-28 09:41:52.915587386,99933,310,99924,210,99975,307,99907,207,99985,307,99874,207,100019,100,99871,100,100044,100,99868,100,100062,100,99863,100,100066,100,99835,100,100082,100,99790,100,100085,100,99502,100,100098,100,99458,200
2019-06-28 09:42:00.000000000,99933,310,99924,210,99975,307,99907,207,99985,307,99874,207,100019,100,99871,100,100044,100,99868,100,100062,100,99863,100,100066,100,99835,100,100082,100,99790,100,100085,100,99502,100,100098,100,99458,200
2019-06-28 09:42:05.692409654,99933,310,99924,210,99975,307,99907,207,99985,307,99874,207,100019,100,99871,100,100044,100,99868,100,100066,100,99863,100,100082,100,99835,100,100085,100,99790,100,100098,100,99502,100,100107,100,99458,200
2019-06-28 09:42:10.000000000,99933,281,99924,181,99975,281,99907,181,99985,281,99874,181,100019,181,99871,181,100044,100,99868,100,100066,100,99863,100,100082,100,99835,100,100085,100,99790,100,100098,100,99502,100,100107,100,99458,200
2019-06-28 09:42:20.000000000,99933,265,99924,165,99975,265,99907,165,99985,265,99874,165,100019,165,99871,165,100044,165,99868,165,100066,100,99863,100,100082,100,99835,100,100085,100,99790,100,100098,100,99502,100,100107,100,99458,200
2019-06-28 09:42:20.617703486,99933,265,99924,65,99975,265,99907,165,99985,265,99874,165,100019,165,99871,165,100044,165,99868,165,100066,100,99863,100,100082,100,99835,100,100085,100,99790,100,100098,100,99502,100,100107,100,99458,200
2019-06-28 09:42:30.000000000,99933,310,99907,210,99975,307,99874,207,99985,307,99871,207,100019,100,99868,100,100044,100,99863,100,100066,100,99835,100,100082,100,99790,100,100085,100,99502,100,100098,100,99458,200,100107,100,99457,100
2019-06-28 09:42:39.936155485,99933,310,99907,110,99975,307,99874,207,99985,307,99871,207,100019,100,99868,100,100044,100,99863,100,100066,100,99835,100,100082,100,99790,100,100085,100,99502,100,100098,100,99458,200,100107,100,99457,100
2019-06-28 09:42:40.000000000,99933,265,99874,165,99975,265,99871,165,99985,265,99868,165,100019,165,99863,165,100044,165,99835,165,100066,100,99790,100,100082,100,99502,100,100085,100,99458,200,100098,100,99457,100,100107,100,99061,100
2019-06-28 09:42:46.470551954,99933,265,99874,65,99975,265,99871,165,99985,265,99868,165,100019,165,99863,165,100044,165,99835,165,100066,100,99790,100,100082,100,99502,100,100085,100,99458,200,100098,100,99457,100,100107,100,99061,100
2019-06-28 09:42:50.000000000,99933,524,99871,424,99975,200,99868,100,99985,200,99863,100,100019,100,99835,100,100044,100,99790,100,100066,100,99502,100,100082,100,99458,200,100085,100,99457,100,100098,100,99061,100,100107,100,99024,100
2019-06-28 09:43:00.000000000,99933,281,99871,181,99975,281,99868,181,99985,281,99863,181,100019,181,99835,181,100044,100,99790,100,100066,100,99502,100,100082,100,99458,200,100085,100,99457,100,100098,100,99061,100,100107,100,99024,100
2019-06-28 09:43:10.000000000,99933,362,99871,262,99975,362,99868,262,99985,200,99863,100,100019,100,99835,100,100044,100,99790,100,100066,100,99502,100,100082,100,99458,200,100085,100,99457,100,100098,100,99061,100,100107,100,99024,100
2019-06-28 09:43:20.000000000,99933,281,99871,181,99975,281,99868,181,99985,281,99863,181,100019,181,99835,181,100044,100,99790,100,100066,100,99502,100,100082,100,99458,200,100085,100,99457,100,100098,100,99061,100,100107,100,99024,100
2019-06-28 09:43:30.000000000,99933,265,99871,165,99975,265,99868,165,99985,265,99863,165,100019,165,99835,165,100044,165,99790,165,100066,100,99502,100,100082,100,99458,200,100085,100,99457,100,100098,100,99061,100,100107,100,99024,100
2019-06-28 09:43:40.000000000,99933,281,99871,181,99975,281,99868,181,99985,281,99863,181,100019,181,99835,181,100044,100,99790,100,100066,100,99502,100,100082,100,99458,200,100085,100,99457,100,100098,100,99061,100,100107,100,99024,100
2019-06-28 09:43:50.000000000,99933,310,99871,210,99975,307,99868,207,99985,307,99863,207,100019,100,99835,100,100044,100,99790,100,100066,100,99502,100,100082,100,99458,200,100085,100,99457,100,100098,100,99061,100,100107,100,99024,100
2019-06-28 09:44:00.000000000,99933,265,99871,165,99975,265,99868,165,99985,265,99863,165,100019,165,99835,165,100044,165,99790,165,100066,100,99502,100,100082,100,99458,200,100085,100,99457,100,100098,100,99061,100,100107,100,99024,100
2019-06-28 09:44:10.000000000,99933,524,99871,424,99975,200,99868,100,99985,200,99863,100,100019,100,99835,100,100044,100,99790,100,100066,100,99502,100,100082,100,99458,200,100085,100,99457,100,100098,100,99061,100,100107,100,99024,100
2019-06-28 09:44:10.923012941,99933,424,99871,424,99975,200,99868,100,99985,200,99863,100,100019,100,99835,100,100044,100,99790,100,100066,100,99502,100,100082,100,99458,200,100085,100,99457,100,100098,100,99061,100,100107,100,99024,100
2019-06-28 09:44:16.187702762,99933,324,99871,424,99975,200,99868,100,99985,200,99863,100,100019,100,99835,100,100044,100,99790,100,100066,100,99502,100,100082,100,99458,200,100085,100,99457,100,100098,100,99061,100,100107,100,99024,100
2019-06-28 09:44:20.000000000,99975,265,99871,165,99985,265,99868,165,100019,165,99863,165,100044,165,99835,165,100066,165,99790,165,100082,100,99502,100,100085,100,99458,200,100098,100,99457,100,100107,100,99061,100,100113,100,99024,100
2019-06-28 09:44:30.000000000,99975,310,99871,210,99985,307,99868,207,100019,207,99863,207,100044,100,99835,100,100066,100,99790,100,100082,100,99502,100,100085,100,99458,200,100098,100,99457,100,100107,100,99061,100,100113,100,99024,100
2019-06-28 09:44:35.133801399,99975,210,99933,100,99985,307,99871,210,100019,207,99868,207,100044,100,99863,207,100066,100,99835,100,100082,100,99790,100,100085,100,99502,100,100098,100,99458,200,100107,100,99457,100,100113,100,99061,100
2019-06-28 09:44:40.000000000,99975,165,99933,165,99985,265,99871,165,100019,165,99868,165,100044,165,99863,165,100066,165,99835,165,100082,100,99790,100,100085,100,99502,100,100098,100,99458,200,100107,100,99457,100,100113,100,99061,100
2019-06-28 09:44:50.000000000,99975,262,99933,262,99985,362,99871,262,100019,100,99868,100,100044,100,99863,100,100066,100,99835,100,100082,100,99790,100,100085,100,99502,100,100098,100,99458,200,100107,100,99457,100,100113,100,99061,100
2019-06-28 09:44:53.126614830,99975,262,99933,262,99985,362,99871,262,100019,100,99868,100,100044,100,99863,100,100066,100,99835,100,100082,100,99790,100,100085,100,99502,100,100098,100,99458,200,100107,100,99457,100,100113,100,99061,100
2019-06-28 09:45:00.000000000,99975,424,99933,424,99985,200,99871,100,100019,100,99868,100,100044,100,99863,100,100066,100,99835,100,100082,100,99790,100,100085,100,99502,100,100098,100,99458,200,100107,100,99457,100,100113,100,99061,100
2019-06-28 09:45:07.292377449,99975,424,99933,524,99985,200,99871,100,100044,100,99868,100,100066,100,99863,100,100082,100,99835,100,100085,100,99790,100,100098,100,99502,100,100107,100,99458,200,100113,100,99457,100,100127,100,99061,100
2019-06-28 09:45:10.000000000,99975,181,99933,281,99985,281,99871,181,100044,181,99868,181,100066,181,99863,181,100082,100,99835,100,100085,100,99790,100,100098,100,99502,100,100107,100,99458,200,100113,100,99457,100,100127,100,99061,100
2019-06-28 09:45:20.000000000,99975,165,99933,265,99985,265,99871,165,100044,165,99868,165,100066,165,99863,165,100082,165,99835,165,100085,100,99790,100,100098,100,99502,100,100107,100,99458,200,100113,100,99457,100,100127,100,99061,100
2019-06-28 09:45:20.930391043,99975,165,99933,265,99985,265,99871,165,100044,165,99868,165,100066,165,99863,165,100082,165,99835,165,100085,100,99790,100,100098,100,99502,100,100107,100,99458,200,100113,100,99457,100,100127,100,99061,100
2019-06-28 09:45:30.000000000,99975,165,99933,265,99985,265,99871,165,100044,165,99868,165,100066,165,99863,165,100082,165,99835,165,100085,100,99790,100,100098,100,99502,100,100107,100,99458,200,100113,100,99457,100,100127,100,99061,100
2019-06-28 09:45:40.000000000,99975,181,99933,281,99985,281,99871,181,100044,181,99868,181,100066,181,99863,181,100082,100,99835,100,100085,100,99790,100,100098,100,99502,100,100107,100,99458,200,100113,100,99457,100,100127,100,99061,100
2019-06-28 09:45:50.000000000,99975,210,99933,310,99985,307,99871,207,100044,207,99868,207,100066,100,99863,100,100082,100,99835,100,100085,100,99790,100,100098,100,99502,100,100107,100,99458,200,100113,100,99457,100,100127,100,99061,100
2019-06-28 09:45:54.135559449,99975,210,99933,310,99985,307,99871,207,100044,207,99868,207,100082,100,99863,100,100085,100,99835,100,100098,100,99790,100,100107,100,99502,100,100113,100,99458,200,100127,100,99457,100,100148,100,99061,100
2019-06-28 09:46:00.000000000,99975,165,99933,265,99985,265,99871,165,100044,165,99868,165,100082,165,99863,165,100085,165,99835,165,100098,100,99790,100,100107,100,99502,100,100113,100,99458,200,100127,100,99457,100,100148,100,99061,100
2019-06-28 09:46:04.271918538,99975,65,99933,265,99985,265,99871,165,100044,165,99868,165,100082,65,99863,165,100085,165,99835,165,100098,100,99790,100,100107,100,99502,100,100113,100,99458,200,100127,100,99457,100,100148,100,99061,100
2019-06-28 09:46:06.015486444,99985,265,99975,35,100044,165,99933,265,100082,65,99871,165,100085,165,99868,165,100098,100,99863,165,100107,100,99835,165,100113,100,99790,100,100127,100,99502,100,100148,100,99458,200,100158,100,99457,100
2019-06-28 09:46:10.000000000,99985,281,99975,116,100044,181,99933,281,100085,181,99871,181,100098,181,99868,181,100107,100,99863,100,100113,100,99835,100,100127,100,99790,100,100148,100,99502,100,100158,100,99458,200,100188,100,99457,100
2019-06-28 09:46:20.000000000,99985,524,99975,359,100044,100,99933,200,100085,100,99871,100,100098,100,99868,100,100107,100,99863,100,100113,100,99835,100,100127,100,99790,100,100148,100,99502,100,100158,100,99458,200,100188,100,99457,100
2019-06-28 09:46:30.000000000,99985,310,99975,145,100044,207,99933,307,100085,207,99871,207,100098,100,99868,100,100107,100,99863,100,100113,100,99835,100,100127,100,99790,100,100148,100,99502,100,100158,100,99458,200,100188,100,99457,100
2019-06-28 09:46:40.000000000,99985,265,99975,100,100044,165,99933,265,100085,165,99871,165,100098,165,99868,165,100107,165,99863,165,100113,100,99835,100,100127,100,99790,100,100148,100,99502,100,100158,100,99458,200,100188,100,99457,100
2019-06-28 09:46:48.918959874,99985,265,99975,200,100044,165,99933,265,100085,165,99871,165,100098,165,99868,165,100107,165,99863,165,100113,100,99835,100,100127,100,99790,100,100148,100,99502,100,100158,100,99458,200,100188,100,99457,100
2019-06-28 09:46:50.000000000,99985,362,99975,297,100044,262,99933,362,100085,100,99871,100,100098,100,99868,100,100107,100,99863,100,100113,100,99835,100,100127,100,99790,100,100148,100,99502,100,100158,100,99458,200,100188,100,99457,100
2019-06-28 09:46:53.428366325,99985,262,99975,297,100044,262,99933,362,100085,100,99871,100,100098,100,99868,100,100107,100,99863,100,100113,100,99835,100,100127,100,99790,100,100148,100,99502,100,100158,100,99458,200,100188,100,99457,100
2019-06-28 09:47:00.000000000,99985,165,99975,200,100044,165,99933,265,100085,165,99871,165,100098,165,99868,165,100107,165,99863,165,100113,100,99835,100,100127,100,99790,100,100148,100,99502,100,100158,100,99458,200,100188,100,99457,100
2019-06-28 09:47:02.645088928,99985,165,99976,100,100044,165,99975,200,100085,165,99933,265,100098,165,99871,165,100107,165,99868,165,100113,100,99863,165,100127,100,99835,100,100148,100,99790,100,100158,100,99502,100,100188,100,99458,200
2019-06-28 09:47:06.293158279,99985,165,99976,200,100044,165,99975,200,100085,165,99933,265,100098,165,99871,165,100107,165,99868,165,100113,100,99863,165,100127,100,99835,100,100148,100,99790,100,100158,100,99502,100,100188,100,99458,200
2019-06-28 09:47:07.474352635,99985,165,99976,200,100044,165,99975,200,100085,165,99933,265,100098,165,99871,165,100107,165,99868,165,100113,100,99863,165,100127,100,99835,100,100148,100,99790,100,100158,100,99502,100,100188,100,99458,200
2019-06-28 09:47:10.000000000,99985,424,99976,524,100044,100,99975,135,100085,100,99933,200,100098,100,99871,100,100107,100,99868,100,100113,100,99863,100,100127,100,99835,100,100148,100,99790,100,100158,100,99502,100,100188,100,99458,200
2019-06-28 09:47:20.000000000,99985,181,99976,281,100044,181,99975,216,100085,181,99933,281,100098,181,99871,181,100107,100,99868,100,100113,100,99863,100,100127,100,99835,100,100148,100,99790,100,100158,100,99502,100,100188,100,99458,200
2019-06-28 09:47:29.659227754,99985,81,99976,281,100044,81,99975,216,100085,181,99933,281,100098,181,99871,181,100107,100,99868,100,100113,100,99863,100,100127,100,99835,100,100148,100,99790,100,100158,100,99502,100,100188,100,99458,200
2019-06-28 09:47:30.000000000,100085,210,99976,310,100098,207,99975,242,100107,207,99933,307,100113,100,99871,100,100127,100,99868,100,100148,100,99863,100,100158,100,99835,100,100188,100,99790,100,100190,100,99502,100,100593,100,99458,200
2019-06-28 09:47:40.000000000,100085,165,99976,265,100098,165,99975,200,100107,165,99933,265,100113,165,99871,165,100127,165,99868,165,100148,100,99863,100,100158,100,99835,100,100188,100,99790,100,100190,100,99502,100,100593,100,99458,200
2019-06-28 09:47:50.000000000,100085,210,99976,310,100098,207,99975,242,100107,207,99933,307,100113,100,99871,100,100127,100,99868,100,100148,100,99863,100,100158,100,99835,100,100188,100,99790,100,100190,100,99502,100,100593,100,99458,200
2019-06-28 09:47:51.831793269,100085,210,99976,310,100098,207,99975,242,100107,207,99933,307,100113,100,99871,100,100127,100,99868,100,100148,100,99863,100,100158,100,99835,100,100188,100,99790,100,100190,100,99502,100,100396,100,99458,200
2019-06-28 09:47:56.646494854,100085,110,99976,310,100098,207,99975,242,100107,207,99933,307,100113,100,99871,100,100127,100,99868,100,100148,100,99863,100,100158,100,99835,100,100188,100,99790,100,100190,100,99502,100,100396,100,99458,200
2019-06-28 09:48:00.000000000,100098,165,99976,265,100107,165,99975,200,100113,165,99933,265,100127,165,99871,165,100148,165,99868,165,100158,100,99863,100,100188,100,99835,100,100190,100,99790,100,100396,100,99502,100,100593,100,99458,200
2019-06-28 09:48:03.359613396,100098,165,99976,265,100107,165,99975,200,100113,165,99933,265,100127,165,99871,165,100148,165,99868,165,100158,100,99863,100,100188,100,99835,100,100190,100,99790,100,100479,100,99502,100,100593,100,99458,200
2019-06-28 09:48:05.920081590,100098,65,99976,265,100107,165,99975,200,100113,165,99933,265,100127,165,99871,65,100148,165,99868,165,100158,100,99863,100,100188,100,99835,100,100190,100,99790,100,100479,100,99502,100,100593,100,99458,200
2019-06-28 09:48:08.515391756,100098,65,99976,265,100107,165,99975,200,100113,165,99933,265,100127,165,99871,65,100148,165,99868,165,100158,100,99863,100,100190,100,99835,100,100479,100,99790,100,100564,100,99502,100,100593,100,99458,200
2019-06-28 09:48:10.000000000,100107,181,99976,281,100113,181,99975,216,100127,181,99933,281,100148,181,99868,181,100158,100,99863,100,100190,100,99835,100,100479,100,99790,100,100564,100,99502,100,100593,100,99458,200,100826,100,99457,100
2019-06-28 09:48:20.000000000,100107,165,99976,265,100113,165,99975,200,100127,165,99933,265,100148,165,99868,165,100158,165,99863,165,100190,100,99835,100,100479,100,99790,100,100564,100,99502,100,100593,100,99458,200,100826,100,99457,100
2019-06-28 09:48:21.108110444,100107,165,99976,265,100113,165,99975,200,100127,165,99933,265,100148,165,99868,165,100158,165,99863,165,100190,100,99835,100,100298,100,99790,100,100479,100,99502,100,100564,100,99458,200,100593,100,99457,100
2019-06-28 09:48:30.000000000,100107,181,99976,281,100113,181,99975,216,100127,181,99933,281,100148,181,99868,181,100158,100,99863,100,100190,100,99835,100,100298,100,99790,100,100479,100,99502,100,100564,100,99458,200,100593,100,99457,100
2019-06-28 09:48:40.000000000,100107,424,99976,524,100113,100,99975,135,100127,100,99933,200,100148,100,99868,100,100158,100,99863,100,100190,100,99835,100,100298,100,99790,100,100479,100,99502,100,100564,100,99458,200,100593,100,99457,100
2019-06-28 09:48:47.684820419,100107,424,99976,524,100113,100,99975,135,100127,100,99933,200,100148,100,99868,100,100158,100,99835,100,100190,100,99790,100,100298,100,99502,100,100479,100,99458,200,100564,100,99457,100,100582,100,99061,100
2019-06-28 09:48:48.600414150,100107,324,99976,524,100113,100,99975,135,100127,100,99933,200,100148,100,99868,100,100158,100,99835,100,100190,100,99790,100,100298,100,99502,100,100479,100,99458,200,100564,100,99457,100,100582,100,99061,100
2019-06-28 09:48:50.000000000,100113,181,99976,281,100127,181,99975,216,100148,181,99933,281,100158,181,99868,181,100190,100,99835,100,100298,100,99790,100,100479,100,99502,100,100564,100,99458,200,100582,100,99457,100,100593,100,99061,100
2019-06-28 09:48:50.170932918,100113,181,100098,100,100127,181,99976,281,100148,181,99975,216,100158,181,99933,281,100190,100,99868,181,100298,100,99835,100,100479,100,99790,100,100564,100,99502,100,100582,100,99458,200,100593,100,99457,100
2019-06-28 09:49:00.000000000,100113,210,100098,210,100127,207,99976,307,100148,207,99975,242,100158,100,99933,200,100190,100,99868,100,100298,100,99835,100,100479,100,99790,100,100564,100,99502,100,100582,100,99458,200,100593,100,99457,100
2019-06-28 09:49:08.594687836,100113,210,100098,210,100127,207,99976,307,100148,207,99975,242,100158,100,99933,200,100190,100,99868,100,100298,100,99835,100,100348,100,99790,100,100479,100,99502,100,100564,100,99458,200,100582,100,99457,100
2019-06-28 09:49:10.000000000,100113,424,100098,424,100127,100,99976,200,100148,100,99975,135,100158,100,99933,200,100190,100,99868,100,100298,100,99835,100,100348,100,99790,100,100479,100,99502,100,100564,100,99458,200,100582,100,99457,100
2019-06-28 09:49:20.000000000,100113,262,100098,262,100127,262,99976,362,100148,100,99975,135,100158,100,99933,200,100190,100,99868,100,100298,100,99835,100,100348,100,99790,100,100479,100,99502,100,100564,100,99458,200,100582,100,99457,100
2019-06-28 09:49:30.000000000,100113,424,100098,424,100127,100,99976,200,100148,100,99975,135,100158,100,99933,200,100190,100,99868,100,100298,100,99835,100,100348,100,99790,100,100479,100,99502,100,100564,100,99458,200,100582,100,99457,100
2019-06-28 09:49:33.280258362,100113,424,100098,424,100127,100,99976,200,100148,100,99975,135,100158,100,99933,200,100190,100,99868,100,100298,100,99835,100,100348,100,99790,100,100473,100,99502,100,100479,100,99458,200,100564,100,99457,100
2019-06-28 09:49:39.109705827,100113,424,100098,424,100127,100,99976,200,100148,100,99975,135,100158,100,99933,200,100190,100,99898,100,100298,100,99868,100,100348,100,99835,100,100473,100,99790,100,100479,100,99502,100,100564,100,99458,200
2019-06-28 09:49:40.000000000,100113,424,100098,424,100127,100,99976,200,100148,100,99975,135,100158,100,99933,200,100190,100,99898,100,100298,100,99868,100,100348,100,99835,100,100473,100,99790,100,100479,100,99502,100,100564,100,99458,200
2019-06-28 09:49:49.437666658,100113,424,100098,424,100127,100,100090,100,100148,100,99976,200,100158,100,99975,135,100190,100,99933,200,100298,100,99898,100,100348,100,99868,100,100473,100,99835,100,100479,100,99790,100,100582,100,99502,100
2019-06-28 09:49:50.000000000,100113,262,100098,262,100127,262,100090,262,100148,100,99976,200,100158,100,99975,135,100190,100,99933,200,100298,100,99898,100,100348,100,99868,100,100473,100,99835,100,100479,100,99790,100,100582,100,99502,100
2019-06-28 09:49:51.283330907,100113,262,100098,262,100127,262,100090,262,100148,100,99976,200,100158,100,99975,135,100190,100,99933,200,100298,100,99898,100,100348,100,99868,100,100473,100,99835,100,100479,100,99821,100,100582,100,99790,100
2019-06-28 09:49:59.515203686,100113,262,100098,262,100127,262,100090,262,100148,100,100060,100,100158,100,99976,200,100190,100,99975,135,100298,100,99933,200,100348,100,99898,100,100473,100,99868,100,100479,100,99835,100,100582,100,99821,100
2019-06-28 09:50:00.000000000,100113,181,100098,181,100127,181,100090,181,100148,181,100060,181,100158,181,99976,281,100190,100,99975,135,100298,100,99933,200,100348,100,99898,100,100473,100,99868,100,100479,100,99835,100,100582,100,99821,100
2019-06-28 09:50:10.000000000,100113,262,100098,262,100127,262,100090,262,100148,100,100060,100,100158,100,99976,200,100190,100,99975,135,100298,100,99933,200,100348,100,99898,100,100473,100,99868,100,100479,100,99835,100,100582,100,99821,100
2019-06-28 09:50:10.400515787,100113,262,100098,262,100127,262,100090,262,100148,100,100060,100,100158,100,99976,200,100190,100,99975,135,100298,100,99933,200,100348,100,99898,100,100473,100,99868,100,100479,100,99867,100,100582,100,99835,100
2019-06-28 09:50:20.000000000,100113,262,100098,262,100127,262,100090,262,100148,100,100060,100,100158,100,99976,200,100190,100,99975,135,100298,100,99933,200,100348,100,99898,100,100473,100,99868,100,100479,100,99867,100,100582,100,99835,100
2019-06-28 09:50:23.888368454,100113,162,100098,262,100127,262,100090,262,100148,100,100060,100,100158,100,99976,200,100190,100,99975,135,100298,100,99933,200,100348,100,99898,100,100473,100,99888,100,100479,100,99868,100,100582,100,99867,100
2019-06-28 09:50:27.679511102,100113,162,100098,162,100127,262,100090,262,100148,100,100060,100,100158,100,99976,200,100190,100,99975,135,100298,100,99933,200,100348,100,99898,100,100473,100,99888,100,100479,100,99868,100,100582,100,99867,100
2019-06-28 09:50:30.000000000,100127,165,100090,165,100148,165,100060,165,100158,165,99976,265,100190,165,99975,200,100298,165,99933,265,100348,100,99898,100,100473,100,99888,100,100479,100,99868,100,100582,100,99867,100,100593,100,99835,100
2019-06-28 09:50:40.000000000,100127,165,100090,165,100148,165,100060,165,100158,165,99976,265,100190,165,99975,200,100298,165,99933,265,100348,100,99898,100,100473,100,99888,100,100479,100,99868,100,100582,100,99867,100,100593,100,99835,100
2019-06-28 09:50:40.175487207,100127,165,100090,165,100148,165,100060,165,100158,165,99976,265,100190,165,99975,200,100298,165,99933,265,100348,100,99898,100,100473,100,99888,100,100479,100,99868,100,100582,100,99867,100,100593,100,99835,100
2019-06-28 09:50:48.815996205,100127,165,100090,165,100148,165,100060,165,100158,165,99976,265,100190,165,99975,200,100298,165,99933,265,100348,100,99898,100,100473,100,99888,100,100479,100,99868,100,100582,100,99867,100,100593,100,99835,100
2019-06-28 09:50:49.652855338,100127,165,100090,165,100148,165,100060,165,100158,165,99976,265,100190,165,99975,200,100298,165,99933,265,100348,100,99898,100,100473,100,99888,100,100479,100,99868,100,100582,100,99867,100,100593,100,99835,100
2019-06-28 09:50:50.000000000,100127,262,100090,262,100148,262,100060,262,100158,100,99976,200,100190,100,99975,135,100298,100,99933,200,100348,100,99898,100,100473,100,99888,100,100479,100,99868,100,100582,100,99867,100,100593,100,99835,100
2019-06-28 09:50:57.288906054,100127,262,100090,262,100148,262,100060,262,100158,100,99976,200,100190,100,99975,100,100298,100,99933,200,100348,100,99898,100,100473,100,99888,100,100479,100,99868,100,100582,100,99867,100,100593,100,99835,100
2019-06-28 09:51:00.000000000,100127,165,100090,165,100148,165,100060,165,100158,165,99976,265,100190,165,99975,165,100298,165,99933,265,100348,100,99898,100,100473,100,99888,100,100479,100,99868,100,100582,100,99867,100,100593,100,99835,100
2019-06-28 09:51:00.523743959,100127,165,100090,65,100148,165,100060,165,100158,165,99976,265,100190,165,99975,165,100298,165,99933,265,100348,100,99898,100,100473,100,99888,100,100479,100,99868,100,100582,100,99867,100,100593,100,99835,100
2019-06-28 09:51:05.683025973,100127,165,100090,65,100148,165,100060,165,100158,165,99976,265,100190,165,99975,165,100298,165,99933,265,100348,100,99898,100,100473,100,99868,100,100479,100,99867,100,100582,100,99835,100,100593,100,99797,100
2019-06-28 09:51:08.853543162,100127,165,100090,65,100148,165,100060,165,100158,165,99976,265,100190,165,99975,165,100298,165,99933,265,100348,100,99898,100,100473,100,99868,100,100479,100,99867,100,100582,100,99835,100,100593,100,99797,100
2019-06-28 09:51:10.000000000,100127,262,100060,262,100148,262,99976,362,100158,100,99975,100,100190,100,99933,200,100298,100,99898,100,100348,100,99868,100,100473,100,99867,100,100479,100,99835,100,100582,100,99797,100,100593,100,99790,100
2019-06-28 09:51:20.000000000,100127,181,100060,181,100148,181,99976,281,100158,181,99975,181,100190,181,99933,281,100298,100,99898,100,100348,100,99868,100,100473,100,99867,100,100479,100,99835,100,100582,100,99797,100,100593,100,99790,100
2019-06-28 09:51:22.456818233,100127,181,100060,81,100148,181,99976,281,100158,181,99975,181,100190,181,99933,281,100298,100,99898,100,100348,100,99868,100,100473,100,99867,100,100479,100,99835,100,100582,100,99797,100,100593,100,99790,100
2019-06-28 09:51:30.000000000,100127,262,99976,362,100148,262,99975,262,100158,100,99933,200,100190,100,99898,100,100298,100,99868,100,100348,100,99867,100,100473,100,99835,100,100479,100,99797,100,100582,100,99790,100,100593,100,99573,100
2019-06-28 09:51:30.280762081,100127,262,99976,362,100148,262,99975,262,100158,100,99933,200,100190,100,99898,100,100298,100,99868,100,100348,100,99867,100,100473,100,99835,100,100479,100,99797,100,100582,100,99790,100,100593,100,99782,100
2019-06-28 09:51:40.000000000,100127,210,99976,310,100148,207,99975,207,100158,207,99933,307,100190,100,99898,100,100298,100,99868,100,100348,100,99867,100,100473,100,99835,100,100479,100,99797,100,100582,100,99790,100,100593,100,99782,100
2019-06-28 09:51:50.000000000,100127,424,99976,524,100148,100,99975,100,100158,100,99933,200,100190,100,99898,100,100298,100,99868,100,100348,100,99867,100,100473,100,99835,100,100479,100,99797,100,100582,100,99790,100,100593,100,99782,100
2019-06-28 09:52:00.000000000,100127,262,99976,362,100148,262,99975,262,100158,100,99933,200,100190,100,99898,100,100298,100,99868,100,100348,100,99867,100,100473,100,99835,100,100479,100,99797,100,100582,100,99790,100,100593,100,99782,100
2019-06-28 09:52:01.352422558,100090,100,99976,362,100127,262,99975,262,100148,262,99933,200,100158,100,99898,100,100190,100,99868,100,100298,100,99867,100,100348,100,99835,100,100473,100,99797,100,100479,100,99790,100,100582,100,99782,100
2019-06-28 09:52:10.000000000,100090,262,99976,362,100127,262,99975,262,100148,100,99933,200,100158,100,99898,100,100190,100,99868,100,100298,100,99867,100,100348,100,99835,100,100473,100,99797,100,100479,100,99790,100,100582,100,99782,100
2019-06-28 09:52:11.877692771,100090,262,99976,362,100127,262,99975,262,100148,100,99933,200,100158,100,99898,100,100190,100,99868,100,100298,100,99867,100,100348,100,99835,100,100473,100,99797,100,100479,100,99790,100,100582,100,99782,100
2019-06-28 09:52:20.000000000,100090,210,99976,310,100127,207,99975,207,100148,207,99933,307,100158,100,99898,100,100190,100,99868,100,100298,100,99867,100,100348,100,99835,100,100473,100,99797,100,100479,100,99790,100,100582,100,99782,100
2019-06-28 09:52:30.000000000,100090,424,99976,524,100127,100,99975,100,100148,100,99933,200,100158,100,99898,100,100190,100,99868,100,100298,100,99867,100,100348,100,99835,100,100473,100,99797,100,100479,100,99790,100,100582,100,99782,100
2019-06-28 09:52:40.000000000,100090,210,99976,310,100127,207,99975,207,100148,207,99933,307,100158,100,99898,100,100190,100,99868,100,100298,100,99867,100,100348,100,99835,100,100473,100,99797,100,100479,100,99790,100,100582,100,99782,100
2019-06-28 09:52:50.000000000,100090,210,99976,310,100127,207,99975,207,100148,207,99933,307,100158,100,99898,100,100190,100,99868,100,100298,100,99867,100,100348,100,99835,100,100473,100,99797,100,100479,100,99790,100,100582,100,99782,100
2019-06-28 09:52:54.280996164,100090,210,99976,310,100127,207,99975,207,100148,207,99933,307,100158,100,99898,100,100190,100,99868,100,100298,100,99867,100,100348,100,99835,100,100473,100,99797,100,100479,100,99790,100,100582,100,99782,100
2019-06-28 09:52:59.678680122,100090,310,99976,310,100127,207,99975,207,100148,207,99933,307,100158,100,99898,100,100190,100,99868,100,100298,100,99867,100,100348,100,99835,100,100473,100,99797,100,100479,100,99790,100,100582,100,99782,100
2019-06-28 09:53:00.000000000,100090,524,99976,524,100127,100,99975,100,100148,100,99933,200,100158,100,99898,100,100190,100,99868,100,100298,100,99867,100,100348,100,99835,100,100473,100,99797,100,100479,100,99790,100,100582,100,99782,100
2019-06-28 09:53:10.000000000,100090,281,99976,281,100127,181,99975,181,100148,181,99933,281,100158,181,99898,181,100190,100,99868,100,100298,100,99867,100,100348,100,99835,100,100473,100,99797,100,100479,100,99790,100,100582,100,99782,100
2019-06-28 09:53:12.488741180,100090,281,99976,181,100127,181,99975,181,100148,181,99933,281,100158,181,99898,181,100190,100,99868,100,100348,100,99867,100,100473,100,99835,100,100479,100,99797,100,100582,100,99790,100,100593,100,99782,100
2019-06-28 09:53:20.000000000,100090,310,99976,210,100127,207,99975,207,100148,207,99933,307,100158,100,99898,100,100190,100,99868,100,100348,100,99867,100,100473,100,99835,100,100479,100,99797,100,100582,100,99790,100,100593,100,99782,100
2019-06-28 09:53:30.000000000,100090,362,99976,262,100127,262,99975,262,100148,100,99933,200,100158,100,99898,100,100190,100,99868,100,100348,100,99867,100,100473,100,99835,100,100479,100,99797,100,100582,100,99790,100,100593,100,99782,100
2019-06-28 09:53:40.000000000,100090,265,99976,165,100127,165,99975,165,100148,165,99933,265,100158,165,99898,165,100190,165,99868,165,100348,100,99867,100,100473,100,99835,100,100479,100,99797,100,100582,100,99790,100,100593,100,99782,100
2019-06-28 09:53:50.000000000,100090,281,99976,181,100127,181,99975,181,100148,181,99933,281,100158,181,99898,181,100190,100,99868,100,100348,100,99867,100,100473,100,99835,100,100479,100,99797,100,100582,100,99790,100,100593,100,99782,100
2019-06-28 09:53:52.738607973,100090,281,99976,181,100127,181,99975,181,100144,100,99933,281,100148,181,99898,181,100158,181,99868,100,100190,100,99867,100,100348,100,99835,100,100473,100,99797,100,100479,100,99790,100,100593,100,99782,100
2019-06-28 09:54:00.000000000,100090,310,99976,210,100127,207,99975,207,100144,207,99933,307,100148,100,99898,100,100158,100,99868,100,100190,100,99867,100,100348,100,99835,100,100473,100,99797,100,100479,100,99790,100,100593,100,99782,100
2019-06-28 09:54:10.000000000,100090,265,99976,165,100127,165,99975,165,100144,165,99933,265,100148,165,99898,165,100158,165,99868,165,100190,100,99867,100,100348,100,99835,100,100473,100,99797,100,100479,100,99790,100,100593,100,99782,100
2019-06-28 09:54:14.620135441,100090,265,100061,100,100127,165,99976,165,100144,165,99975,165,100148,165,99933,265,100158,165,99898,165,100190,100,99868,165,100348,100,99867,100,100473,100,99835,100,100479,100,99797,100,100593,100,99790,100
2019-06-28 09:54:20.000000000,100090,281,100061,181,100127,181,99976,181,100144,181,99975,181,100148,181,99933,281,100158,100,99898,100,100190,100,99868,100,100348,100,99867,100,100473,100,99835,100,100479,100,99797,100,100593,100,99790,100
2019-06-28 09:54:23.282471133,100090,281,100061,181,100127,181,99976,181,100144,181,99975,181,100148,181,99933,281,100158,100,99898,100,100190,100,99868,100,100348,100,99867,100,100473,100,99835,100,100479,100,99797,100,100483,100,99790,100
2019-06-28 09:54:25.570675101,100090,181,100061,181,100127,181,99976,181,100144,181,99975,181,100148,181,99933,281,100158,100,99898,100,100190,100,99868,100,100348,100,99867,100,100473,100,99835,100,100479,100,99797,100,100483,100,99790,100
2019-06-28 09:54:30.000000000,100090,165,100061,165,100127,165,99976,165,100144,165,99975,165,100148,165,99933,265,100158,165,99898,165,100190,100,99868,100,100348,100,99867,100,100473,100,99835,100,100479,100,99797,100,100483,100,99790,100
2019-06-28 09:54:40.000000000,100090,424,100061,424,100127,100,99976,100,100144,100,99975,100,100148,100,99933,200,100158,100,99898,100,100190,100,99868,100,100348,100,99867,100,100473,100,99835,100,100479,100,99797,100,100483,100,99790,100
2019-06-28 09:54:50.000000000,100090,424,100061,424,100127,100,99976,100,100144,100,99975,100,100148,100,99933,200,100158,100,99898,100,100190,100,99868,100,100348,100,99867,100,100473,100,99835,100,100479,100,99797,100,100483,100,99790,100
2019-06-28 09:55:00.000000000,100090,424,100061,424,100127,100,99976,100,100144,100,99975,100,100148,100,99933,200,100158,100,99898,100,100190,100,99868,100,100348,100,99867,100,100473,100,99835,100,100479,100,99797,100,100483,100,99790,100
2019-06-28 09:55:01.726772340,100090,324,100061,424,100127,100,99976,100,100144,100,99975,100,100148,100,99933,200,100158,100,99898,100,100190,100,99868,100,100348,100,99867,100,100473,100,99835,100,100479,100,99797,100,100483,100,99790,100
2019-06-28 09:55:10.000000000,100127,210,100061,210,100144,207,99976,207,100148,207,99975,207,100158,100,99933,200,100190,100,99898,100,100348,100,99868,100,100473,100,99867,100,100479,100,99835,100,100483,100,99797,100,100593,100,99790,100
2019-06-28 09:55:12.262095116,100110,100,100061,210,100127,210,99976,207,100144,207,99975,207,100148,207,99933,200,100158,100,99898,100,100190,100,99868,100,100348,100,99867,100,100473,100,99835,100,100479,100,99797,100,100483,100,99790,100
2019-06-28 09:55:15.428656088,100090,100,100061,210,100110,100,99976,207,100127,210,99975,207,100144,207,99933,200,100148,207,99898,100,100158,100,99868,100,100190,100,99867,100,100348,100,99835,100,100473,100,99797,100,100479,100,99790,100
2019-06-28 09:55:20.000000000,100090,210,100061,210,100110,207,99976,207,100127,207,99975,207,100144,100,99933,200,100148,100,99898,100,100158,100,99868,100,100190,100,99867,100,100348,100,99835,100,100473,100,99797,100,100479,100,99790,100
2019-06-28 09:55:30.000000000,100090,424,100061,424,100110,100,99976,100,100127,100,99975,100,100144,100,99933,200,100148,100,99898,100,100158,100,99868,100,100190,100,99867,100,100348,100,99835,100,100473,100,99797,100,100479,100,99790,100
2019-06-28 09:55:40.000000000,100090,181,100061,181,100110,181,99976,181,100127,181,99975,181,100144,181,99933,281,100148,100,99898,100,100158,100,99868,100,100190,100,99867,100,100348,100,99835,100,100473,100,99797,100,100479,100,99790,100
2019-06-28 09:55:50.000000000,100090,181,100061,181,100110,181,99976,181,100127,181,99975,181,100144,181,99933,281,100148,100,99898,100,100158,100,99868,100,100190,100,99867,100,100348,100,99835,100,100473,100,99797,100,100479,100,99790,100
2019-06-28 09:56:00.000000000,100090,165,100061,165,100110,165,99976,165,100127,165,99975,165,100144,165,99933,265,100148,165,99898,165,100158,100,99868,100,100190,100,99867,100,100348,100,99835,100,100473,100,99797,100,100479,100,99790,100
2019-06-28 09:56:10.000000000,100090,262,100061,262,100110,262,99976,262,100127,100,99975,100,100144,100,99933,200,100148,100,99898,100,100158,100,99868,100,100190,100,99867,100,100348,100,99835,100,100473,100,99797,100,100479,100,99790,100
2019-06-28 09:56:20.000000000,100090,181,100061,181,100110,181,99976,181,100127,181,99975,181,100144,181,99933,281,100148,100,99898,100,100158,100,99868,100,100190,100,99867,100,100348,100,99835,100,100473,100,99797,100,100479,100,99790,100
2019-06-28 09:56:30.000000000,100090,210,100061,210,100110,207,99976,207,100127,207,99975,207,100144,100,99933,200,100148,100,99898,100,100158,100,99868,100,100190,100,99867,100,100348,100,99835,100,100473,100,99797,100,100479,100,99790,100
2019-06-28 09:56:32.371763294,100090,210,100061,210,100110,207,99976,207,100127,207,99975,207,100144,100,99933,200,100148,100,99898,100,100158,100,99868,100,100190,100,99867,100,100348,100,99835,100,100473,100,99797,100,100479,100,99790,100
2019-06-28 09:56:36.286893248,100090,210,100061,210,100110,207,99976,207,100127,207,99975,207,100144,100,99933,200,100148,100,99868,100,100158,100,99867,100,100190,100,99835,100,100348,100,99797,100,100473,100,99790,100,100479,100,99782,100
2019-06-28 09:56:40.000000000,100090,424,100061,424,100110,100,99976,100,100127,100,99975,100,100144,100,99933,200,100148,100,99868,100,100158,100,99867,100,100190,100,99835,100,100348,100,99797,100,100473,100,99790,100,100479,100,99782,100
2019-06-28 09:56:50.000000000,100090,210,100061,210,100110,207,99976,207,100127,207,99975,207,100144,100,99933,200,100148,100,99868,100,100158,100,99867,100,100190,100,99835,100,100348,100,99797,100,100473,100,99790,100,100479,100,99782,100
2019-06-28 09:56:50.348591966,100089,100,100061,210,100090,210,99976,207,100110,207,99975,207,100127,207,99933,200,100144,100,99868,100,100148,100,99867,100,100158,100,99835,100,100190,100,99797,100,100348,100,99790,100,100473,100,99782,100
2019-06-28 09:57:00.000000000,100089,262,100061,262,100090,262,99976,262,100110,100,99975,100,100127,100,99933,200,100144,100,99868,100,100148,100,99867,100,100158,100,99835,100,100190,100,99797,100,100348,100,99790,100,100473,100,99782,100
2019-06-28 09:57:05.599369574,100089,262,100061,162,100090,262,99976,262,100110,100,99975,100,100127,100,99933,200,100144,100,99868,100,100148,100,99867,100,100158,100,99835,100,100190,100,99797,100,100348,100,99790,100,100473,100,99782,100
2019-06-28 09:57:10.000000000,100089,424,99976,424,100090,100,99975,100,100110,100,99933,200,100127,100,99868,100,100144,100,99867,100,100148,100,99835,100,100158,100,99797,100,100190,100,99790,100,100348,100,99782,100,100473,100,99617,100
2019-06-28 09:57:20.000000000,100089,165,99976,165,100090,165,99975,165,100110,165,99933,265,100127,165,99868,165,100144,165,99867,165,100148,100,99835,100,100158,100,99797,100,100190,100,99790,100,100348,100,99782,100,100473,100,99617,100
2019-06-28 09:57:21.090921453,100089,165,99976,65,100090,165,99975,165,100110,165,99933,265,100127,165,99868,165,100144,165,99867,165,100148,100,99835,100,100158,100,99797,100,100190,100,99790,100,100348,100,99782,100,100473,100,99617,100
2019-06-28 09:57:22.637848789,100089,165,99976,65,100090,165,99975,165,100110,165,99933,265,100127,165,99868,165,100144,165,99867,165,100148,100,99835,100,100158,100,99797,100,100190,100,99790,100,100348,100,99782,100,100473,100,99617,100
2019-06-28 09:57:30.000000000,100089,210,99975,210,100090,207,99933,307,100110,207,99868,207,100127,100,99867,100,100144,100,99835,100,100148,100,99797,100,100158,100,99790,100,100190,100,99782,100,100348,100,99617,100,100473,100,99573,100
2019-06-28 09:57:39.797703367,100061,100,99975,110,100089,210,99933,307,100090,207,99868,207,100110,207,99867,100,100127,100,99835,100,100144,100,99797,100,100148,100,99790,100,100158,100,99782,100,100190,100,99617,100,100348,100,99573,100
2019-06-28 09:57:40.000000000,100061,424,99933,524,100089,100,99868,100,100090,100,99867,100,100110,100,99835,100,100127,100,99797,100,100144,100,99790,100,100148,100,99782,100,100158,100,99617,100,100190,100,99573,100,100348,100,99532,100
2019-06-28 09:57:50.000000000,100061,210,99933,310,100089,207,99868,207,100090,207,99867,207,100110,100,99835,100,100127,100,99797,100,100144,100,99790,100,100148,100,99782,100,100158,100,99617,100,100190,100,99573,100,100348,100,99532,100
2019-06-28 09:57:52.745287926,100061,210,99933,310,100089,207,99868,207,100090,207,99867,207,100110,100,99835,100,100127,100,99797,100,100144,100,99790,100,100148,100,99782,100,100158,100,99617,100,100190,100,99573,100,100348,100,99532,100
2019-06-28 09:58:00.000000000,100061,262,99933,362,100089,262,99868,262,100090,100,99867,100,100110,100,99835,100,100127,100,99797,100,100144,100,99790,100,100148,100,99782,100,100158,100,99617,100,100190,100,99573,100,100348,100,99532,100
2019-06-28 09:58:10.000000000,100061,424,99933,524,100089,100,99868,100,100090,100,99867,100,100110,100,99835,100,100127,100,99797,100,100144,100,99790,100,100148,100,99782,100,100158,100,99617,100,100190,100,99573,100,100348,100,99532,100
2019-06-28 09:58:20.000000000,100061,210,99933,310,100089,207,99868,207,100090,207,99867,207,100110,100,99835,100,100127,100,99797,100,100144,100,99790,100,100148,100,99782,100,100158,100,99617,100,100190,100,99573,100,100348,100,99532,100
2019-06-28 09:58:30.000000000,100061,181,99933,281,100089,181,99868,181,100090,181,99867,181,100110,181,99835,181,100127,100,99797,100,100144,100,99790,100,100148,100,99782,100,100158,100,99617,100,100190,100,99573,100,100348,100,99532,100
2019-06-28 09:58:31.871091512,100061,181,99933,181,100089,181,99868,181,100090,181,99867,181,100110,181,99835,181,100127,100,99797,100,100144,100,99790,100,100148,100,99782,100,100158,100,99617,100,100190,100,99532,100,100348,100,99503,100
2019-06-28 09:58:40.000000000,100061,181,99933,181,100089,181,99868,181,100090,181,99867,181,100110,181,99835,181,100127,100,99797,100,100144,100,99790,100,100148,100,99782,100,100158,100,99617,100,100190,100,99532,100,100348,100,99503,100
2019-06-28 09:58:50.000000000,100061,262,99933,262,100089,262,99868,262,100090,100,99867,100,100110,100,99835,100,100127,100,99797,100,100144,100,99790,100,100148,100,99782,100,100158,100,99617,100,100190,100,99532,100,100348,100,99503,100
2019-06-28 09:59:00.000000000,100061,165,99933,165,100089,165,99868,165,100090,165,99867,165,100110,165,99835,165,100127,165,99797,165,100144,100,99790,100,100148,100,99782,100,100158,100,99617,100,100190,100,99532,100,100348,100,99503,100
2019-06-28 09:59:10.000000000,100061,165,99933,165,100089,165,99868,165,100090,165,99867,165,100110,165,99835,165,100127,165,99797,165,100144,100,99790,100,100148,100,99782,100,100158,100,99617,100,100190,100,99532,100,100348,100,99503,100
2019-06-28 09:59:14.598346012,100061,165,99933,165,100089,165,99868,165,100090,165,99867,165,100110,165,99835,65,100127,165,99797,165,100144,100,99790,100,100148,100,99782,100,100158,100,99617,100,100190,100,99532,100,100348,100,99503,100
2019-06-28 09:59:20.000000000,100061,165,99933,165,100089,165,99868,165,100090,165,99867,165,100110,165,99797,165,100127,165,99790,165,100144,100,99782,100,100148,100,99617,100,100158,100,99532,100,100190,100,99503,100,100348,100,99458,100
2019-06-28 09:59:30.000000000,100061,210,99933,210,100089,207,99868,207,100090,207,99867,207,100110,100,99797,100,100127,100,99790,100,100144,100,99782,100,100148,100,99617,100,100158,100,99532,100,100190,100,99503,100,100348,100,99458,100
2019-06-28 09:59:40.000000000,100061,210,99933,210,100089,207,99868,207,100090,207,99867,207,100110,100,99797,100,100127,100,99790,100,100144,100,99782,100,100148,100,99617,100,100158,100,99532,100,100190,100,99503,100,100348,100,99458,100
2019-06-28 09:59:50.000000000,100061,424,99933,424,100089,100,99868,100,100090,100,99867,100,100110,100,99797,100,100127,100,99790,100,100144,100,99782,100,100148,100,99617,100,100158,100,99532,100,100190,100,99503,100,100348,100,99458,100
2019-06-28 09:59:57.722281052,100061,424,99933,424,100089,100,99868,100,100090,100,99867,100,100110,100,99797,100,100127,100,99790,100,100144,100,99782,100,100148,100,99617,100,100158,100,99532,100,100190,100,99503,100,100348,100,99458,100
2019-06-28 10:00:00.000000000,100061,181,99933,181,100089,181,99868,181,100090,181,99867,181,100110,181,99797,181,100127,100,99790,100,100144,100,99782,100,100148,100,99617,100,100158,100,99532,100,100190,100,99503,100,100348,100,99458,100
2019-06-28 10:00:10.000000000,100061,181,99933,181,100089,181,99868,181,100090,181,99867,181,100110,181,99797,181,100127,100,99790,100,100144,100,99782,100,100148,100,99617,100,100158,100,99532,100,100190,100,99503,100,100348,100,99458,100
2019-06-28 10:00:20.000000000,100061,181,99933,181,100089,181,99868,181,100090,181,99867,181,100110,181,99797,181,100127,100,99790,100,100144,100,99782,100,100148,100,99617,100,100158,100,99532,100,100190,100,99503,100,100348,100,99458,100
2019-06-28 10:00:27.833248527,100061,181,99933,81,100089,181,99868,181,100090,181,99867,181,100110,181,99797,181,100127,100,99790,100,100144,100,99782,100,100148,100,99532,100,100158,100,99503,100,100190,100,99458,100,100348,100,99457,100
2019-06-28 10:00:30.000000000,100061,165,99868,165,100089,165,99867,165,100090,165,99797,165,100110,165,99790,165,100127,165,99782,165,100144,100,99532,100,100148,100,99503,100,100158,100,99458,100,100190,100,99457,100,100348,100,99287,100
2019-06-28 10:00:40.000000000,100061,262,99868,262,100089,262,99867,262,100090,100,99797,100,100110,100,99790,100,100127,100,99782,100,100144,100,99532,100,100148,100,99503,100,100158,100,99458,100,100190,100,99457,100,100348,100,99287,100
2019-06-28 10:00:50.000000000,100061,165,99868,165,100089,165,99867,165,100090,165,99797,165,100110,165,99790,165,100127,165,99782,165,100144,100,99532,100,100148,100,99503,100,100158,100,99458,100,100190,100,99457,100,100348,100,99287,100
2019-06-28 10:01:00.000000000,100061,181,99868,181,100089,181,99867,181,100090,181,99797,181,100110,181,99790,181,100127,100,99782,100,100144,100,99532,100,100148,100,99503,100,100158,100,99458,100,100190,100,99457,100,100348,100,99287,100
2019-06-28 10:01:10.000000000,100061,210,99868,210,100089,207,99867,207,100090,207,99797,207,100110,100,99790,100,100127,100,99782,100,100144,100,99532,100,100148,100,99503,100,100158,100,99458,100,100190,100,99457,100,100348,100,99287,100
2019-06-28 10:01:20.000000000,100061,424,99868,424,100089,100,99867,100,100090,100,99797,100,100110,100,99790,100,100127,100,99782,100,100144,100,99532,100,100148,100,99503,100,100158,100,99458,100,100190,100,99457,100,100348,100,99287,100
2019-06-28 10:01:30.000000000,100061,181,99868,181,100089,181,99867,181,100090,181,99797,181,100110,181,99790,181,100127,100,99782,100,100144,100,99532,100,100148,100,99503,100,100158,100,99458,100,100190,100,99457,100,100348,100,99287,100
2019-06-28 10:01:39.627517157,100061,181,99868,181,100089,181,99867,181,100090,181,99797,181,100110,181,99790,181,100127,100,99782,100,100144,100,99532,100,100148,100,99503,100,100158,100,99458,100,100190,100,99457,100,100348,100,99287,100
2019-06-28 10:01:40.000000000,100061,424,99868,424,100089,100,99867,100,100090,100,99797,100,100110,100,99790,100,100127,100,99782,100,100144,100,99532,100,100148,100,99503,100,100158,100,99458,100,100190,100,99457,100,100348,100,99287,100
2019-06-28 10:01:45.170205892,100061,424,99868,424,100089,100,99867,100,100090,100,99797,100,100110,100,99790,100,100127,100,99782,100,100144,100,99532,100,100148,100,99503,100,100158,100,99458,100,100190,100,99287,100,100348,100,99032,100
2019-06-28 10:01:50.000000000,100061,181,99868,181,100089,181,99867,181,100090,181,99797,181,100110,181,99790,181,100127,100,99782,100,100144,100,99532,100,100148,100,99503,100,100158,100,99458,100,100190,100,99287,100,100348,100,99032,100
2019-06-28 10:02:00.000000000,100061,262,99868,262,100089,262,99867,262,100090,100,99797,100,100110,100,99790,100,100127,100,99782,100,100144,100,99532,100,100148,100,99503,100,100158,100,99458,100,100190,100,99287,100,100348,100,99032,100
2019-06-28 10:02:04.526643534,99975,100,99868,262,100061,262,99867,262,100089,262,99797,100,100090,100,99790,100,100110,100,99782,100,100127,100,99532,100,100144,100,99503,100,100148,100,99458,100,100158,100,99287,100,100190,100,99032,100
2019-06-28 10:02:10.000000000,99975,210,99868,210,100061,207,99867,207,100089,207,99797,207,100090,100,99790,100,100110,100,99782,100,100127,100,99532,100,100144,100,99503,100,100148,100,99458,100,100158,100,99287,100,100190,100,99032,100
2019-06-28 10:02:15.208235736,99975,210,99868,110,100061,207,99867,207,100089,207,99797,207,100090,100,99790,100,100110,100,99782,100,100127,100,99532,100,100144,100,99503,100,100148,100,99458,100,100158,100,99287,100,100190,100,99032,100
2019-06-28 10:02:20.000000000,99975,165,99867,165,100061,165,99797,165,100089,165,99790,165,100090,165,99782,165,100110,165,99532,165,100127,100,99503,100,100144,100,99458,100,100148,100,99287,100,100158,100,99032,100,100190,100,98990,100
2019-06-28 10:02:30.000000000,99975,210,99867,210,100061,207,99797,207,100089,207,99790,207,100090,100,99782,100,100110,100,99532,100,100127,100,99503,100,100144,100,99458,100,100148,100,99287,100,100158,100,99032,100,100190,100,98990,100
2019-06-28 10:02:34.933850736,99975,210,99867,210,100061,207,99797,207,100089,207,99790,207,100110,100,99782,100,100127,100,99532,100,100144,100,99503,100,100148,100,99458,100,100158,100,99287,100,100190,100,99032,100,100348,100,98990,100
2019-06-28 10:02:40.000000000,99975,262,99867,262,100061,262,99797,262,100089,100,99790,100,100110,100,99782,100,100127,100,99532,100,100144,100,99503,100,100148,100,99458,100,100158,100,99287,100,100190,100,99032,100,100348,100,98990,100
2019-06-28 10:02:50.000000000,99975,181,99867,181,100061,181,99797,181,100089,181,99790,181,100110,181,99782,181,100127,100,99532,100,100144,100,99503,100,100148,100,99458,100,100158,100,99287,100,100190,100,99032,100,100348,100,98990,100
2019-06-28 10:02:55.915872085,99975,181,99867,81,100061,181,99797,181,100089,181,99790,181,100110,181,99782,181,100127,100,99532,100,100144,100,99503,100,100148,100,99458,100,100158,100,99287,100,100190,100,99032,100,100348,100,98990,100
2019-06-28 10:03:00.000000000,99975,262,99797,262,100061,262,99790,262,100089,100,99782,100,100110,100,99532,100,100127,100,99503,100,100144,100,99458,100,100148,100,99287,100,100158,100,99032,100,100190,100,98990,100,100348,100,98944,100
2019-06-28 10:03:10.000000000,99975,210,99797,210,100061,207,99790,207,100089,207,99782,207,100110,100,99532,100,100127,100,99503,100,100144,100,99458,100,100148,100,99287,100,100158,100,99032,100,100190,100,98990,100,100348,100,98944,100
2019-06-28 10:03:20.000000000,99975,424,99797,424,100061,100,99790,100,100089,100,99782,100,100110,100,99532,100,100127,100,99503,100,100144,100,99458,100,100148,100,99287,100,100158,100,99032,100,100190,100,98990,100,100348,100,98944,100
2019-06-28 10:03:30.000000000,99975,181,99797,181,100061,181,99790,181,100089,181,99782,181,100110,181,99532,181,100127,100,99503,100,100144,100,99458,100,100148,100,99287,100,100158,100,99032,100,100190,100,98990,100,100348,100,98944,100
2019-06-28 10:03:40.000000000,99975,165,99797,165,100061,165,99790,165,100089,165,99782,165,100110,165,99532,165,100127,165,99503,165,100144,100,99458,100,100148,100,99287,100,100158,100,99032,100,100190,100,98990,100,100348,100,98944,100
2019-06-28 10:03:50.000000000,99975,262,99797,262,100061,262,99790,262,100089,100,99782,100,100110,100,99532,100,100127,100,99503,100,100144,100,99458,100,100148,100,99287,100,100158,100,99032,100,100190,100,98990,100,100348,100,98944,100
2019-06-28 10:03:52.579850440,99975,262,99797,262,100061,262,99790,262,100089,100,99782,100,100110,100,99532,100,100127,100,99503,100,100144,100,99458,100,100148,100,99287,100,100158,100,99032,100,100190,100,98990,100,100348,100,98944,100
2019-06-28 10:04:00.000000000,99975,165,99797,165,100061,165,99790,165,100089,165,99782,165,100110,165,99532,165,100127,165,99503,165,100144,100,99458,100,100148,100,99287,100,100158,100,99032,100,100190,100,98990,100,100348,100,98944,100
2019-06-28 10:04:00.222712377,99975,165,99797,65,100061,165,99790,165,100089,165,99782,165,100110,165,99532,165,100127,165,99503,165,100144,100,99458,100,100148,100,99287,100,100158,100,99032,100,100190,100,98990,100,100348,100,98944,100
2019-06-28 10:04:10.000000000,99975,424,99790,424,100061,100,99782,100,100089,100,99532,100,100110,100,99503,100,100127,100,99458,100,100144,100,99287,100,100148,100,99032,100,100158,100,98990,100,100190,100,98944,100,100348,100,98630,100
2019-06-28 10:04:13.223512217,99975,424,99790,424,100061,100,99782,100,100089,100,99532,100,100110,100,99503,100,100127,100,99458,100,100144,100,99287,100,100148,100,99032,100,100158,100,98990,100,100190,100,98944,100,100348,100,98630,100
2019-06-28 10:04:13.852297219,99975,424,99790,424,100061,100,99782,100,100089,100,99532,100,100127,100,99503,100,100144,100,99458,100,100148,100,99287,100,100158,100,99032,100,100190,100,98990,100,100348,100,98944,100,100473,100,98630,100
2019-06-28 10:04:20.000000000,99975,165,99790,165,100061,165,99782,165,100089,165,99532,165,100127,165,99503,165,100144,165,99458,165,100148,100,99287,100,100158,100,99032,100,100190,100,98990,100,100348,100,98944,100,100473,100,98630,100
2019-06-28 10:04:29.504525093,99975,165,99790,65,100061,165,99782,165,100089,165,99532,165,100127,165,99503,165,100144,165,99458,165,100148,100,99287,100,100158,100,99032,100,100190,100,98990,100,100348,100,98944,100,100479,100,98630,100
2019-06-28 10:04:30.000000000,99975,210,99782,210,100061,207,99532,207,100089,207,99503,207,100127,100,99458,100,100144,100,99287,100,100148,100,99032,100,100158,100,98990,100,100190,100,98944,100,100348,100,98630,100,100479,100,98508,100
2019-06-28 10:04:30.559428727,99975,210,99782,210,100061,207,99532,207,100089,207,99503,207,100127,100,99458,100,100144,100,99287,100,100148,100,99032,100,100158,100,98990,100,100190,100,98944,100,100348,100,98630,100,100479,100,98508,100
2019-06-28 10:04:40.000000000,99975,165,99782,165,100061,165,99532,165,100089,165,99503,165,100127,165,99458,165,100144,165,99287,165,100148,100,99032,100,100158,100,98990,100,100190,100,98944,100,100348,100,98630,100,100479,100,98508,100
2019-06-28 10:04:50.000000000,99975,424,99782,424,100061,100,99532,100,100089,100,99503,100,100127,100,99458,100,100144,100,99287,100,100148,100,99032,100,100158,100,98990,100,100190,100,98944,100,100348,100,98630,100,100479,100,98508,100
2019-06-28 10:05:00.000000000,99975,165,99782,165,100061,165,99532,165,100089,165,99503,165,100127,165,99458,165,100144,165,99287,165,100148,100,99032,100,100158,100,98990,100,100190,100,98944,100,100348,100,98630,100,100479,100,98508,100
2019-06-28 10:05:03.223277986,99975,165,99782,165,100061,165,99532,165,100089,165,99503,165,100127,165,99458,165,100144,165,99287,165,100148,100,99032,100,100158,100,98990,100,100190,100,98944,100,100348,100,98757,100,100479,100,98630,100
2019-06-28 10:05:10.000000000,99975,424,99782,424,100061,100,99532,100,100089,100,99503,100,100127,100,99458,100,100144,100,99287,100,100148,100,99032,100,100158,100,98990,100,100190,100,98944,100,100348,100,98757,100,100479,100,98630,100
2019-06-28 10:05:12.174865182,99975,424,99782,324,100061,100,99532,100,100089,100,99503,100,100127,100,99458,100,100144,100,99287,100,100148,100,98990,100,100158,100,98944,100,100190,100,98757,100,100348,100,98630,100,100479,100,98508,100
2019-06-28 10:05:20.000000000,99975,165,99532,165,100061,165,99503,165,100089,165,99458,165,100127,165,99287,165,100144,165,98990,165,100148,100,98944,100,100158,100,98757,100,100190,100,98630,100,100348,100,98508,100,100479,100,98485,100
2019-06-28 10:05:22.416779739,99975,165,99532,65,100061,165,99503,165,100089,165,99458,165,100127,165,99287,165,100144,165,98990,165,100148,100,98944,100,100158,100,98757,100,100190,100,98630,100,100348,100,98508,100,100479,100,98485,100
2019-06-28 10:05:28.099921811,99532,35,99503,165,99975,165,99458,165,100061,165,99287,165,100089,165,98990,165,100127,165,98944,100,100144,165,98757,100,100148,100,98630,100,100158,100,98508,100,100190,100,98485,100,100348,100,98454,100
2019-06-28 10:05:30.000000000,99532,100,99503,165,99975,165,99458,165,100061,165,99287,165,100089,165,98990,165,100127,165,98944,165,100144,100,98757,100,100148,100,98630,100,100158,100,98508,100,100190,100,98485,100,100348,100,98454,100
2019-06-28 10:05:40.000000000,99532,100,99503,165,99975,165,99458,165,100061,165,99287,165,100089,165,98990,165,100127,165,98944,165,100144,100,98757,100,100148,100,98630,100,100158,100,98508,100,100190,100,98485,100,100348,100,98454,100
2019-06-28 10:05:50.000000000,99532,197,99503,262,99975,262,99458,262,100061,100,99287,100,100089,100,98990,100,100127,100,98944,100,100144,100,98757,100,100148,100,98630,100,100158,100,98508,100,100190,100,98485,100,100348,100,98454,100
2019-06-28 10:06:00.000000000,99532,100,99503,165,99975,165,99458,165,100061,165,99287,165,100089,165,98990,165,100127,165,98944,165,100144,100,98757,100,100148,100,98630,100,100158,100,98508,100,100190,100,98485,100,100348,100,98454,100
2019-06-28 10:06:00.819183878,99532,100,99503,165,99975,165,99458,165,100061,165,99287,165,100089,165,98990,165,100127,165,98944,165,100144,100,98757,100,100148,100,98736,100,100158,100,98630,100,100190,100,98508,100,100348,100,98485,100
2019-06-28 10:06:06.337760426,99532,200,99503,165,99975,165,99458,165,100061,165,99287,165,100089,165,98990,165,100127,165,98944,165,100144,100,98757,100,100148,100,98736,100,100158,100,98630,100,100190,100,98508,100,100348,100,98485,100
2019-06-28 10:06:09.832413469,99532,300,99503,165,99975,165,99458,165,100061,165,99287,165,100089,165,98990,165,100127,165,98944,165,100144,100,98757,100,100148,100,98736,100,100158,100,98630,100,100190,100,98508,100,100348,100,98485,100
2019-06-28 10:06:10.000000000,99532,316,99503,181,99975,181,99458,181,100061,181,99287,181,100089,181,98990,181,100127,100,98944,100,100144,100,98757,100,100148,100,98736,100,100158,100,98630,100,100190,100,98508,100,100348,100,98485,100
2019-06-28 10:06:20.000000000,99532,559,99503,424,99975,100,99458,100,100061,100,99287,100,100089,100,98990,100,100127,100,98944,100,100144,100,98757,100,100148,100,98736,100,100158,100,98630,100,100190,100,98508,100,100348,100,98485,100
2019-06-28 10:06:22.708163113,99532,459,99503,424,99975,100,99458,100,100061,100,99287,100,100089,100,98990,100,100127,100,98944,100,100144,100,98757,100,100148,100,98736,100,100158,100,98630,100,100190,100,98508,100,100348,100,98485,100
2019-06-28 10:06:30.000000000,99532,459,99503,424,99975,100,99458,100,100061,100,99287,100,100089,100,98990,100,100127,100,98944,100,100144,100,98757,100,100148,100,98736,100,100158,100,98630,100,100190,100,98508,100,100348,100,98485,100
2019-06-28 10:06:34.275669677,99532,459,99503,424,99975,100,99458,100,100061,100,99287,100,100089,100,98990,100,100127,100,98948,100,100144,100,98944,100,100148,100,98757,100,100158,100,98736,100,100348,100,98630,100,100479,100,98508,100
2019-06-28 10:06:37.539702323,99532,459,99503,324,99975,100,99458,100,100061,100,99287,100,100089,100,98990,100,100127,100,98948,100,100144,100,98944,100,100148,100,98757,100,100158,100,98736,100,100348,100,98630,100,100479,100,98508,100
2019-06-28 10:06:40.000000000,99532,216,99458,181,99975,181,99287,181,100061,181,98990,181,100089,181,98948,181,100127,100,98944,100,100144,100,98757,100,100148,100,98736,100,100158,100,98630,100,100348,100,98508,100,100479,100,98485,100
2019-06-28 10:06:47.468949624,99458,19,99287,181,99532,216,98990,181,99975,181,98948,181,100061,181,98944,100,100089,181,98757,100,100127,100,98736,100,100144,100,98630,100,100148,100,98508,100,100158,100,98485,100,100348,100,98454,100
2019-06-28 10:06:50.000000000,99458,100,99287,181,99532,216,98990,181,99975,181,98948,181,100061,181,98944,181,100089,100,98757,100,100127,100,98736,100,100144,100,98630,100,100148,100,98508,100,100158,100,98485,100,100348,100,98454,100
2019-06-28 10:07:00.000000000,99458,129,99287,210,99532,242,98990,207,99975,207,98948,207,100061,100,98944,100,100089,100,98757,100,100127,100,98736,100,100144,100,98630,100,100148,100,98508,100,100158,100,98485,100,100348,100,98454,100
2019-06-28 10:07:00.286285814,99458,129,99287,110,99532,242,98990,207,99975,207,98948,207,100061,100,98944,100,100089,100,98757,100,100127,100,98736,100,100144,100,98630,100,100148,100,98508,100,100158,100,98485,100,100348,100,98454,100
2019-06-28 10:07:02.771882068,99458,129,99287,110,99532,242,98990,207,99975,207,98948,207,100061,100,98944,200,100089,100,98757,100,100127,100,98736,100,100144,100,98630,100,100148,100,98508,100,100158,100,98485,100,100348,100,98454,100
2019-06-28 10:07:10.000000000,99458,181,98990,262,99532,297,98948,262,99975,100,98944,200,100061,100,98757,100,100089,100,98736,100,100127,100,98630,100,100144,100,98508,100,100148,100,98485,100,100158,100,98454,100,100348,100,98369,100
