,ask_price_1,ask_size_1,bid_price_1,bid_size_1,ask_price_2,ask_size_2,bid_price_2,bid_size_2,ask_price_3,ask_size_3,bid_price_3,bid_size_3,ask_price_4,ask_size_4,bid_price_4,bid_size_4,ask_price_5,ask_size_5,bid_price_5,bid_size_5,ask_price_6,ask_size_6,bid_price_6,bid_size_6,ask_price_7,ask_size_7,bid_price_7,bid_size_7,ask_price_8,ask_size_8,bid_price_8,bid_size_8,ask_price_9,ask_size_9,bid_price_9,bid_size_9,ask_price_10,ask_size_10,bid_price_10,bid_size_10
2019-06-28 09:30:00.000000000,100142,100,99861,100,,,,,,,,,,,,,,,,,,,,,,,,,,,,,,,,,,,,
2019-06-28 09:30:00.000000001,100108,100,99861,100,100142,100,,,,,,,,,,,,,,,,,,,,,,,,,,,,,,,,,,
2019-06-28 09:30:00.000000002,100108,100,99990,100,100142,100,99861,100,,,,,,,,,,,,,,,,,,,,,,,,,,,,,,,,
2019-06-28 09:30:00.000000005,100078,100,99990,100,100108,100,99893,100,100142,100,99861,100,,,,,,,,,,,,,,,,,,,,,,,,,,,,
2019-06-28 09:30:00.000000007,100078,100,100011,100,100101,100,99990,100,100108,100,99893,100,100142,100,99861,100,,,,,,,,,,,,,,,,,,,,,,,,
2019-06-28 09:30:00.000000011,100078,100,100011,100,100101,100,99990,100,100108,100,99982,100,100142,100,99893,100,,,99861,100,,,,,,,,,,,,,,,,,,,,
2019-06-28 09:30:00.000000012,100078,100,99990,100,100101,100,99982,100,100108,100,99893,100,100142,100,99861,100,,,,,,,,,,,,,,,,,,,,,,,,
2019-06-28 09:30:00.000000013,100078,100,99990,100,100101,100,99982,100,100108,100,99893,100,100142,100,99870,100,,,99861,100,,,99853,100,,,,,,,,,,,,,,,,
2019-06-28 09:30:00.000000018,100078,100,99990,100,100101,100,99982,100,100108,100,99893,100,100142,100,99870,100,100160,100,99861,100,,,99853,100,,,,,,,,,,,,,,,,
2019-06-28 09:30:00.000000021,100078,100,99990,100,100101,100,99982,100,100108,100,99911,100,100142,100,99893,100,100160,100,99870,100,,,99861,100,,,99853,100,,,99839,100,,,,,,,,
2019-06-28 09:30:00.000000023,100076,100,99990,100,100078,100,99982,100,100101,100,99911,100,100108,100,99893,100,100142,100,99870,100,100160,100,99861,100,,,99853,100,,,99839,100,,,,,,,,
2019-06-28 09:30:00.000000025,100076,100,99990,100,100078,100,99982,100,100101,100,99911,100,100108,100,99893,100,100140,100,99881,100,100142,100,99870,100,100160,100,99861,100,,,99853,100,,,99839,100,,,,
2019-06-28 09:30:00.000000026,100076,200,99990,100,100078,100,99982,100,100101,100,99911,100,100108,100,99893,100,100135,100,99881,100,100140,100,99870,100,100142,100,99861,100,100160,100,99853,100,,,99839,100,,,,
2019-06-28 09:30:00.000000027,100076,200,99990,100,100078,100,99982,100,100101,100,99911,100,100108,100,99893,100,100109,100,99881,100,100135,100,99870,100,100140,100,99861,100,100142,100,99853,100,100160,100,99839,100,,,,
2019-06-28 09:30:00.000000029,100036,100,99990,100,100076,200,99982,100,100078,100,99911,100,100101,100,99893,100,100108,100,99881,100,100109,100,99870,100,100135,100,99861,100,100140,100,99853,100,100142,100,99839,100,100160,100,,
2019-06-28 09:30:00.000000032,100036,100,99990,100,100076,200,99986,100,100078,100,99982,100,100101,100,99911,100,100108,100,99893,100,100109,100,99881,100,100135,100,99870,100,100140,100,99861,100,100142,100,99853,100,100160,100,99839,100
2019-06-28 09:30:00.000000034,100005,100,99990,100,100036,100,99986,100,100076,200,99982,100,100078,100,99911,100,100101,100,99893,100,100108,100,99881,100,100109,100,99872,100,100135,100,99870,100,100140,100,99861,100,100142,100,99853,100
2019-06-28 09:30:00.000000036,100005,100,99990,100,100036,100,99986,100,100076,200,99982,100,100078,100,99911,100,100101,100,99893,100,100108,100,99881,100,100109,100,99872,100,100135,100,99870,100,100140,100,99861,100,100142,100,99853,100
2019-06-28 09:30:00.000000038,100036,100,99990,100,100076,200,99986,100,100078,100,99982,100,100101,100,99911,100,100108,100,99893,100,100109,100,99881,100,100135,100,99872,100,100140,100,99870,100,100142,100,99861,100,100160,100,99853,100
2019-06-28 09:30:00.000000039,100011,100,99990,100,100036,100,99986,100,100076,200,99982,100,100078,100,99912,100,100101,100,99911,100,100108,100,99893,100,100109,100,99881,100,100135,100,99872,100,100140,100,99870,100,100142,100,99861,100
2019-06-28 09:30:00.000000041,100011,300,99990,100,100036,100,99986,100,100076,200,99982,100,100078,100,99927,100,100101,100,99912,100,100108,100,99911,100,100109,100,99893,100,100135,100,99881,100,100140,100,99872,100,100142,100,99870,100
2019-06-28 09:30:00.000000042,100011,400,99990,100,100036,100,99986,100,100076,200,99982,100,100078,100,99927,100,100101,100,99912,100,100108,100,99911,100,100109,100,99893,100,100135,100,99881,100,100140,100,99872,100,100142,100,99870,100
2019-06-28 09:30:00.000000045,100011,400,99990,100,100036,100,99986,100,100076,200,99982,100,100078,100,99950,100,100101,100,99927,100,100108,100,99912,100,100109,100,99911,100,100135,100,99893,100,100140,100,99881,100,100142,100,99872,100
2019-06-28 09:30:00.000000046,100011,400,99990,100,100036,100,99986,100,100052,100,99982,100,100076,200,99950,100,100078,100,99927,100,100101,100,99912,100,100108,100,99911,100,100109,100,99893,100,100135,100,99881,100,100140,100,99872,100
2019-06-28 09:30:00.000000047,100011,400,99990,100,100014,100,99986,100,100036,100,99982,100,100052,100,99950,100,100076,200,99927,100,100078,100,99912,100,100101,100,99911,100,100108,100,99893,100,100109,100,99881,100,100135,100,99872,100
2019-06-28 09:30:00.000000048,100011,400,99990,100,100014,100,99986,100,100036,100,99982,100,100041,100,99950,100,100052,100,99927,100,100070,100,99912,100,100076,200,99911,100,100078,100,99893,100,100101,100,99881,100,100108,100,99872,100
2019-06-28 09:30:00.000000052,100011,500,99990,100,100014,100,99986,100,100036,100,99982,100,100041,100,99950,100,100052,100,99927,100,100070,100,99912,100,100076,200,99911,100,100078,100,99893,100,100101,100,99881,100,100108,100,99872,100
2019-06-28 09:30:00.000000053,100011,500,99990,100,100014,100,99986,100,100036,100,99982,100,100041,100,99950,100,100052,100,99945,100,100070,100,99927,100,100076,200,99912,100,100078,100,99911,100,100101,100,99893,100,100108,100,99881,100
2019-06-28 09:30:00.000000055,100004,100,99986,100,100011,500,99982,100,100014,100,99950,100,100036,100,99945,100,100041,100,99936,100,100052,100,99927,100,100070,100,99912,100,100076,200,99911,100,100078,100,99893,100,100101,100,99881,100
2019-06-28 09:30:00.000000056,100004,100,99986,100,100011,500,99982,100,100014,100,99950,100,100036,100,99946,100,100041,100,99945,100,100052,100,99936,100,100070,100,99927,100,100076,200,99912,100,100078,100,99911,100,100101,100,99893,100
2019-06-28 09:30:00.000000064,100004,100,99986,100,100011,500,99982,100,100014,100,99950,100,100036,100,99946,100,100041,100,99945,100,100052,100,99936,100,100070,100,99927,100,100076,200,99912,100,100078,100,99911,100,100101,100,99893,100
2019-06-28 09:30:00.000000068,100004,100,99986,100,100011,500,99982,100,100014,100,99950,100,100036,100,99946,100,100041,100,99945,100,100052,100,99936,100,100070,100,99927,100,100076,200,99912,100,100078,100,99911,100,100101,100,99893,100
2019-06-28 09:30:00.000000069,100004,100,99986,100,100011,500,99982,100,100014,100,99950,100,100036,100,99946,100,100041,100,99945,100,100052,100,99936,100,100070,100,99927,100,100076,200,99912,100,100078,100,99911,100,100101,100,99893,100
2019-06-28 09:30:00.000000071,100004,100,99990,100,100011,500,99986,100,100014,100,99982,100,100036,100,99950,100,100041,100,99946,100,100052,100,99945,100,100070,100,99936,100,100076,200,99927,100,100078,100,99912,100,100101,100,99911,100
2019-06-28 09:30:00.000000073,100004,100,99990,100,100011,500,99986,100,100014,100,99982,100,100036,100,99950,100,100041,100,99946,100,100052,100,99945,100,100070,100,99936,100,100076,200,99927,100,100078,100,99912,100,100101,100,99911,100
2019-06-28 09:30:00.000000074,100004,100,100000,100,100011,500,99990,100,100014,100,99986,100,100036,100,99982,100,100041,100,99950,100,100052,100,99946,100,100059,100,99945,100,100070,100,99936,100,100076,200,99927,100,100078,100,99912,100
2019-06-28 09:30:00.000000078,100004,100,100000,100,100011,500,99990,100,100014,100,99986,100,100015,100,99982,100,100036,100,99950,100,100041,100,99946,100,100052,100,99945,100,100059,100,99936,100,100070,100,99927,100,100076,200,99912,100
2019-06-28 09:30:00.000000084,100011,500,100000,100,100014,100,99990,100,100015,100,99986,100,100036,100,99982,100,100041,100,99950,100,100052,100,99946,100,100059,100,99945,100,100070,100,99936,100,100076,200,99927,100,100078,100,99912,100
2019-06-28 09:30:00.000000087,100004,100,100000,100,100011,500,99990,100,100014,100,99986,100,100015,100,99982,100,100036,100,99950,100,100041,100,99946,100,100052,100,99945,100,100059,100,99936,100,100070,100,99927,100,100076,200,99912,100
2019-06-28 09:30:00.000000090,100004,100,100001,100,100011,500,100000,100,100014,100,99990,100,100015,100,99986,100,100036,100,99982,100,100041,100,99950,100,100052,100,99946,100,100059,100,99945,100,100070,100,99936,100,100076,200,99927,100
2019-06-28 09:30:00.000000095,100004,100,100001,100,100011,500,100000,100,100014,100,99990,100,100015,100,99986,100,100036,100,99982,100,100041,100,99950,100,100052,100,99946,100,100059,100,99945,100,100064,100,99936,100,100070,100,99927,100
2019-06-28 09:30:00.000000097,100004,100,100001,100,100011,500,100000,100,100014,100,99991,100,100015,100,99990,100,100036,100,99986,100,100041,100,99982,100,100052,100,99950,100,100059,100,99946,100,100064,100,99945,100,100070,100,99936,100
2019-06-28 09:30:00.000000098,100004,100,100001,100,100011,500,100000,100,100014,100,99991,100,100015,100,99990,100,100036,100,99986,100,100041,100,99982,100,100052,100,99950,100,100059,100,99946,100,100064,100,99945,100,100070,100,99936,100
2019-06-28 09:30:00.000000099,100004,100,100001,100,100011,500,100000,100,100014,100,99991,100,100015,100,99990,100,100036,100,99986,100,100041,100,99982,100,100052,100,99950,100,100059,100,99946,100,100064,100,99945,100,100070,100,99936,100
2019-06-28 09:30:10.000000000,100004,450,100001,450,100011,500,100000,100,100014,100,99991,100,100015,100,99990,100,100036,100,99986,100,100041,100,99982,100,100052,100,99950,100,100059,100,99946,100,100064,100,99945,100,100070,100,99936,100
2019-06-28 09:30:17.439779766,100004,450,100001,350,100011,500,100000,100,100014,100,99991,100,100015,100,99990,100,100036,100,99986,100,100041,100,99982,100,100052,100,99950,100,100059,100,99946,100,100064,100,99945,100,100070,100,99936,100
2019-06-28 09:30:20.000000000,100004,219,100000,219,100011,616,99991,216,100014,216,99990,216,100015,100,99986,100,100036,100,99982,100,100041,100,99950,100,100052,100,99946,100,100059,100,99945,100,100064,100,99936,100,100070,100,99927,100
2019-06-28 09:30:21.072710077,100004,219,100000,219,100011,516,99991,216,100014,216,99990,216,100015,100,99986,100,100036,100,99982,100,100041,100,99950,100,100052,100,99946,100,100059,100,99945,100,100064,100,99936,100,100070,100,99927,100
2019-06-28 09:30:30.000000000,100004,450,100000,450,100011,400,99991,100,100014,100,99990,100,100015,100,99986,100,100036,100,99982,100,100041,100,99950,100,100052,100,99946,100,100059,100,99945,100,100064,100,99936,100,100070,100,99927,100
2019-06-28 09:30:40.000000000,100004,188,100000,188,100011,488,99991,188,100014,188,99990,188,100015,188,99986,188,100036,100,99982,100,100041,100,99950,100,100052,100,99946,100,100059,100,99945,100,100064,100,99936,100,100070,100,99927,100
2019-06-28 09:30:50.000000000,100004,275,100000,275,100011,575,99991,275,100014,100,99990,100,100015,100,99986,100,100036,100,99982,100,100041,100,99950,100,100052,100,99946,100,100059,100,99945,100,100064,100,99936,100,100070,100,99927,100
2019-06-28 09:30:59.472867160,100004,175,100000,275,100011,575,99991,275,100014,100,99990,100,100015,100,99986,100,100036,100,99982,100,100041,100,99950,100,100052,100,99946,100,100059,100,99945,100,100064,100,99936,100,100070,100,99927,100
2019-06-28 09:31:00.000000000,100011,470,100000,170,100014,170,99991,170,100015,170,99990,170,100036,170,99986,170,100041,170,99982,170,100052,100,99950,100,100059,100,99946,100,100064,100,99945,100,100070,100,99936,100,100076,200,99927,100
2019-06-28 09:31:10.000000000,100011,488,100000,188,100014,188,99991,188,100015,188,99990,188,100036,188,99986,188,100041,100,99982,100,100052,100,99950,100,100059,100,99946,100,100064,100,99945,100,100070,100,99936,100,100076,200,99927,100
2019-06-28 09:31:10.555481902,100011,488,100002,100,100014,188,100000,188,100015,188,99991,188,100036,188,99990,188,100041,100,99986,188,100052,100,99982,100,100059,100,99950,100,100064,100,99946,100,100070,100,99945,100,100076,200,99936,100
2019-06-28 09:31:18.174240403,100011,488,100002,100,100014,188,100000,188,100015,188,99991,188,100036,188,99990,188,100041,100,99986,188,100052,100,99982,100,100059,100,99950,100,100064,100,99946,100,100070,100,99945,100,100076,200,99936,100
2019-06-28 09:31:20.000000000,100011,519,100002,219,100014,216,100000,216,100015,216,99991,216,100036,100,99990,100,100041,100,99986,100,100052,100,99982,100,100059,100,99950,100,100064,100,99946,100,100070,100,99945,100,100076,200,99936,100
2019-06-28 09:31:24.230887094,100011,519,100002,319,100014,216,100000,216,100015,216,99991,216,100036,100,99990,100,100041,100,99986,100,100052,100,99982,100,100059,100,99950,100,100064,100,99946,100,100070,100,99945,100,100076,200,99936,100
2019-06-28 09:31:30.000000000,100011,750,100002,550,100014,100,100000,100,100015,100,99991,100,100036,100,99990,100,100041,100,99986,100,100052,100,99982,100,100059,100,99950,100,100064,100,99946,100,100070,100,99945,100,100076,200,99936,100
2019-06-28 09:31:30.391336623,100011,750,100002,550,100014,100,100000,100,100015,100,99991,100,100036,100,99990,100,100041,100,99986,100,100052,100,99982,100,100059,100,99950,100,100064,100,99946,100,100070,100,99945,100,100076,200,99936,100
2019-06-28 09:31:40.000000000,100011,750,100002,550,100014,100,100000,100,100015,100,99991,100,100036,100,99990,100,100041,100,99986,100,100052,100,99982,100,100059,100,99950,100,100064,100,99946,100,100070,100,99945,100,100076,200,99936,100
2019-06-28 09:31:50.000000000,100011,470,100002,270,100014,170,100000,170,100015,170,99991,170,100036,170,99990,170,100041,170,99986,170,100052,100,99982,100,100059,100,99950,100,100064,100,99946,100,100070,100,99945,100,100076,200,99936,100
2019-06-28 09:31:59.656056382,100011,370,100002,270,100014,170,100000,170,100015,170,99991,170,100036,170,99990,170,100041,170,99986,170,100052,100,99982,100,100059,100,99950,100,100064,100,99946,100,100070,100,99945,100,100076,200,99936,100
2019-06-28 09:32:00.000000000,100011,419,100002,319,100014,216,100000,216,100015,216,99991,216,100036,100,99990,100,100041,100,99986,100,100052,100,99982,100,100059,100,99950,100,100064,100,99946,100,100070,100,99945,100,100076,200,99936,100
2019-06-28 09:32:05.126525519,100011,419,100002,319,100014,216,100000,216,100015,216,99991,216,100036,100,99990,100,100041,100,99986,100,100052,100,99982,100,100059,100,99946,100,100064,100,99945,100,100070,100,99936,100,100076,200,99927,100
2019-06-28 09:32:10.000000000,100011,370,100002,270,100014,170,100000,170,100015,170,99991,170,100036,170,99990,170,100041,170,99986,170,100052,100,99982,100,100059,100,99946,100,100064,100,99945,100,100070,100,99936,100,100076,200,99927,100
2019-06-28 09:32:20.000000000,100011,419,100002,319,100014,216,100000,216,100015,216,99991,216,100036,100,99990,100,100041,100,99986,100,100052,100,99982,100,100059,100,99946,100,100064,100,99945,100,100070,100,99936,100,100076,200,99927,100
2019-06-28 09:32:30.000000000,100011,388,100002,288,100014,188,100000,188,100015,188,99991,188,100036,188,99990,188,100041,100,99986,100,100052,100,99982,100,100059,100,99946,100,100064,100,99945,100,100070,100,99936,100,100076,200,99927,100
2019-06-28 09:32:32.836578934,100011,388,100002,288,100014,188,100000,188,100015,188,99991,188,100036,188,99990,188,100041,100,99986,100,100052,100,99982,100,100059,100,99946,100,100064,100,99945,100,100070,100,99936,100,100076,200,99927,100
2019-06-28 09:32:40.000000000,100011,419,100002,319,100014,216,100000,216,100015,216,99991,216,100036,100,99990,100,100041,100,99986,100,100052,100,99982,100,100059,100,99946,100,100064,100,99945,100,100070,100,99936,100,100076,200,99927,100
2019-06-28 09:32:48.923649368,100011,419,100002,319,100014,216,100000,216,100015,216,99991,216,100036,100,99990,100,100041,100,99982,100,100052,100,99946,100,100059,100,99945,100,100064,100,99936,100,100070,100,99927,100,100076,200,99926,100
2019-06-28 09:32:50.000000000,100011,475,100002,375,100014,275,100000,275,100015,100,99991,100,100036,100,99990,100,100041,100,99982,100,100052,100,99946,100,100059,100,99945,100,100064,100,99936,100,100070,100,99927,100,100076,200,99926,100
2019-06-28 09:32:55.399898588,100011,475,100002,275,100014,275,100000,275,100015,100,99991,100,100036,100,99990,100,100041,100,99982,100,100052,100,99946,100,100059,100,99945,100,100064,100,99936,100,100070,100,99927,100,100076,200,99926,100
2019-06-28 09:33:00.000000000,100011,388,100002,188,100014,188,100000,188,100015,188,99991,188,100036,188,99990,188,100041,100,99982,100,100052,100,99946,100,100059,100,99945,100,100064,100,99936,100,100070,100,99927,100,100076,200,99926,100
2019-06-28 09:33:00.986519573,100003,100,100002,188,100011,388,100000,188,100014,188,99991,188,100015,188,99990,188,100036,188,99982,100,100041,100,99946,100,100052,100,99945,100,100059,100,99936,100,100064,100,99927,100,100070,100,99926,100
2019-06-28 09:33:10.000000000,100003,188,100002,188,100011,388,100000,188,100014,188,99991,188,100015,188,99990,188,100036,100,99982,100,100041,100,99946,100,100052,100,99945,100,100059,100,99936,100,100064,100,99927,100,100070,100,99926,100
2019-06-28 09:33:14.130240225,100003,188,100002,188,100011,388,100000,188,100014,188,99991,188,100015,188,99990,188,100036,100,99982,100,100041,100,99946,100,100052,100,99945,100,100064,100,99936,100,100070,100,99927,100,100076,200,99926,100
2019-06-28 09:33:20.000000000,100003,188,100002,188,100011,388,100000,188,100014,188,99991,188,100015,188,99990,188,100036,100,99982,100,100041,100,99946,100,100052,100,99945,100,100064,100,99936,100,100070,100,99927,100,100076,200,99926,100
2019-06-28 09:33:30.000000000,100003,275,100002,275,100011,475,100000,275,100014,100,99991,100,100015,100,99990,100,100036,100,99982,100,100041,100,99946,100,100052,100,99945,100,100064,100,99936,100,100070,100,99927,100,100076,200,99926,100
2019-06-28 09:33:30.660445000,100003,275,100002,275,100011,475,100000,275,100014,100,99991,100,100015,100,99990,100,100036,100,99982,100,100041,100,99946,100,100052,100,99945,100,100064,100,99936,100,100070,100,99927,100,100076,200,99926,100
2019-06-28 09:33:31.054087104,100003,175,100002,275,100011,475,100000,275,100014,100,99991,100,100015,100,99990,100,100036,100,99982,100,100041,100,99946,100,100052,100,99945,100,100064,100,99936,100,100076,200,99927,100,100109,100,99926,100
2019-06-28 09:33:31.437013628,100003,175,100002,275,100011,475,100000,275,100014,100,99991,100,100015,100,99990,100,100036,100,99982,100,100041,100,99946,100,100052,100,99945,100,100064,100,99936,100,100076,200,99927,100,100109,100,99926,100
2019-06-28 09:33:40.000000000,100011,419,100002,219,100014,216,100000,216,100015,216,99991,216,100036,100,99990,100,100041,100,99982,100,100052,100,99946,100,100064,100,99945,100,100076,200,99936,100,100109,100,99927,100,100121,100,99926,100
2019-06-28 09:33:50.000000000,100011,370,100002,170,100014,170,100000,170,100015,170,99991,170,100036,170,99990,170,100041,170,99982,170,100052,100,99946,100,100064,100,99945,100,100076,200,99936,100,100109,100,99927,100,100121,100,99926,100
2019-06-28 09:34:00.000000000,100011,475,100002,275,100014,275,100000,275,100015,100,99991,100,100036,100,99990,100,100041,100,99982,100,100052,100,99946,100,100064,100,99945,100,100076,200,99936,100,100109,100,99927,100,100121,100,99926,100
2019-06-28 09:34:06.049617091,100011,375,100002,275,100014,275,100000,275,100015,100,99991,100,100036,100,99990,100,100041,100,99982,100,100052,100,99946,100,100064,100,99945,100,100076,200,99936,100,100109,100,99927,100,100121,100,99926,100
2019-06-28 09:34:10.000000000,100011,550,100002,450,100014,100,100000,100,100015,100,99991,100,100036,100,99990,100,100041,100,99982,100,100052,100,99946,100,100064,100,99945,100,100076,200,99936,100,100109,100,99927,100,100121,100,99926,100
2019-06-28 09:34:20.000000000,100011,319,100002,219,100014,216,100000,216,100015,216,99991,216,100036,100,99990,100,100041,100,99982,100,100052,100,99946,100,100064,100,99945,100,100076,200,99936,100,100109,100,99927,100,100121,100,99926,100
2019-06-28 09:34:30.000000000,100011,375,100002,275,100014,275,100000,275,100015,100,99991,100,100036,100,99990,100,100041,100,99982,100,100052,100,99946,100,100064,100,99945,100,100076,200,99936,100,100109,100,99927,100,100121,100,99926,100
2019-06-28 09:34:38.264967251,100011,375,100003,100,100014,275,100002,275,100015,100,100000,275,100036,100,99991,100,100041,100,99990,100,100052,100,99982,100,100064,100,99946,100,100076,200,99945,100,100109,100,99936,100,100121,100,99927,100
2019-06-28 09:34:40.000000000,100011,270,100003,170,100014,170,100002,170,100015,170,100000,170,100036,170,99991,170,100041,170,99990,170,100052,100,99982,100,100064,100,99946,100,100076,200,99945,100,100109,100,99936,100,100121,100,99927,100
2019-06-28 09:34:50.000000000,100011,375,100003,275,100014,275,100002,275,100015,100,100000,100,100036,100,99991,100,100041,100,99990,100,100052,100,99982,100,100064,100,99946,100,100076,200,99945,100,100109,100,99936,100,100121,100,99927,100
2019-06-28 09:35:00.000000000,100011,550,100003,450,100014,100,100002,100,100015,100,100000,100,100036,100,99991,100,100041,100,99990,100,100052,100,99982,100,100064,100,99946,100,100076,200,99945,100,100109,100,99936,100,100121,100,99927,100
2019-06-28 09:35:10.000000000,100011,319,100003,219,100014,216,100002,216,100015,216,100000,216,100036,100,99991,100,100041,100,99990,100,100052,100,99982,100,100064,100,99946,100,100076,200,99945,100,100109,100,99936,100,100121,100,99927,100
2019-06-28 09:35:16.925557551,100011,219,100003,219,100014,116,100002,216,100015,216,100000,216,100036,100,99991,100,100041,100,99990,100,100052,100,99982,100,100064,100,99946,100,100076,200,99945,100,100109,100,99936,100,100121,100,99927,100
2019-06-28 09:35:20.000000000,100011,188,100003,188,100015,188,100002,188,100036,188,100000,188,100041,188,99991,188,100052,100,99990,100,100064,100,99982,100,100076,200,99946,100,100109,100,99945,100,100121,100,99936,100,100127,100,99927,100
2019-06-28 09:35:25.399664131,100011,88,100003,188,100015,188,100002,188,100036,188,100000,188,100041,188,99991,188,100052,100,99990,100,100064,100,99982,100,100076,200,99946,100,100109,100,99945,100,100121,100,99936,100,100127,100,99927,100
2019-06-28 09:35:30.000000000,100015,219,100003,219,100036,216,100002,216,100041,216,100000,216,100052,100,99991,100,100064,100,99990,100,100076,200,99982,100,100109,100,99946,100,100121,100,99945,100,100127,100,99936,100,100135,100,99927,100
2019-06-28 09:35:40.000000000,100015,275,100003,275,100036,275,100002,275,100041,100,100000,100,100052,100,99991,100,100064,100,99990,100,100076,200,99982,100,100109,100,99946,100,100121,100,99945,100,100127,100,99936,100,100135,100,99927,100
2019-06-28 09:35:50.000000000,100015,275,100003,275,100036,275,100002,275,100041,100,100000,100,100052,100,99991,100,100064,100,99990,100,100076,200,99982,100,100109,100,99946,100,100121,100,99945,100,100127,100,99936,100,100135,100,99927,100
2019-06-28 09:36:00.000000000,100015,450,100003,450,100036,100,100002,100,100041,100,100000,100,100052,100,99991,100,100064,100,99990,100,100076,200,99982,100,100109,100,99946,100,100121,100,99945,100,100127,100,99936,100,100135,100,99927,100
2019-06-28 09:36:10.000000000,100015,275,100003,275,100036,275,100002,275,100041,100,100000,100,100052,100,99991,100,100064,100,99990,100,100076,200,99982,100,100109,100,99946,100,100121,100,99945,100,100127,100,99936,100,100135,100,99927,100
2019-06-28 09:36:20.000000000,100015,450,100003,450,100036,100,100002,100,100041,100,100000,100,100052,100,99991,100,100064,100,99990,100,100076,200,99982,100,100109,100,99946,100,100121,100,99945,100,100127,100,99936,100,100135,100,99927,100
2019-06-28 09:36:30.000000000,100015,170,100003,170,100036,170,100002,170,100041,170,100000,170,100052,170,99991,170,100064,170,99990,170,100076,200,99982,100,100109,100,99946,100,100121,100,99945,100,100127,100,99936,100,100135,100,99927,100
2019-06-28 09:36:32.325718433,100015,170,100003,170,100036,170,100002,170,100041,170,100000,170,100052,170,99991,170,100064,170,99990,170,100076,200,99982,100,100109,100,99946,100,100121,100,99945,100,100127,100,99936,100,100135,100,99927,100
2019-06-28 09:36:40.000000000,100015,275,100003,275,100036,275,100002,275,100041,100,100000,100,100052,100,99991,100,100064,100,99990,100,100076,200,99982,100,100109,100,99946,100,100121,100,99945,100,100127,100,99936,100,100135,100,99927,100
2019-06-28 09:36:41.915529113,100015,275,100003,275,100036,275,100002,275,100041,100,100000,100,100052,100,99991,100,100064,100,99990,100,100076,200,99982,100,100109,100,99946,100,100121,100,99945,100,100127,100,99936,100,100135,100,99927,100
2019-06-28 09:36:50.000000000,100015,188,100003,188,100036,188,100002,188,100041,188,100000,188,100052,188,99991,188,100064,100,99990,100,100076,200,99982,100,100109,100,99946,100,100121,100,99945,100,100127,100,99936,100,100135,100,99927,100
2019-06-28 09:36:57.097118481,100015,188,100003,88,100036,188,100002,188,100041,188,100000,188,100052,188,99991,188,100064,100,99990,100,100076,200,99982,100,100109,100,99946,100,100121,100,99945,100,100127,100,99936,100,100135,100,99927,100
2019-06-28 09:37:00.000000000,100015,219,100002,219,100036,216,100000,216,100041,216,99991,216,100052,100,99990,100,100064,100,99982,100,100076,200,99946,100,100109,100,99945,100,100121,100,99936,100,100127,100,99927,100,100135,100,99926,100
2019-06-28 09:37:05.137050867,100010,100,100002,219,100015,219,100000,216,100036,216,99991,216,100041,216,99990,100,100052,100,99982,100,100064,100,99946,100,100076,200,99945,100,100109,100,99936,100,100121,100,99927,100,100127,100,99926,100
2019-06-28 09:37:10.000000000,100010,219,100002,219,100015,216,100000,216,100036,216,99991,216,100041,100,99990,100,100052,100,99982,100,100064,100,99946,100,100076,200,99945,100,100109,100,99936,100,100121,100,99927,100,100127,100,99926,100
2019-06-28 09:37:20.000000000,100010,170,100002,170,100015,170,100000,170,100036,170,99991,170,100041,170,99990,170,100052,170,99982,170,100064,100,99946,100,100076,200,99945,100,100109,100,99936,100,100121,100,99927,100,100127,100,99926,100
2019-06-28 09:37:24.960391874,100010,170,100002,170,100015,170,100000,170,100036,170,99991,170,100041,170,99990,170,100052,170,99982,170,100076,200,99948,100,100109,100,99946,100,100121,100,99945,100,100127,100,99936,100,100135,100,99927,100
2019-06-28 09:37:29.162483406,100010,170,100002,170,100015,170,100000,170,100036,170,99991,170,100041,170,99990,170,100052,170,99982,170,100076,200,99948,100,100109,100,99946,100,100121,100,99945,100,100127,100,99936,100,100135,100,99927,100
2019-06-28 09:37:30.000000000,100010,450,100002,450,100015,100,100000,100,100036,100,99991,100,100041,100,99990,100,100052,100,99982,100,100076,200,99948,100,100109,100,99946,100,100121,100,99945,100,100127,100,99936,100,100135,100,99927,100
2019-06-28 09:37:40.000000000,100010,275,100002,275,100015,275,100000,275,100036,100,99991,100,100041,100,99990,100,100052,100,99982,100,100076,200,99948,100,100109,100,99946,100,100121,100,99945,100,100127,100,99936,100,100135,100,99927,100
2019-06-28 09:37:40.020258662,100010,275,100002,275,100015,275,100000,275,100036,100,99990,100,100041,100,99982,100,100052,100,99948,100,100076,200,99946,100,100109,100,99945,100,100121,100,99936,100,100127,100,99927,100,100135,100,99926,100
2019-06-28 09:37:50.000000000,100010,219,100002,219,100015,216,100000,216,100036,216,99990,216,100041,100,99982,100,100052,100,99948,100,100076,200,99946,100,100109,100,99945,100,100121,100,99936,100,100127,100,99927,100,100135,100,99926,100
2019-06-28 09:37:59.873734677,100010,219,100002,219,100015,216,100000,216,100036,216,99990,216,100041,100,99982,100,100052,100,99948,100,100076,100,99946,100,100109,100,99945,100,100121,100,99936,100,100127,100,99927,100,100135,100,99926,100
2019-06-28 09:38:00.000000000,100010,219,100002,219,100015,216,100000,216,100036,216,99990,216,100041,100,99982,100,100052,100,99948,100,100076,100,99946,100,100109,100,99945,100,100121,100,99936,100,100127,100,99927,100,100135,100,99926,100
2019-06-28 09:38:02.318532253,100010,219,100002,219,100015,216,100000,216,100023,100,99990,216,100036,216,99982,100,100041,100,99948,100,100052,100,99946,100,100076,100,99945,100,100109,100,99936,100,100121,100,99927,100,100127,100,99926,100
2019-06-28 09:38:10.000000000,100010,170,100002,170,100015,170,100000,170,100023,170,99990,170,100036,170,99982,170,100041,170,99948,170,100052,100,99946,100,100076,100,99945,100,100109,100,99936,100,100121,100,99927,100,100127,100,99926,100
2019-06-28 09:38:11.139451593,100010,170,100002,170,100015,170,100000,170,100023,170,99990,170,100036,170,99982,170,100041,170,99948,170,100052,100,99946,100,100076,100,99945,100,100109,100,99936,100,100121,100,99927,100,100127,100,99926,100
2019-06-28 09:38:20.000000000,100010,275,100002,275,100015,275,100000,275,100023,100,99990,100,100036,100,99982,100,100041,100,99948,100,100052,100,99946,100,100076,100,99945,100,100109,100,99936,100,100121,100,99927,100,100127,100,99926,100
2019-06-28 09:38:23.196608529,100010,275,100002,175,100015,275,100000,275,100023,100,99990,100,100036,100,99982,100,100041,100,99948,100,100052,100,99946,100,100076,100,99945,100,100109,100,99936,100,100121,100,99927,100,100127,100,99926,100
2019-06-28 09:38:30.000000000,100010,188,100000,188,100015,188,99990,188,100023,188,99982,188,100036,188,99948,188,100041,100,99946,100,100052,100,99945,100,100076,100,99936,100,100109,100,99927,100,100121,100,99926,100,100127,100,99911,100
2019-06-28 09:38:32.396226088,100010,188,100000,188,100015,188,99990,188,100023,188,99982,188,100036,188,99948,188,100041,100,99946,100,100076,100,99945,100,100109,100,99936,100,100121,100,99927,100,100127,100,99926,100,100135,100,99911,100
2019-06-28 09:38:40.000000000,100010,275,100000,275,100015,275,99990,275,100023,100,99982,100,100036,100,99948,100,100041,100,99946,100,100076,100,99945,100,100109,100,99936,100,100121,100,99927,100,100127,100,99926,100,100135,100,99911,100
2019-06-28 09:38:50.000000000,100010,188,100000,188,100015,188,99990,188,100023,188,99982,188,100036,188,99948,188,100041,100,99946,100,100076,100,99945,100,100109,100,99936,100,100121,100,99927,100,100127,100,99926,100,100135,100,99911,100
2019-06-28 09:38:53.314300413,100010,188,100000,188,100015,188,99990,188,100023,188,99982,188,100036,188,99948,188,100041,100,99945,100,100076,100,99936,100,100109,100,99927,100,100121,100,99926,100,100127,100,99911,100,100135,100,99906,100
2019-06-28 09:39:00.000000000,100010,275,100000,275,100015,275,99990,275,100023,100,99982,100,100036,100,99948,100,100041,100,99945,100,100076,100,99936,100,100109,100,99927,100,100121,100,99926,100,100127,100,99911,100,100135,100,99906,100
2019-06-28 09:39:10.000000000,100010,188,100000,188,100015,188,99990,188,100023,188,99982,188,100036,188,99948,188,100041,100,99945,100,100076,100,99936,100,100109,100,99927,100,100121,100,99926,100,100127,100,99911,100,100135,100,99906,100
2019-06-28 09:39:13.025679006,100010,188,100000,188,100015,188,99990,188,100023,188,99982,188,100036,188,99948,188,100041,100,99945,100,100076,100,99936,100,100109,100,99927,100,100121,100,99926,100,100127,100,99911,100,100135,100,99906,100
2019-06-28 09:39:20.000000000,100010,219,100000,219,100015,216,99990,216,100023,216,99982,216,100036,100,99948,100,100041,100,99945,100,100076,100,99936,100,100109,100,99927,100,100121,100,99926,100,100127,100,99911,100,100135,100,99906,100
2019-06-28 09:39:30.000000000,100010,450,100000,450,100015,100,99990,100,100023,100,99982,100,100036,100,99948,100,100041,100,99945,100,100076,100,99936,100,100109,100,99927,100,100121,100,99926,100,100127,100,99911,100,100135,100,99906,100
2019-06-28 09:39:40.000000000,100010,275,100000,275,100015,275,99990,275,100023,100,99982,100,100036,100,99948,100,100041,100,99945,100,100076,100,99936,100,100109,100,99927,100,100121,100,99926,100,100127,100,99911,100,100135,100,99906,100
2019-06-28 09:39:47.740310230,100010,275,100000,175,100015,275,99990,275,100023,100,99982,100,100036,100,99948,100,100041,100,99945,100,100076,100,99936,100,100109,100,99927,100,100121,100,99926,100,100127,100,99911,100,100135,100,99906,100
2019-06-28 09:39:50.000000000,100010,170,99990,170,100015,170,99982,170,100023,170,99948,170,100036,170,99945,170,100041,170,99936,170,100076,100,99927,100,100109,100,99926,100,100121,100,99911,100,100127,100,99906,100,100135,100,99865,100
2019-06-28 09:40:00.000000000,100010,275,99990,275,100015,275,99982,275,100023,100,99948,100,100036,100,99945,100,100041,100,99936,100,100076,100,99927,100,100109,100,99926,100,100121,100,99911,100,100127,100,99906,100,100135,100,99865,100
2019-06-28 09:40:03.085976204,100010,275,99990,275,100015,275,99982,275,100023,100,99948,100,100036,100,99945,100,100041,100,99936,100,100076,100,99927,100,100109,100,99926,100,100121,100,99911,100,100127,100,99906,100,100135,100,99865,100
2019-06-28 09:40:10.000000000,100010,188,99990,188,100015,188,99982,188,100023,188,99948,188,100036,188,99945,188,100041,100,99936,100,100076,100,99927,100,100109,100,99926,100,100121,100,99911,100,100127,100,99906,100,100135,100,99865,100
2019-06-28 09:40:20.000000000,100010,219,99990,219,100015,216,99982,216,100023,216,99948,216,100036,100,99945,100,100041,100,99936,100,100076,100,99927,100,100109,100,99926,100,100121,100,99911,100,100127,100,99906,100,100135,100,99865,100
2019-06-28 09:40:22.033767464,100010,219,99990,119,100015,216,99982,216,100023,216,99948,216,100036,100,99945,100,100041,100,99936,100,100076,100,99926,100,100109,100,99911,100,100121,100,99906,100,100127,100,99865,100,100135,100,99840,100
2019-06-28 09:40:30.000000000,100010,275,99982,275,100015,275,99948,275,100023,100,99945,100,100036,100,99936,100,100041,100,99926,100,100076,100,99911,100,100109,100,99906,100,100121,100,99865,100,100127,100,99840,100,100135,100,99839,100
2019-06-28 09:40:31.744030732,100010,275,99982,175,100015,275,99948,275,100023,100,99945,100,100036,100,99936,100,100041,100,99926,100,100076,100,99911,100,100109,100,99906,100,100121,100,99865,100,100127,100,99840,100,100135,100,99839,100
2019-06-28 09:40:40.000000000,100010,219,99948,219,100015,216,99945,216,100023,216,99936,216,100036,100,99926,100,100041,100,99911,100,100076,100,99906,100,100109,100,99865,100,100121,100,99840,100,100127,100,99839,100,100135,100,99825,100
2019-06-28 09:40:44.894061765,99990,100,99948,219,100010,219,99945,216,100015,216,99936,216,100023,216,99926,100,100036,100,99911,100,100041,100,99906,100,100076,100,99865,100,100109,100,99840,100,100121,100,99839,100,100127,100,99825,100
2019-06-28 09:40:46.707661125,99990,100,99948,119,100010,219,99945,216,100015,216,99936,216,100023,216,99926,100,100036,100,99911,100,100041,100,99906,100,100076,100,99865,100,100109,100,99840,100,100121,100,99839,100,100127,100,99825,100
2019-06-28 09:40:50.000000000,99990,219,99945,219,100010,216,99936,216,100015,216,99926,216,100023,100,99911,100,100036,100,99906,100,100041,100,99865,100,100076,100,99840,100,100109,100,99839,100,100121,100,99825,100,100127,100,99820,200
2019-06-28 09:40:51.511642845,99990,219,99945,219,100010,216,99936,216,100015,216,99926,216,100023,100,99911,100,100041,100,99906,100,100076,100,99865,100,100109,100,99840,100,100121,100,99839,100,100127,100,99825,100,100135,100,99820,200
2019-06-28 09:40:55.692199314,99990,219,99945,219,100010,216,99936,216,100015,216,99926,216,100023,100,99911,100,100041,100,99906,100,100076,100,99865,100,100109,100,99840,100,100121,100,99839,100,100127,100,99825,100,100135,100,99820,100
2019-06-28 09:40:59.960610993,99990,219,99945,119,100010,216,99936,216,100015,216,99926,216,100023,100,99911,100,100041,100,99906,100,100076,100,99865,100,100109,100,99840,100,100121,100,99839,100,100127,100,99825,100,100135,100,99820,100
2019-06-28 09:41:00.000000000,99990,219,99936,219,100010,216,99926,216,100015,216,99911,216,100023,100,99906,100,100041,100,99865,100,100076,100,99840,100,100109,100,99839,100,100121,100,99825,100,100127,100,99820,100,100135,100,99811,100
2019-06-28 09:41:10.000000000,99990,170,99936,170,100010,170,99926,170,100015,170,99911,170,100023,170,99906,170,100041,170,99865,170,100076,100,99840,100,100109,100,99839,100,100121,100,99825,100,100127,100,99820,100,100135,100,99811,100
2019-06-28 09:41:20.000000000,99990,219,99936,219,100010,216,99926,216,100015,216,99911,216,100023,100,99906,100,100041,100,99865,100,100076,100,99840,100,100109,100,99839,100,100121,100,99825,100,100127,100,99820,100,100135,100,99811,100
2019-06-28 09:41:30.000000000,99990,450,99936,450,100010,100,99926,100,100015,100,99911,100,100023,100,99906,100,100041,100,99865,100,100076,100,99840,100,100109,100,99839,100,100121,100,99825,100,100127,100,99820,100,100135,100,99811,100
2019-06-28 09:41:40.000000000,99990,219,99936,219,100010,216,99926,216,100015,216,99911,216,100023,100,99906,100,100041,100,99865,100,100076,100,99840,100,100109,100,99839,100,100121,100,99825,100,100127,100,99820,100,100135,100,99811,100
2019-06-28 09:41:50.000000000,99990,188,99936,188,100010,188,99926,188,100015,188,99911,188,100023,188,99906,188,100041,100,99865,100,100076,100,99840,100,100109,100,99839,100,100121,100,99825,100,100127,100,99820,100,100135,100,99811,100
2019-06-28 09:42:00.000000000,99990,219,99936,219,100010,216,99926,216,100015,216,99911,216,100023,100,99906,100,100041,100,99865,100,100076,100,99840,100,100109,100,99839,100,100121,100,99825,100,100127,100,99820,100,100135,100,99811,100
2019-06-28 09:42:01.541707960,99990,219,99949,100,100010,216,99936,219,100015,216,99926,216,100023,100,99911,216,100041,100,99906,100,100076,100,99865,100,100109,100,99840,100,100121,100,99839,100,100127,100,99825,100,100135,100,99820,100
2019-06-28 09:42:07.015099434,99990,219,99949,100,100010,216,99936,219,100015,216,99926,216,100023,100,99911,216,100041,100,99906,100,100076,100,99865,100,100109,100,99840,100,100121,100,99839,100,100127,100,99825,100,100135,100,99820,100
2019-06-28 09:42:10.000000000,99990,275,99949,275,100010,275,99936,275,100015,100,99926,100,100023,100,99911,100,100041,100,99906,100,100076,100,99865,100,100109,100,99840,100,100121,100,99839,100,100127,100,99825,100,100135,100,99820,100
2019-06-28 09:42:19.596807474,99990,275,99949,375,100010,275,99936,275,100015,100,99926,100,100023,100,99911,100,100041,100,99906,100,100076,100,99865,100,100109,100,99840,100,100121,100,99839,100,100127,100,99825,100,100135,100,99820,100
2019-06-28 09:42:20.000000000,99990,170,99949,270,100010,170,99936,170,100015,170,99926,170,100023,170,99911,170,100041,170,99906,170,100076,100,99865,100,100109,100,99840,100,100121,100,99839,100,100127,100,99825,100,100135,100,99820,100
2019-06-28 09:42:30.000000000,99990,450,99949,550,100010,100,99936,100,100015,100,99926,100,100023,100,99911,100,100041,100,99906,100,100076,100,99865,100,100109,100,99840,100,100121,100,99839,100,100127,100,99825,100,100135,100,99820,100
2019-06-28 09:42:32.680477358,99990,450,99949,550,100010,100,99936,100,100015,100,99926,100,100023,100,99911,100,100041,100,99906,100,100076,100,99885,100,100109,100,99865,100,100121,100,99840,100,100127,100,99839,100,100135,100,99825,100
2019-06-28 09:42:35.660752946,99990,450,99949,350,100010,100,99936,100,100015,100,99926,100,100023,100,99911,100,100041,100,99906,100,100076,100,99885,100,100109,100,99865,100,100121,100,99840,100,100127,100,99839,100,100135,100,99825,100
2019-06-28 09:42:40.000000000,99990,219,99936,219,100010,216,99926,216,100015,216,99911,216,100023,100,99906,100,100041,100,99885,100,100076,100,99865,100,100109,100,99840,100,100121,100,99839,100,100127,100,99825,100,100135,100,99820,100
2019-06-28 09:42:50.000000000,99990,188,99936,188,100010,188,99926,188,100015,188,99911,188,100023,188,99906,188,100041,100,99885,100,100076,100,99865,100,100109,100,99840,100,100121,100,99839,100,100127,100,99825,100,100135,100,99820,100
2019-06-28 09:43:00.000000000,99990,275,99936,275,100010,275,99926,275,100015,100,99911,100,100023,100,99906,100,100041,100,99885,100,100076,100,99865,100,100109,100,99840,100,100121,100,99839,100,100127,100,99825,100,100135,100,99820,100
2019-06-28 09:43:10.000000000,99990,219,99936,219,100010,216,99926,216,100015,216,99911,216,100023,100,99906,100,100041,100,99885,100,100076,100,99865,100,100109,100,99840,100,100121,100,99839,100,100127,100,99825,100,100135,100,99820,100
2019-06-28 09:43:20.000000000,99990,170,99936,170,100010,170,99926,170,100015,170,99911,170,100023,170,99906,170,100041,170,99885,170,100076,100,99865,100,100109,100,99840,100,100121,100,99839,100,100127,100,99825,100,100135,100,99820,100
2019-06-28 09:43:30.000000000,99990,275,99936,275,100010,275,99926,275,100015,100,99911,100,100023,100,99906,100,100041,100,99885,100,100076,100,99865,100,100109,100,99840,100,100121,100,99839,100,100127,100,99825,100,100135,100,99820,100
2019-06-28 09:43:40.000000000,99990,188,99936,188,100010,188,99926,188,100015,188,99911,188,100023,188,99906,188,100041,100,99885,100,100076,100,99865,100,100109,100,99840,100,100121,100,99839,100,100127,100,99825,100,100135,100,99820,100
2019-06-28 09:43:42.214529610,99990,88,99936,188,100010,188,99926,188,100015,188,99911,188,100023,188,99906,188,100041,100,99885,100,100076,100,99865,100,100109,100,99840,100,100121,100,99839,100,100127,100,99825,100,100135,100,99820,100
2019-06-28 09:43:45.658518377,99990,88,99936,188,100010,188,99926,188,100015,188,99911,188,100023,188,99906,188,100041,100,99885,100,100076,100,99865,100,100109,100,99840,100,100121,100,99839,100,100127,100,99825,100,100135,100,99820,100
2019-06-28 09:43:45.928200239,99990,88,99936,188,100010,188,99926,188,100015,188,99911,188,100023,188,99906,188,100041,100,99885,100,100076,100,99865,100,100109,100,99840,100,100121,100,99839,100,100127,100,99825,100,100135,100,99811,100
2019-06-28 09:43:50.000000000,100010,450,99936,450,100015,100,99926,100,100023,100,99911,100,100041,100,99906,100,100076,100,99885,100,100109,100,99865,100,100121,100,99840,100,100127,100,99839,100,100135,100,99825,100,100137,100,99811,100
2019-06-28 09:43:59.913337228,100010,450,99936,450,100023,100,99926,100,100041,100,99911,100,100076,100,99906,100,100109,100,99885,100,100121,100,99865,100,100127,100,99840,100,100135,100,99839,100,100137,100,99825,100,100140,100,99811,100
2019-06-28 09:44:00.000000000,100010,275,99936,275,100023,275,99926,275,100041,100,99911,100,100076,100,99906,100,100109,100,99885,100,100121,100,99865,100,100127,100,99840,100,100135,100,99839,100,100137,100,99825,100,100140,100,99811,100
2019-06-28 09:44:04.370202397,100010,175,99936,275,100023,275,99926,275,100041,100,99911,100,100076,100,99906,100,100109,100,99885,100,100121,100,99865,100,100127,100,99839,100,100135,100,99825,100,100137,100,99811,100,100140,100,99765,100
2019-06-28 09:44:10.000000000,100023,170,99936,170,100041,170,99926,170,100076,170,99911,170,100109,170,99906,170,100121,170,99885,170,100127,100,99865,100,100135,100,99839,100,100137,100,99825,100,100140,100,99811,100,100142,100,99765,100
2019-06-28 09:44:14.626143587,100023,170,99936,170,100041,170,99926,170,100076,170,99911,170,100109,170,99906,170,100121,170,99885,170,100127,100,99865,100,100135,100,99839,100,100137,100,99825,100,100142,100,99811,100,100171,100,99765,100
2019-06-28 09:44:20.000000000,100023,188,99936,188,100041,188,99926,188,100076,188,99911,188,100109,188,99906,188,100121,100,99885,100,100127,100,99865,100,100135,100,99839,100,100137,100,99825,100,100142,100,99811,100,100171,100,99765,100
2019-06-28 09:44:30.000000000,100023,450,99936,450,100041,100,99926,100,100076,100,99911,100,100109,100,99906,100,100121,100,99885,100,100127,100,99865,100,100135,100,99839,100,100137,100,99825,100,100142,100,99811,100,100171,100,99765,100
2019-06-28 09:44:40.000000000,100023,170,99936,170,100041,170,99926,170,100076,170,99911,170,100109,170,99906,170,100121,170,99885,170,100127,100,99865,100,100135,100,99839,100,100137,100,99825,100,100142,100,99811,100,100171,100,99765,100
2019-06-28 09:44:49.666977714,100023,70,99936,170,100041,170,99926,170,100076,170,99911,170,100109,170,99906,170,100121,170,99885,170,100127,100,99839,100,100135,100,99825,100,100137,100,99811,100,100142,100,99765,100,100171,100,99735,100
2019-06-28 09:44:50.000000000,100041,188,99936,188,100076,188,99926,188,100109,188,99911,188,100121,188,99906,188,100127,100,99885,100,100135,100,99839,100,100137,100,99825,100,100142,100,99811,100,100171,100,99765,100,100222,100,99735,100
2019-06-28 09:45:00.000000000,100041,450,99936,450,100076,100,99926,100,100109,100,99911,100,100121,100,99906,100,100127,100,99885,100,100135,100,99839,100,100137,100,99825,100,100142,100,99811,100,100171,100,99765,100,100222,100,99735,100
2019-06-28 09:45:10.000000000,100041,450,99936,450,100076,100,99926,100,100109,100,99911,100,100121,100,99906,100,100127,100,99885,100,100135,100,99839,100,100137,100,99825,100,100142,100,99811,100,100171,100,99765,100,100222,100,99735,100
2019-06-28 09:45:13.853710620,100041,350,99936,450,100076,100,99926,100,100109,100,99911,100,100121,100,99906,100,100127,100,99885,100,100135,100,99839,100,100137,100,99825,100,100142,100,99811,100,100171,100,99765,100,100222,100,99735,100
2019-06-28 09:45:20.000000000,100076,170,99936,170,100109,170,99926,170,100121,170,99911,170,100127,170,99906,170,100135,170,99885,170,100137,100,99839,100,100142,100,99825,100,100171,100,99811,100,100222,100,99765,100,100239,100,99735,100
2019-06-28 09:45:20.544137110,100076,170,99990,100,100109,170,99936,170,100121,170,99926,170,100127,170,99911,170,100135,170,99906,170,100137,100,99885,170,100142,100,99839,100,100171,100,99825,100,100222,100,99811,100,100239,100,99765,100
2019-06-28 09:45:27.717827345,100076,70,99990,100,100109,170,99936,170,100121,170,99926,170,100127,170,99911,170,100135,170,99906,170,100137,100,99885,170,100142,100,99839,100,100171,100,99825,100,100222,100,99811,100,100239,100,99765,100
2019-06-28 09:45:30.000000000,100109,170,99990,170,100121,170,99936,170,100127,170,99926,170,100135,170,99911,170,100137,170,99906,170,100142,100,99885,100,100171,100,99839,100,100222,100,99825,100,100239,100,99811,100,100249,100,99765,100
2019-06-28 09:45:39.302426717,100109,170,99990,170,100121,170,99936,170,100127,170,99926,170,100135,170,99911,170,100137,170,99906,170,100142,100,99885,100,100171,100,99839,100,100222,100,99825,100,100239,100,99811,100,100249,100,99765,100
2019-06-28 09:45:40.000000000,100109,275,99990,275,100121,275,99936,275,100127,100,99926,100,100135,100,99911,100,100137,100,99906,100,100142,100,99885,100,100171,100,99839,100,100222,100,99825,100,100239,100,99811,100,100249,100,99765,100
2019-06-28 09:45:43.926914460,100109,275,100023,100,100121,275,99990,275,100127,100,99936,275,100135,100,99926,100,100137,100,99911,100,100142,100,99906,100,100171,100,99885,100,100222,100,99839,100,100239,100,99825,100,100249,100,99811,100
2019-06-28 09:45:50.000000000,100109,275,100023,275,100121,275,99990,275,100127,100,99936,100,100135,100,99926,100,100137,100,99911,100,100142,100,99906,100,100171,100,99885,100,100222,100,99839,100,100239,100,99825,100,100249,100,99811,100
2019-06-28 09:46:00.000000000,100109,170,100023,170,100121,170,99990,170,100127,170,99936,170,100135,170,99926,170,100137,170,99911,170,100142,100,99906,100,100171,100,99885,100,100222,100,99839,100,100239,100,99825,100,100249,100,99811,100
2019-06-28 09:46:00.066894757,100109,70,100023,170,100121,170,99990,170,100127,70,99936,170,100135,170,99926,170,100137,170,99911,170,100142,100,99906,100,100171,100,99885,100,100222,100,99839,100,100239,100,99825,100,100249,100,99811,100
2019-06-28 09:46:06.064540117,100121,170,100109,30,100127,70,100023,170,100135,170,99990,170,100137,170,99936,170,100142,100,99926,170,100171,100,99911,170,100222,100,99906,100,100239,100,99885,100,100249,100,99839,100,100251,100,99825,100
2019-06-28 09:46:10.000000000,100121,275,100109,205,100135,275,100023,275,100137,100,99990,100,100142,100,99936,100,100171,100,99926,100,100222,100,99911,100,100239,100,99906,100,100249,100,99885,100,100251,100,99839,100,100338,100,99825,100
2019-06-28 09:46:12.410977175,100121,275,100109,305,100135,275,100023,275,100137,100,99990,100,100142,100,99936,100,100171,100,99926,100,100222,100,99911,100,100239,100,99906,100,100249,100,99885,100,100251,100,99839,100,100338,100,99825,100
2019-06-28 09:46:20.000000000,100121,450,100109,480,100135,100,100023,100,100137,100,99990,100,100142,100,99936,100,100171,100,99926,100,100222,100,99911,100,100239,100,99906,100,100249,100,99885,100,100251,100,99839,100,100338,100,99825,100
2019-06-28 09:46:30.000000000,100121,450,100109,480,100135,100,100023,100,100137,100,99990,100,100142,100,99936,100,100171,100,99926,100,100222,100,99911,100,100239,100,99906,100,100249,100,99885,100,100251,100,99839,100,100338,100,99825,100
2019-06-28 09:46:40.000000000,100121,188,100109,218,100135,188,100023,188,100137,188,99990,188,100142,188,99936,188,100171,100,99926,100,100222,100,99911,100,100239,100,99906,100,100249,100,99885,100,100251,100,99839,100,100338,100,99825,100
2019-06-28 09:46:44.530003052,100121,188,100109,118,100135,188,100023,188,100137,188,99990,188,100142,188,99936,188,100171,100,99926,100,100222,100,99911,100,100239,100,99906,100,100249,100,99885,100,100251,100,99839,100,100338,100,99825,100
2019-06-28 09:46:50.000000000,100121,450,100109,380,100135,100,100023,100,100137,100,99990,100,100142,100,99936,100,100171,100,99926,100,100222,100,99911,100,100239,100,99906,100,100249,100,99885,100,100251,100,99839,100,100338,100,99825,100
2019-06-28 09:47:00.000000000,100121,219,100109,149,100135,216,100023,216,100137,216,99990,216,100142,100,99936,100,100171,100,99926,100,100222,100,99911,100,100239,100,99906,100,100249,100,99885,100,100251,100,99839,100,100338,100,99825,100
2019-06-28 09:47:10.000000000,100121,219,100109,149,100135,216,100023,216,100137,216,99990,216,100142,100,99936,100,100171,100,99926,100,100222,100,99911,100,100239,100,99906,100,100249,100,99885,100,100251,100,99839,100,100338,100,99825,100
2019-06-28 09:47:16.717868411,100121,219,100109,49,100135,216,100023,216,100137,216,99990,216,100142,100,99936,100,100171,100,99926,100,100222,100,99911,100,100239,100,99906,100,100249,100,99885,100,100251,100,99839,100,100378,100,99825,100
2019-06-28 09:47:20.000000000,100121,219,100023,219,100135,216,99990,216,100137,216,99936,216,100142,100,99926,100,100171,100,99911,100,100222,100,99906,100,100239,100,99885,100,100249,100,99839,100,100251,100,99825,100,100378,100,99811,100
2019-06-28 09:47:21.616680677,100121,219,100023,219,100135,216,99990,216,100137,216,99948,100,100142,100,99936,216,100171,100,99926,100,100222,100,99911,100,100239,100,99885,100,100249,100,99839,100,100251,100,99825,100,100378,100,99811,100
2019-06-28 09:47:30.000000000,100121,170,100023,170,100135,170,99990,170,100137,170,99948,170,100142,170,99936,170,100171,170,99926,170,100222,100,99911,100,100239,100,99885,100,100249,100,99839,100,100251,100,99825,100,100378,100,99811,100
2019-06-28 09:47:37.329608295,100121,170,100023,170,100135,170,99990,170,100137,170,99948,170,100142,170,99936,170,100168,100,99926,170,100171,170,99911,100,100222,100,99885,100,100239,100,99839,100,100249,100,99825,100,100251,100,99811,100
2019-06-28 09:47:40.000000000,100121,170,100023,170,100135,170,99990,170,100137,170,99948,170,100142,170,99936,170,100168,170,99926,170,100171,100,99911,100,100222,100,99885,100,100239,100,99839,100,100249,100,99825,100,100251,100,99811,100
2019-06-28 09:47:44.428919693,100121,170,100023,170,100130,100,99990,170,100135,170,99948,170,100137,170,99936,170,100142,170,99926,170,100168,170,99911,100,100171,100,99885,100,100222,100,99839,100,100239,100,99825,100,100249,100,99811,100
2019-06-28 09:47:45.076199573,100121,170,100110,100,100130,100,100023,170,100135,170,99990,170,100137,170,99948,170,100142,170,99936,170,100168,170,99926,170,100171,100,99911,100,100222,100,99885,100,100239,100,99839,100,100249,100,99825,100
2019-06-28 09:47:46.846598646,100121,170,100110,100,100130,100,100023,170,100135,170,99990,170,100137,170,99948,70,100142,170,99936,170,100168,170,99926,170,100171,100,99911,100,100213,100,99885,100,100222,100,99839,100,100239,100,99825,100
2019-06-28 09:47:50.000000000,100121,170,100110,170,100130,170,100023,170,100135,170,99990,170,100137,170,99936,170,100142,170,99926,170,100168,100,99911,100,100171,100,99885,100,100213,100,99839,100,100222,100,99825,100,100239,100,99811,100
2019-06-28 09:48:00.000000000,100121,275,100110,275,100130,275,100023,275,100135,100,99990,100,100137,100,99936,100,100142,100,99926,100,100168,100,99911,100,100171,100,99885,100,100213,100,99839,100,100222,100,99825,100,100239,100,99811,100
2019-06-28 09:48:05.102548623,100121,275,100110,275,100130,275,100023,275,100135,100,99990,100,100137,100,99936,100,100142,100,99926,100,100168,100,99911,100,100171,100,99885,100,100205,100,99839,100,100213,100,99825,100,100222,100,99811,100
2019-06-28 09:48:10.000000000,100121,275,100110,275,100130,275,100023,275,100135,100,99990,100,100137,100,99936,100,100142,100,99926,100,100168,100,99911,100,100171,100,99885,100,100205,100,99839,100,100213,100,99825,100,100222,100,99811,100
2019-06-28 09:48:20.000000000,100121,170,100110,170,100130,170,100023,170,100135,170,99990,170,100137,170,99936,170,100142,170,99926,170,100168,100,99911,100,100171,100,99885,100,100205,100,99839,100,100213,100,99825,100,100222,100,99811,100
2019-06-28 09:48:22.477199378,100121,170,100110,170,100130,170,100023,170,100135,170,99990,170,100137,170,99947,100,100142,170,99936,170,100168,100,99926,170,100171,100,99911,100,100205,100,99885,100,100213,100,99839,100,100222,100,99825,100
2019-06-28 09:48:30.000000000,100121,275,100110,275,100130,275,100023,275,100135,100,99990,100,100137,100,99947,100,100142,100,99936,100,100168,100,99926,100,100171,100,99911,100,100205,100,99885,100,100213,100,99839,100,100222,100,99825,100
2019-06-28 09:48:39.948066150,100121,275,100110,375,100130,275,100023,275,100135,100,99990,100,100137,100,99947,100,100142,100,99936,100,100168,100,99926,100,100171,100,99911,100,100205,100,99885,100,100213,100,99839,100,100222,100,99825,100
2019-06-28 09:48:40.000000000,100121,450,100110,550,100130,100,100023,100,100135,100,99990,100,100137,100,99947,100,100142,100,99936,100,100168,100,99926,100,100171,100,99911,100,100205,100,99885,100,100213,100,99839,100,100222,100,99825,100
2019-06-28 09:48:41.955774863,100121,450,100110,550,100130,100,100023,100,100135,100,99990,100,100137,100,99947,100,100142,100,99936,100,100168,100,99926,100,100171,100,99911,100,100205,100,99885,100,100213,100,99825,100,100222,100,99811,100
2019-06-28 09:48:42.488967389,100121,450,100110,450,100130,100,100023,100,100135,100,99990,100,100137,100,99947,100,100142,100,99936,100,100168,100,99926,100,100171,100,99911,100,100205,100,99885,100,100213,100,99825,100,100222,100,99811,100
2019-06-28 09:48:50.000000000,100121,450,100110,450,100130,100,100023,100,100135,100,99990,100,100137,100,99947,100,100142,100,99936,100,100168,100,99926,100,100171,100,99911,100,100205,100,99885,100,100213,100,99825,100,100222,100,99811,100
2019-06-28 09:49:00.000000000,100121,275,100110,275,100130,275,100023,275,100135,100,99990,100,100137,100,99947,100,100142,100,99936,100,100168,100,99926,100,100171,100,99911,100,100205,100,99885,100,100213,100,99825,100,100222,100,99811,100
2019-06-28 09:49:00.154096676,100121,275,100110,275,100130,275,100023,275,100135,100,99990,100,100137,100,99947,100,100142,100,99936,100,100168,100,99926,100,100171,100,99911,100,100182,100,99885,100,100205,100,99825,100,100213,100,99811,100
2019-06-28 09:49:10.000000000,100121,275,100110,275,100130,275,100023,275,100135,100,99990,100,100137,100,99947,100,100142,100,99936,100,100168,100,99926,100,100171,100,99911,100,100182,100,99885,100,100205,100,99825,100,100213,100,99811,100
2019-06-28 09:49:20.000000000,100121,219,100110,219,100130,216,100023,216,100135,216,99990,216,100137,100,99947,100,100142,100,99936,100,100168,100,99926,100,100171,100,99911,100,100182,100,99885,100,100205,100,99825,100,100213,100,99811,100
2019-06-28 09:49:26.435225670,100121,219,100110,219,100130,216,100023,216,100135,216,99990,216,100137,100,99947,100,100142,100,99936,100,100168,100,99926,100,100171,100,99911,100,100182,100,99885,100,100205,100,99825,100,100213,100,99811,100
2019-06-28 09:49:26.651683864,100121,219,100110,219,100130,216,100023,216,100135,216,99990,216,100137,100,99947,100,100142,100,99936,100,100168,100,99926,100,100171,100,99911,100,100182,100,99885,100,100205,100,99825,100,100213,100,99811,100
2019-06-28 09:49:30.000000000,100121,450,100110,450,100130,100,100023,100,100135,100,99990,100,100137,100,99947,100,100142,100,99936,100,100168,100,99926,100,100171,100,99911,100,100182,100,99885,100,100205,100,99825,100,100213,100,99811,100
2019-06-28 09:49:40.000000000,100121,275,100110,275,100130,275,100023,275,100135,100,99990,100,100137,100,99947,100,100142,100,99936,100,100168,100,99926,100,100171,100,99911,100,100182,100,99885,100,100205,100,99825,100,100213,100,99811,100
2019-06-28 09:49:46.757210967,100121,275,100110,275,100130,275,100023,275,100135,100,99990,100,100142,100,99947,100,100168,100,99936,100,100171,100,99926,100,100182,100,99911,100,100205,100,99885,100,100213,100,99825,100,100222,100,99811,100
2019-06-28 09:49:48.747759139,100121,275,100111,100,100130,275,100110,275,100135,100,100023,275,100142,100,99990,100,100168,100,99947,100,100171,100,99936,100,100182,100,99926,100,100205,100,99911,100,100213,100,99885,100,100222,100,99825,100
2019-06-28 09:49:50.000000000,100121,275,100111,275,100130,275,100110,275,100135,100,100023,100,100142,100,99990,100,100168,100,99947,100,100171,100,99936,100,100182,100,99926,100,100205,100,99911,100,100213,100,99885,100,100222,100,99825,100
2019-06-28 09:49:51.489230872,100121,175,100111,275,100130,275,100110,275,100135,100,100023,100,100142,100,99990,100,100168,100,99947,100,100171,100,99936,100,100182,100,99926,100,100205,100,99911,100,100213,100,99885,100,100222,100,99825,100
2019-06-28 09:49:57.162597869,100121,175,100111,275,100130,275,100110,275,100135,100,100023,100,100142,100,99990,100,100168,100,99947,100,100171,100,99936,100,100182,100,99926,100,100205,100,99911,100,100213,100,99885,100,100222,100,99811,100
2019-06-28 09:50:00.000000000,100130,275,100111,275,100135,275,100110,275,100142,100,100023,100,100168,100,99990,100,100171,100,99947,100,100182,100,99936,100,100205,100,99926,100,100213,100,99911,100,100222,100,99885,100,100239,100,99811,100
2019-06-28 09:50:10.000000000,100130,219,100111,219,100135,216,100110,216,100142,216,100023,216,100168,100,99990,100,100171,100,99947,100,100182,100,99936,100,100205,100,99926,100,100213,100,99911,100,100222,100,99885,100,100239,100,99811,100
2019-06-28 09:50:12.491599960,100130,219,100111,219,100135,216,100110,216,100142,216,100023,216,100168,100,99990,100,100171,100,99947,100,100182,100,99936,100,100205,100,99926,100,100213,100,99911,100,100222,100,99885,100,100239,100,99811,100
2019-06-28 09:50:20.000000000,100130,219,100111,219,100135,216,100110,216,100142,216,100023,216,100168,100,99990,100,100171,100,99947,100,100182,100,99936,100,100205,100,99926,100,100213,100,99911,100,100222,100,99885,100,100239,100,99811,100
2019-06-28 09:50:26.171730366,100130,119,100111,219,100135,216,100110,216,100142,216,100023,216,100168,100,99990,100,100171,100,99947,100,100182,100,99936,100,100205,100,99926,100,100213,100,99911,100,100222,100,99885,100,100239,100,99811,100
2019-06-28 09:50:30.000000000,100135,219,100111,219,100142,216,100110,216,100168,216,100023,216,100171,100,99990,100,100182,100,99947,100,100205,100,99936,100,100213,100,99926,100,100222,100,99911,100,100239,100,99885,100,100249,100,99811,100
2019-06-28 09:50:40.000000000,100135,219,100111,219,100142,216,100110,216,100168,216,100023,216,100171,100,99990,100,100182,100,99947,100,100205,100,99936,100,100213,100,99926,100,100222,100,99911,100,100239,100,99885,100,100249,100,99811,100
2019-06-28 09:50:44.955350076,100135,219,100111,219,100142,216,100110,216,100168,216,100023,216,100171,100,99990,100,100182,100,99947,100,100205,100,99936,100,100213,100,99926,100,100222,100,99911,100,100239,100,99885,100,100249,100,99811,100
2019-06-28 09:50:45.268952636,100135,219,100111,219,100142,216,100110,216,100168,216,100023,216,100171,100,99990,100,100182,100,99947,100,100205,100,99936,100,100213,100,99926,100,100239,100,99911,100,100249,100,99885,100,100251,100,99811,100
2019-06-28 09:50:50.000000000,100135,450,100111,450,100142,100,100110,100,100168,100,100023,100,100171,100,99990,100,100182,100,99947,100,100205,100,99936,100,100213,100,99926,100,100239,100,99911,100,100249,100,99885,100,100251,100,99811,100
2019-06-28 09:51:00.000000000,100135,188,100111,188,100142,188,100110,188,100168,188,100023,188,100171,188,99990,188,100182,100,99947,100,100205,100,99936,100,100213,100,99926,100,100239,100,99911,100,100249,100,99885,100,100251,100,99811,100
2019-06-28 09:51:03.661444939,100135,188,100111,188,100142,188,100110,188,100168,188,100023,188,100171,188,99990,188,100182,100,99947,100,100205,100,99936,100,100213,100,99926,100,100239,100,99911,100,100249,100,99885,100,100251,100,99811,100
2019-06-28 09:51:10.000000000,100135,188,100111,188,100142,188,100110,188,100168,188,100023,188,100171,188,99990,188,100182,100,99947,100,100205,100,99936,100,100213,100,99926,100,100239,100,99911,100,100249,100,99885,100,100251,100,99811,100
2019-06-28 09:51:20.000000000,100135,170,100111,170,100142,170,100110,170,100168,170,100023,170,100171,170,99990,170,100182,170,99947,170,100205,100,99936,100,100213,100,99926,100,100239,100,99911,100,100249,100,99885,100,100251,100,99811,100
2019-06-28 09:51:30.000000000,100135,188,100111,188,100142,188,100110,188,100168,188,100023,188,100171,188,99990,188,100182,100,99947,100,100205,100,99936,100,100213,100,99926,100,100239,100,99911,100,100249,100,99885,100,100251,100,99811,100
2019-06-28 09:51:40.000000000,100135,170,100111,170,100142,170,100110,170,100168,170,100023,170,100171,170,99990,170,100182,170,99947,170,100205,100,99936,100,100213,100,99926,100,100239,100,99911,100,100249,100,99885,100,100251,100,99811,100
2019-06-28 09:51:41.957473899,100135,70,100111,170,100142,170,100110,170,100168,170,100023,170,100171,170,99990,170,100182,170,99947,170,100205,100,99936,100,100213,100,99926,100,100239,100,99911,100,100249,100,99885,100,100363,100,99811,100
2019-06-28 09:51:49.128320640,100135,70,100111,170,100142,170,100110,170,100168,170,100023,170,100171,170,99990,170,100182,170,99947,170,100205,100,99936,100,100213,100,99926,100,100239,100,99911,100,100249,100,99885,100,100363,100,99811,100
2019-06-28 09:51:50.000000000,100142,275,100111,275,100168,275,100110,275,100171,100,100023,100,100182,100,99990,100,100205,100,99947,100,100213,100,99936,100,100239,100,99926,100,100249,100,99911,100,100363,100,99885,100,100377,100,99811,100
2019-06-28 09:51:56.643873950,100142,275,100111,275,100168,275,100110,275,100171,100,100023,100,100182,100,99990,100,100205,100,99947,100,100239,100,99936,100,100249,100,99926,100,100362,100,99911,100,100363,100,99885,100,100377,100,99811,100
2019-06-28 09:52:00.000000000,100142,450,100111,450,100168,100,100110,100,100171,100,100023,100,100182,100,99990,100,100205,100,99947,100,100239,100,99936,100,100249,100,99926,100,100362,100,99911,100,100363,100,99885,100,100377,100,99811,100
2019-06-28 09:52:10.000000000,100142,170,100111,170,100168,170,100110,170,100171,170,100023,170,100182,170,99990,170,100205,170,99947,170,100239,100,99936,100,100249,100,99926,100,100362,100,99911,100,100363,100,99885,100,100377,100,99811,100
2019-06-28 09:52:12.398928783,100142,170,100130,100,100168,170,100111,170,100171,170,100110,170,100182,170,100023,170,100205,170,99990,170,100239,100,99947,170,100249,100,99936,100,100362,100,99926,100,100363,100,99911,100,100377,100,99885,100
2019-06-28 09:52:15.154201561,100142,70,100130,100,100168,170,100111,170,100171,170,100110,170,100182,170,100023,170,100205,170,99990,170,100239,100,99947,170,100249,100,99936,100,100362,100,99926,100,100363,100,99911,100,100377,100,99885,100
2019-06-28 09:52:20.000000000,100168,188,100130,188,100171,188,100111,188,100182,188,100110,188,100205,188,100023,188,100239,100,99990,100,100249,100,99947,100,100362,100,99936,100,100363,100,99926,100,100377,100,99911,100,100378,100,99885,100
2019-06-28 09:52:29.241590902,100168,188,100159,100,100171,188,100130,188,100182,188,100111,188,100205,188,100110,188,100239,100,100023,188,100249,100,99990,100,100362,100,99947,100,100363,100,99936,100,100377,100,99926,100,100378,100,99911,100
2019-06-28 09:52:30.000000000,100168,275,100159,275,100171,275,100130,275,100182,100,100111,100,100205,100,100110,100,100239,100,100023,100,100249,100,99990,100,100362,100,99947,100,100363,100,99936,100,100377,100,99926,100,100378,100,99911,100
2019-06-28 09:52:40.000000000,100168,450,100159,450,100171,100,100130,100,100182,100,100111,100,100205,100,100110,100,100239,100,100023,100,100249,100,99990,100,100362,100,99947,100,100363,100,99936,100,100377,100,99926,100,100378,100,99911,100
2019-06-28 09:52:50.000000000,100168,219,100159,219,100171,216,100130,216,100182,216,100111,216,100205,100,100110,100,100239,100,100023,100,100249,100,99990,100,100362,100,99947,100,100363,100,99936,100,100377,100,99926,100,100378,100,99911,100
2019-06-28 09:52:50.376146078,100168,219,100159,119,100171,216,100130,216,100182,216,100111,216,100205,100,100110,100,100239,100,100023,100,100249,100,99990,100,100362,100,99947,100,100363,100,99936,100,100377,100,99926,100,100378,100,99911,100
2019-06-28 09:52:52.268023954,100168,219,100159,119,100171,216,100130,216,100182,216,100111,216,100205,100,100110,100,100239,100,100046,100,100249,100,100023,100,100362,100,99990,100,100363,100,99947,100,100377,100,99936,100,100378,100,99926,100
2019-06-28 09:53:00.000000000,100168,275,100130,275,100171,275,100111,275,100182,100,100110,100,100205,100,100046,100,100239,100,100023,100,100249,100,99990,100,100362,100,99947,100,100363,100,99936,100,100377,100,99926,100,100378,100,99885,100
2019-06-28 09:53:10.000000000,100168,275,100130,275,100171,275,100111,275,100182,100,100110,100,100205,100,100046,100,100239,100,100023,100,100249,100,99990,100,100362,100,99947,100,100363,100,99936,100,100377,100,99926,100,100378,100,99885,100
2019-06-28 09:53:11.606658944,100168,275,100130,275,100171,275,100111,275,100182,100,100110,100,100205,100,100046,100,100239,100,100023,100,100249,100,99990,100,100362,100,99947,100,100363,100,99936,100,100377,100,99926,100,100378,100,99885,100
2019-06-28 09:53:15.958598560,100168,275,100130,275,100171,275,100111,275,100182,100,100110,100,100205,100,100046,100,100237,100,100023,100,100239,100,99990,100,100249,100,99947,100,100362,100,99936,100,100363,100,99926,100,100378,100,99885,100
2019-06-28 09:53:20.000000000,100168,219,100130,219,100171,216,100111,216,100182,216,100110,216,100205,100,100046,100,100237,100,100023,100,100239,100,99990,100,100249,100,99947,100,100362,100,99936,100,100363,100,99926,100,100378,100,99885,100
2019-06-28 09:53:30.000000000,100168,170,100130,170,100171,170,100111,170,100182,170,100110,170,100205,170,100046,170,100237,170,100023,170,100239,100,99990,100,100249,100,99947,100,100362,100,99936,100,100363,100,99926,100,100378,100,99885,100
2019-06-28 09:53:40.000000000,100168,275,100130,275,100171,275,100111,275,100182,100,100110,100,100205,100,100046,100,100237,100,100023,100,100239,100,99990,100,100249,100,99947,100,100362,100,99936,100,100363,100,99926,100,100378,100,99885,100
2019-06-28 09:53:50.000000000,100168,188,100130,188,100171,188,100111,188,100182,188,100110,188,100205,188,100046,188,100237,100,100023,100,100239,100,99990,100,100249,100,99947,100,100362,100,99936,100,100363,100,99926,100,100378,100,99885,100
2019-06-28 09:54:00.000000000,100168,450,100130,450,100171,100,100111,100,100182,100,100110,100,100205,100,100046,100,100237,100,100023,100,100239,100,99990,100,100249,100,99947,100,100362,100,99936,100,100363,100,99926,100,100378,100,99885,100
2019-06-28 09:54:10.000000000,100168,219,100130,219,100171,216,100111,216,100182,216,100110,216,100205,100,100046,100,100237,100,100023,100,100239,100,99990,100,100249,100,99947,100,100362,100,99936,100,100363,100,99926,100,100378,100,99885,100
2019-06-28 09:54:20.000000000,100168,275,100130,275,100171,275,100111,275,100182,100,100110,100,100205,100,100046,100,100237,100,100023,100,100239,100,99990,100,100249,100,99947,100,100362,100,99936,100,100363,100,99926,100,100378,100,99885,100
2019-06-28 09:54:30.000000000,100168,170,100130,170,100171,170,100111,170,100182,170,100110,170,100205,170,100046,170,100237,170,100023,170,100239,100,99990,100,100249,100,99947,100,100362,100,99936,100,100363,100,99926,100,100378,100,99885,100
2019-06-28 09:54:33.935210749,100168,170,100130,170,100171,170,100111,170,100182,170,100110,170,100205,170,100046,170,100237,170,100023,170,100239,100,99990,100,100249,100,99947,100,100362,100,99936,100,100363,100,99926,100,100378,100,99885,100
2019-06-28 09:54:36.696048294,100141,100,100130,170,100168,170,100111,170,100171,170,100110,170,100182,170,100046,170,100205,170,100023,170,100237,170,99990,100,100239,100,99947,100,100249,100,99936,100,100362,100,99926,100,100363,100,99885,100
2019-06-28 09:54:40.000000000,100141,188,100130,188,100168,188,100111,188,100171,188,100110,188,100182,188,100046,188,100205,100,100023,100,100237,100,99990,100,100239,100,99947,100,100249,100,99936,100,100362,100,99926,100,100363,100,99885,100
2019-06-28 09:54:40.659580417,100141,188,100130,88,100168,188,100111,188,100171,188,100110,188,100182,88,100046,188,100205,100,100023,100,100237,100,99990,100,100239,100,99947,100,100249,100,99936,100,100362,100,99926,100,100363,100,99885,100
2019-06-28 09:54:50.000000000,100141,219,100111,219,100168,216,100110,216,100171,216,100046,216,100205,100,100023,100,100237,100,99990,100,100239,100,99947,100,100249,100,99936,100,100362,100,99926,100,100363,100,99885,100,100378,100,99811,100
2019-06-28 09:54:53.615042297,100141,219,100111,119,100168,216,100110,216,100171,216,100046,216,100205,100,100023,100,100237,100,99990,100,100239,100,99947,100,100249,100,99936,100,100362,100,99926,100,100363,100,99885,100,100378,100,99811,100
2019-06-28 09:55:00.000000000,100141,188,100110,188,100168,188,100046,188,100171,188,100023,188,100205,188,99990,188,100237,100,99947,100,100239,100,99936,100,100249,100,99926,100,100362,100,99885,100,100363,100,99811,100,100378,100,99735,100
2019-06-28 09:55:02.571539510,100130,100,100110,188,100141,188,100046,188,100168,188,100023,188,100171,188,99990,188,100205,188,99947,100,100237,100,99936,100,100239,100,99926,100,100249,100,99885,100,100362,100,99811,100,100363,100,99735,100
2019-06-28 09:55:05.403703490,100130,200,100110,188,100141,188,100046,188,100168,188,100023,188,100171,188,99990,188,100205,188,99947,100,100237,100,99936,100,100239,100,99926,100,100249,100,99885,100,100362,100,99811,100,100363,100,99735,100
2019-06-28 09:55:06.080374663,100130,200,100110,188,100141,188,100046,188,100168,188,100023,188,100171,188,99990,188,100205,188,99947,100,100237,100,99936,100,100239,100,99926,100,100249,100,99885,100,100362,100,99811,100,100363,100,99735,100
2019-06-28 09:55:10.000000000,100130,270,100110,170,100141,170,100046,170,100168,170,100023,170,100171,170,99990,170,100205,170,99947,170,100237,100,99936,100,100239,100,99926,100,100249,100,99885,100,100362,100,99811,100,100363,100,99735,100
2019-06-28 09:55:20.000000000,100130,319,100110,219,100141,216,100046,216,100168,216,100023,216,100171,100,99990,100,100205,100,99947,100,100237,100,99936,100,100239,100,99926,100,100249,100,99885,100,100362,100,99811,100,100363,100,99735,100
2019-06-28 09:55:28.073813260,100130,319,100110,219,100141,216,100046,216,100168,216,100023,216,100171,100,99990,100,100205,100,99947,100,100237,100,99936,100,100239,100,99926,100,100249,100,99885,100,100362,100,99811,100,100363,100,99735,100
2019-06-28 09:55:30.000000000,100130,319,100110,219,100141,216,100046,216,100168,216,100023,216,100171,100,99990,100,100205,100,99947,100,100237,100,99936,100,100239,100,99926,100,100249,100,99885,100,100362,100,99811,100,100363,100,99735,100
2019-06-28 09:55:38.280442808,100130,319,100110,219,100141,216,100046,216,100168,216,100023,216,100171,100,99990,100,100205,100,99947,100,100237,100,99936,100,100239,100,99926,100,100249,100,99885,100,100362,100,99811,100,100363,100,99735,100
2019-06-28 09:55:38.804551852,100130,419,100110,219,100141,216,100046,216,100168,216,100023,216,100171,100,99990,100,100205,100,99947,100,100237,100,99936,100,100239,100,99926,100,100249,100,99885,100,100362,100,99811,100,100363,100,99735,100
2019-06-28 09:55:40.000000000,100130,650,100110,450,100141,100,100046,100,100168,100,100023,100,100171,100,99990,100,100205,100,99947,100,100237,100,99936,100,100239,100,99926,100,100249,100,99885,100,100362,100,99811,100,100363,100,99735,100
2019-06-28 09:55:50.000000000,100130,475,100110,275,100141,275,100046,275,100168,100,100023,100,100171,100,99990,100,100205,100,99947,100,100237,100,99936,100,100239,100,99926,100,100249,100,99885,100,100362,100,99811,100,100363,100,99735,100
2019-06-28 09:56:00.000000000,100130,388,100110,188,100141,188,100046,188,100168,188,100023,188,100171,188,99990,188,100205,100,99947,100,100237,100,99936,100,100239,100,99926,100,100249,100,99885,100,100362,100,99811,100,100363,100,99735,100
2019-06-28 09:56:05.502477312,100130,388,100110,88,100141,188,100046,188,100168,188,100023,188,100171,188,99990,188,100205,100,99947,100,100237,100,99936,100,100239,100,99926,100,100249,100,99885,100,100362,100,99811,100,100363,100,99735,100
2019-06-28 09:56:08.695817160,100110,12,100046,188,100130,388,100023,188,100141,188,99990,188,100168,188,99947,100,100171,188,99936,100,100205,100,99926,100,100237,100,99885,100,100239,100,99811,100,100249,100,99735,100,100362,100,99712,100
2019-06-28 09:56:10.000000000,100110,187,100046,275,100130,475,100023,275,100141,100,99990,100,100168,100,99947,100,100171,100,99936,100,100205,100,99926,100,100237,100,99885,100,100239,100,99811,100,100249,100,99735,100,100362,100,99712,100
2019-06-28 09:56:14.063434039,100110,187,100046,275,100130,475,100023,275,100141,100,99990,100,100168,100,99947,100,100171,100,99936,100,100205,100,99885,100,100237,100,99811,100,100239,100,99735,100,100249,100,99712,100,100362,100,99707,100
2019-06-28 09:56:14.271803246,100110,187,100046,275,100130,475,100023,275,100141,100,99990,100,100171,100,99947,100,100205,100,99936,100,100237,100,99885,100,100239,100,99811,100,100249,100,99735,100,100362,100,99712,100,100363,100,99707,100
2019-06-28 09:56:20.000000000,100110,362,100046,450,100130,300,100023,100,100141,100,99990,100,100171,100,99947,100,100205,100,99936,100,100237,100,99885,100,100239,100,99811,100,100249,100,99735,100,100362,100,99712,100,100363,100,99707,100
2019-06-28 09:56:28.157166124,100110,362,100046,450,100130,300,100023,100,100141,100,99990,100,100171,100,99947,100,100205,100,99936,100,100237,100,99885,100,100239,100,99811,100,100249,100,99735,100,100362,100,99712,100,100363,100,99707,100
2019-06-28 09:56:30.000000000,100110,100,100046,188,100130,388,100023,188,100141,188,99990,188,100171,188,99947,188,100205,100,99936,100,100237,100,99885,100,100239,100,99811,100,100249,100,99735,100,100362,100,99712,100,100363,100,99707,100
2019-06-28 09:56:32.016319200,100110,100,100046,188,100130,388,100023,188,100141,188,99990,188,100171,188,99947,188,100205,100,99936,100,100237,100,99885,100,100239,100,99811,100,100249,100,99735,100,100362,100,99712,100,100363,100,99707,100
2019-06-28 09:56:40.000000000,100110,362,100046,450,100130,300,100023,100,100141,100,99990,100,100171,100,99947,100,100205,100,99936,100,100237,100,99885,100,100239,100,99811,100,100249,100,99735,100,100362,100,99712,100,100363,100,99707,100
2019-06-28 09:56:50.000000000,100110,187,100046,275,100130,475,100023,275,100141,100,99990,100,100171,100,99947,100,100205,100,99936,100,100237,100,99885,100,100239,100,99811,100,100249,100,99735,100,100362,100,99712,100,100363,100,99707,100
2019-06-28 09:56:53.739590200,100110,287,100046,275,100130,475,100023,275,100141,100,99990,100,100171,100,99947,100,100205,100,99936,100,100237,100,99885,100,100239,100,99811,100,100249,100,99735,100,100362,100,99712,100,100363,100,99707,100
2019-06-28 09:57:00.000000000,100110,231,100046,219,100130,416,100023,216,100141,216,99990,216,100171,100,99947,100,100205,100,99936,100,100237,100,99885,100,100239,100,99811,100,100249,100,99735,100,100362,100,99712,100,100363,100,99707,100
2019-06-28 09:57:10.000000000,100110,231,100046,219,100130,416,100023,216,100141,216,99990,216,100171,100,99947,100,100205,100,99936,100,100237,100,99885,100,100239,100,99811,100,100249,100,99735,100,100362,100,99712,100,100363,100,99707,100
2019-06-28 09:57:20.000000000,100110,462,100046,450,100130,300,100023,100,100141,100,99990,100,100171,100,99947,100,100205,100,99936,100,100237,100,99885,100,100239,100,99811,100,100249,100,99735,100,100362,100,99712,100,100363,100,99707,100
2019-06-28 09:57:30.000000000,100110,200,100046,188,100130,388,100023,188,100141,188,99990,188,100171,188,99947,188,100205,100,99936,100,100237,100,99885,100,100239,100,99811,100,100249,100,99735,100,100362,100,99712,100,100363,100,99707,100
2019-06-28 09:57:36.454090847,100110,200,100046,188,100130,388,100023,188,100141,188,99990,188,100171,188,99947,188,100205,100,99936,100,100237,100,99885,100,100239,100,99811,100,100249,100,99735,100,100362,100,99712,100,100363,100,99707,100
2019-06-28 09:57:40.000000000,100110,287,100046,275,100130,475,100023,275,100141,100,99990,100,100171,100,99947,100,100205,100,99936,100,100237,100,99885,100,100239,100,99811,100,100249,100,99735,100,100362,100,99712,100,100363,100,99707,100
2019-06-28 09:57:50.000000000,100110,462,100046,450,100130,300,100023,100,100141,100,99990,100,100171,100,99947,100,100205,100,99936,100,100237,100,99885,100,100239,100,99811,100,100249,100,99735,100,100362,100,99712,100,100363,100,99707,100
2019-06-28 09:57:51.931891507,100110,462,100046,350,100130,300,100023,100,100141,100,99990,100,100171,100,99947,100,100205,100,99936,100,100237,100,99885,100,100239,100,99811,100,100249,100,99735,100,100362,100,99712,100,100386,100,99707,100
2019-06-28 09:57:53.960385130,100110,462,100046,250,100130,300,100023,100,100141,100,99990,100,100171,100,99947,100,100205,100,99936,100,100237,100,99885,100,100239,100,99811,100,100249,100,99735,100,100362,100,99712,100,100386,100,99707,100
2019-06-28 09:58:00.000000000,100110,287,100023,275,100130,475,99990,275,100141,100,99947,100,100171,100,99936,100,100205,100,99885,100,100237,100,99811,100,100239,100,99735,100,100249,100,99712,100,100362,100,99707,100,100386,100,99356,100
2019-06-28 09:58:10.000000000,100110,182,100023,170,100130,370,99990,170,100141,170,99947,170,100171,170,99936,170,100205,170,99885,170,100237,100,99811,100,100239,100,99735,100,100249,100,99712,100,100362,100,99707,100,100386,100,99356,100
2019-06-28 09:58:20.000000000,100110,182,100023,170,100130,370,99990,170,100141,170,99947,170,100171,170,99936,170,100205,170,99885,170,100237,100,99811,100,100239,100,99735,100,100249,100,99712,100,100362,100,99707,100,100386,100,99356,100
2019-06-28 09:58:22.009993872,100110,182,100023,170,100130,370,99990,170,100141,170,99947,170,100171,170,99936,170,100205,170,99885,170,100237,100,99811,100,100239,100,99735,100,100249,100,99712,100,100362,100,99707,100,100386,100,99576,100
2019-06-28 09:58:30.000000000,100110,231,100023,219,100130,416,99990,216,100141,216,99947,216,100171,100,99936,100,100205,100,99885,100,100237,100,99811,100,100239,100,99735,100,100249,100,99712,100,100362,100,99707,100,100386,100,99576,100
2019-06-28 09:58:40.000000000,100110,462,100023,450,100130,300,99990,100,100141,100,99947,100,100171,100,99936,100,100205,100,99885,100,100237,100,99811,100,100239,100,99735,100,100249,100,99712,100,100362,100,99707,100,100386,100,99576,100
2019-06-28 09:58:42.062866132,100046,100,100023,450,100110,462,99990,100,100130,300,99947,100,100171,100,99936,100,100205,100,99885,100,100237,100,99811,100,100239,100,99735,100,100249,100,99712,100,100362,100,99707,100,100386,100,99576,100
2019-06-28 09:58:43.118046579,100046,100,100023,450,100110,462,99990,100,100130,200,99947,100,100171,100,99936,100,100205,100,99885,100,100237,100,99811,100,100239,100,99735,100,100249,100,99712,100,100362,100,99707,100,100386,100,99576,100
2019-06-28 09:58:50.000000000,100046,170,100023,170,100110,182,99990,170,100130,270,99947,170,100171,170,99936,170,100205,170,99885,170,100237,100,99811,100,100239,100,99735,100,100249,100,99712,100,100362,100,99707,100,100386,100,99576,100
2019-06-28 09:58:55.810860988,100046,170,100023,170,100110,182,99990,170,100130,270,99947,170,100171,170,99936,170,100205,170,99885,170,100237,100,99811,100,100239,100,99735,100,100249,100,99712,100,100362,100,99707,100,100386,100,99678,100
2019-06-28 09:59:00.000000000,100046,188,100023,188,100110,200,99990,188,100130,288,99947,188,100171,188,99936,188,100205,100,99885,100,100237,100,99811,100,100239,100,99735,100,100249,100,99712,100,100362,100,99707,100,100386,100,99678,100
2019-06-28 09:59:10.000000000,100046,188,100023,188,100110,200,99990,188,100130,288,99947,188,100171,188,99936,188,100205,100,99885,100,100237,100,99811,100,100239,100,99735,100,100249,100,99712,100,100362,100,99707,100,100386,100,99678,100
2019-06-28 09:59:10.114671117,100046,188,100023,188,100110,200,99990,188,100130,288,99947,188,100171,188,99936,188,100205,100,99885,100,100237,100,99811,100,100239,100,99735,100,100249,100,99712,100,100362,100,99707,100,100386,100,99678,100
2019-06-28 09:59:20.000000000,100046,219,100023,219,100110,228,99990,216,100130,316,99947,216,100171,100,99936,100,100205,100,99885,100,100237,100,99811,100,100239,100,99735,100,100249,100,99712,100,100362,100,99707,100,100386,100,99678,100
2019-06-28 09:59:30.000000000,100046,275,100023,275,100110,287,99990,275,100130,200,99947,100,100171,100,99936,100,100205,100,99885,100,100237,100,99811,100,100239,100,99735,100,100249,100,99712,100,100362,100,99707,100,100386,100,99678,100
2019-06-28 09:59:40.000000000,100046,219,100023,219,100110,228,99990,216,100130,316,99947,216,100171,100,99936,100,100205,100,99885,100,100237,100,99811,100,100239,100,99735,100,100249,100,99712,100,100362,100,99707,100,100386,100,99678,100
2019-06-28 09:59:45.492393247,100046,219,100023,219,100110,228,99990,216,100130,316,99947,216,100171,100,99936,100,100205,100,99885,100,100237,100,99811,100,100239,100,99735,100,100249,100,99712,100,100362,100,99707,100,100386,100,99678,100
2019-06-28 09:59:50.000000000,100046,188,100023,188,100110,200,99990,188,100130,288,99947,188,100171,188,99936,188,100205,100,99885,100,100237,100,99811,100,100239,100,99735,100,100249,100,99712,100,100362,100,99707,100,100386,100,99678,100
2019-06-28 09:59:52.553055375,100046,188,100023,188,100110,200,99990,188,100130,288,99947,188,100171,188,99936,188,100205,100,99885,100,100237,100,99811,100,100239,100,99735,100,100249,100,99712,100,100362,100,99707,100,100386,100,99678,100
2019-06-28 09:59:59.281646212,100046,188,100023,188,100110,200,99990,188,100130,288,99953,100,100171,188,99947,188,100205,100,99936,188,100237,100,99885,100,100239,100,99811,100,100249,100,99735,100,100362,100,99712,100,100386,100,99707,100
2019-06-28 10:00:00.000000000,100046,450,100023,450,100110,112,99990,100,100130,200,99953,100,100171,100,99947,100,100205,100,99936,100,100237,100,99885,100,100239,100,99811,100,100249,100,99735,100,100362,100,99712,100,100386,100,99707,100
2019-06-28 10:00:10.000000000,100046,219,100023,219,100110,228,99990,216,100130,316,99953,216,100171,100,99947,100,100205,100,99936,100,100237,100,99885,100,100239,100,99811,100,100249,100,99735,100,100362,100,99712,100,100386,100,99707,100
2019-06-28 10:00:13.658509492,100046,219,100023,219,100110,228,99990,216,100130,316,99953,216,100171,100,99947,100,100205,100,99936,100,100237,100,99885,100,100239,100,99811,100,100249,100,99735,100,100362,100,99712,100,100386,100,99707,100
2019-06-28 10:00:20.000000000,100046,170,100023,170,100110,182,99990,170,100130,270,99953,170,100171,170,99947,170,100205,170,99936,170,100237,100,99885,100,100239,100,99811,100,100249,100,99735,100,100362,100,99712,100,100386,100,99707,100
2019-06-28 10:00:25.965628106,100046,270,100023,170,100110,182,99990,170,100130,170,99953,170,100171,170,99947,170,100205,170,99936,170,100237,100,99885,100,100239,100,99811,100,100249,100,99735,100,100362,100,99712,100,100386,100,99707,100
2019-06-28 10:00:30.000000000,100046,288,100023,188,100110,200,99990,188,100130,188,99953,188,100171,188,99947,188,100205,100,99936,100,100237,100,99885,100,100239,100,99811,100,100249,100,99735,100,100362,100,99712,100,100386,100,99707,100
2019-06-28 10:00:40.000000000,100046,319,100023,219,100110,228,99990,216,100130,216,99953,216,100171,100,99947,100,100205,100,99936,100,100237,100,99885,100,100239,100,99811,100,100249,100,99735,100,100362,100,99712,100,100386,100,99707,100
2019-06-28 10:00:41.018493943,100046,319,100023,219,100052,100,99990,216,100110,228,99953,216,100130,216,99947,100,100171,100,99936,100,100205,100,99885,100,100237,100,99811,100,100239,100,99735,100,100249,100,99712,100,100362,100,99707,100
2019-06-28 10:00:50.000000000,100046,319,100023,219,100052,216,99990,216,100110,228,99953,216,100130,100,99947,100,100171,100,99936,100,100205,100,99885,100,100237,100,99811,100,100239,100,99735,100,100249,100,99712,100,100362,100,99707,100
2019-06-28 10:00:53.359490470,100046,319,100023,219,100052,216,99990,216,100110,228,99953,216,100130,100,99947,100,100171,100,99936,100,100205,100,99885,100,100237,100,99811,100,100239,100,99735,100,100249,100,99712,100,100362,100,99707,100
2019-06-28 10:00:59.204880292,100046,419,100023,219,100052,216,99990,216,100110,228,99953,216,100130,100,99947,100,100171,100,99936,100,100205,100,99885,100,100237,100,99811,100,100239,100,99735,100,100249,100,99712,100,100362,100,99707,100
2019-06-28 10:01:00.000000000,100046,475,100023,275,100052,275,99990,275,100110,112,99953,100,100130,100,99947,100,100171,100,99936,100,100205,100,99885,100,100237,100,99811,100,100239,100,99735,100,100249,100,99712,100,100362,100,99707,100
2019-06-28 10:01:03.830255390,100046,475,100023,275,100049,100,99990,275,100052,275,99953,100,100110,112,99947,100,100130,100,99936,100,100171,100,99885,100,100205,100,99811,100,100237,100,99735,100,100249,100,99712,100,100362,100,99707,100
2019-06-28 10:01:06.261181093,100046,575,100023,275,100049,100,99990,275,100052,275,99953,100,100110,112,99947,100,100130,100,99936,100,100171,100,99885,100,100205,100,99811,100,100237,100,99735,100,100249,100,99712,100,100362,100,99707,100
2019-06-28 10:01:10.000000000,100046,519,100023,219,100049,216,99990,216,100052,216,99953,216,100110,112,99947,100,100130,100,99936,100,100171,100,99885,100,100205,100,99811,100,100237,100,99735,100,100249,100,99712,100,100362,100,99707,100
2019-06-28 10:01:10.983137897,100046,519,100023,219,100049,216,99990,216,100052,216,99967,100,100110,112,99953,216,100130,100,99947,100,100171,100,99936,100,100205,100,99885,100,100237,100,99811,100,100249,100,99735,100,100362,100,99712,100
2019-06-28 10:01:15.765548278,100046,519,100023,219,100047,100,99990,216,100049,216,99967,100,100052,216,99953,216,100110,112,99947,100,100130,100,99936,100,100171,100,99885,100,100205,100,99811,100,100237,100,99735,100,100249,100,99712,100
2019-06-28 10:01:20.000000000,100046,488,100023,188,100047,188,99990,188,100049,188,99967,188,100052,188,99953,188,100110,112,99947,100,100130,100,99936,100,100171,100,99885,100,100205,100,99811,100,100237,100,99735,100,100249,100,99712,100
2019-06-28 10:01:30.000000000,100046,750,100023,450,100047,100,99990,100,100049,100,99967,100,100052,100,99953,100,100110,112,99947,100,100130,100,99936,100,100171,100,99885,100,100205,100,99811,100,100237,100,99735,100,100249,100,99712,100
2019-06-28 10:01:36.216341347,100046,650,100023,450,100047,100,99990,100,100049,100,99967,100,100052,100,99953,100,100110,112,99947,100,100130,100,99936,100,100171,100,99885,100,100237,100,99811,100,100249,100,99735,100,100362,100,99712,100
2019-06-28 10:01:39.435935687,100046,550,100023,450,100047,100,99990,100,100049,100,99967,100,100052,100,99953,100,100110,112,99947,100,100130,100,99936,100,100171,100,99885,100,100237,100,99811,100,100249,100,99735,100,100362,100,99712,100
2019-06-28 10:01:40.000000000,100046,319,100023,219,100047,216,99990,216,100049,216,99967,216,100052,100,99953,100,100110,112,99947,100,100130,100,99936,100,100171,100,99885,100,100237,100,99811,100,100249,100,99735,100,100362,100,99712,100
2019-06-28 10:01:50.000000000,100046,288,100023,188,100047,188,99990,188,100049,188,99967,188,100052,188,99953,188,100110,112,99947,100,100130,100,99936,100,100171,100,99885,100,100237,100,99811,100,100249,100,99735,100,100362,100,99712,100
2019-06-28 10:02:00.000000000,100046,319,100023,219,100047,216,99990,216,100049,216,99967,216,100052,100,99953,100,100110,112,99947,100,100130,100,99936,100,100171,100,99885,100,100237,100,99811,100,100249,100,99735,100,100362,100,99712,100
2019-06-28 10:02:10.000000000,100046,288,100023,188,100047,188,99990,188,100049,188,99967,188,100052,188,99953,188,100110,112,99947,100,100130,100,99936,100,100171,100,99885,100,100237,100,99811,100,100249,100,99735,100,100362,100,99712,100
2019-06-28 10:02:20.000000000,100046,270,100023,170,100047,170,99990,170,100049,170,99967,170,100052,170,99953,170,100110,182,99947,170,100130,100,99936,100,100171,100,99885,100,100237,100,99811,100,100249,100,99735,100,100362,100,99712,100
2019-06-28 10:02:30.000000000,100046,550,100023,450,100047,100,99990,100,100049,100,99967,100,100052,100,99953,100,100110,112,99947,100,100130,100,99936,100,100171,100,99885,100,100237,100,99811,100,100249,100,99735,100,100362,100,99712,100
2019-06-28 10:02:40.000000000,100046,550,100023,450,100047,100,99990,100,100049,100,99967,100,100052,100,99953,100,100110,112,99947,100,100130,100,99936,100,100171,100,99885,100,100237,100,99811,100,100249,100,99735,100,100362,100,99712,100
2019-06-28 10:02:50.000000000,100046,270,100023,170,100047,170,99990,170,100049,170,99967,170,100052,170,99953,170,100110,182,99947,170,100130,100,99936,100,100171,100,99885,100,100237,100,99811,100,100249,100,99735,100,100362,100,99712,100
2019-06-28 10:02:53.397692171,100046,170,100023,170,100047,170,99990,170,100049,170,99967,170,100052,170,99953,170,100110,182,99947,170,100130,100,99936,100,100171,100,99885,100,100237,100,99735,100,100249,100,99712,100,100362,100,99707,100
2019-06-28 10:03:00.000000000,100046,188,100023,188,100047,188,99990,188,100049,188,99967,188,100052,188,99953,188,100110,112,99947,100,100130,100,99936,100,100171,100,99885,100,100237,100,99735,100,100249,100,99712,100,100362,100,99707,100
2019-06-28 10:03:10.000000000,100046,170,100023,170,100047,170,99990,170,100049,170,99967,170,100052,170,99953,170,100110,182,99947,170,100130,100,99936,100,100171,100,99885,100,100237,100,99735,100,100249,100,99712,100,100362,100,99707,100
2019-06-28 10:03:18.237604742,100046,170,100023,170,100047,170,99990,170,100049,170,99967,170,100052,170,99953,170,100110,182,99947,170,100130,100,99936,100,100171,100,99885,100,100237,100,99735,100,100249,100,99712,100,100362,100,99707,100
2019-06-28 10:03:20.000000000,100046,450,100023,450,100047,100,99990,100,100049,100,99967,100,100052,100,99953,100,100110,112,99947,100,100130,100,99936,100,100171,100,99885,100,100237,100,99735,100,100249,100,99712,100,100362,100,99707,100
2019-06-28 10:03:30.000000000,100046,219,100023,219,100047,216,99990,216,100049,216,99967,216,100052,100,99953,100,100110,112,99947,100,100130,100,99936,100,100171,100,99885,100,100237,100,99735,100,100249,100,99712,100,100362,100,99707,100
2019-06-28 10:03:40.000000000,100046,170,100023,170,100047,170,99990,170,100049,170,99967,170,100052,170,99953,170,100110,182,99947,170,100130,100,99936,100,100171,100,99885,100,100237,100,99735,100,100249,100,99712,100,100362,100,99707,100
2019-06-28 10:03:40.779772266,100046,70,100023,170,100047,170,99990,170,100049,170,99967,170,100052,170,99953,170,100110,182,99947,170,100130,100,99936,100,100171,100,99885,100,100237,100,99735,100,100249,100,99712,100,100362,100,99707,100
2019-06-28 10:03:45.858076550,100046,70,100023,170,100047,170,99990,170,100049,170,99967,170,100052,170,99953,170,100110,182,99947,170,100130,100,99936,100,100171,100,99885,100,100237,100,99735,100,100249,100,99712,100,100362,100,99707,100
2019-06-28 10:03:50.000000000,100047,275,100023,275,100049,275,99990,275,100052,100,99967,100,100110,112,99953,100,100130,100,99947,100,100171,100,99936,100,100237,100,99885,100,100249,100,99735,100,100362,100,99712,100,100386,100,99707,100
2019-06-28 10:04:00.000000000,100047,275,100023,275,100049,275,99990,275,100052,100,99967,100,100110,112,99953,100,100130,100,99947,100,100171,100,99936,100,100237,100,99885,100,100249,100,99735,100,100362,100,99712,100,100386,100,99707,100
2019-06-28 10:04:09.944521724,100047,175,100023,275,100049,275,99990,275,100052,100,99967,100,100110,112,99953,100,100130,100,99947,100,100171,100,99936,100,100237,100,99885,100,100362,100,99735,100,100386,100,99712,100,100403,100,99707,100
2019-06-28 10:04:10.000000000,100049,219,100023,219,100052,216,99990,216,100110,228,99967,216,100130,100,99953,100,100171,100,99947,100,100237,100,99936,100,100362,100,99885,100,100386,100,99735,100,100403,100,99712,100,100447,100,99707,100
2019-06-28 10:04:10.147995686,100049,219,100023,119,100052,216,99990,216,100110,228,99967,216,100130,100,99953,100,100171,100,99947,100,100237,100,99936,100,100362,100,99885,100,100386,100,99735,100,100403,100,99712,100,100447,100,99707,100
2019-06-28 10:04:17.277492761,100049,219,100023,119,100052,216,99990,216,100110,228,99967,216,100130,100,99953,100,100171,100,99947,100,100237,100,99936,100,100362,100,99885,100,100386,100,99789,100,100403,100,99735,100,100447,100,99712,100
2019-06-28 10:04:20.000000000,100049,450,99990,450,100052,100,99967,100,100110,112,99953,100,100130,100,99947,100,100171,100,99936,100,100237,100,99885,100,100362,100,99789,100,100386,100,99735,100,100403,100,99712,100,100447,100,99707,100
2019-06-28 10:04:26.033748737,100046,100,99990,450,100049,450,99967,100,100052,100,99953,100,100110,112,99947,100,100130,100,99936,100,100171,100,99885,100,100237,100,99789,100,100362,100,99735,100,100386,100,99712,100,100403,100,99707,100
2019-06-28 10:04:29.335987581,100046,100,99990,450,100049,450,99967,100,100052,100,99953,100,100110,112,99947,100,100130,100,99936,100,100171,100,99915,100,100237,100,99885,100,100362,100,99789,100,100386,100,99735,100,100403,100,99712,100
2019-06-28 10:04:30.000000000,100046,170,99990,170,100049,170,99967,170,100052,170,99953,170,100110,182,99947,170,100130,170,99936,170,100171,100,99915,100,100237,100,99885,100,100362,100,99789,100,100386,100,99735,100,100403,100,99712,100
2019-06-28 10:04:38.268595680,100046,270,99990,170,100049,170,99967,170,100052,170,99953,170,100110,182,99947,170,100130,170,99936,170,100171,100,99915,100,100237,100,99885,100,100362,100,99789,100,100386,100,99735,100,100403,100,99712,100
2019-06-28 10:04:40.000000000,100046,375,99990,275,100049,275,99967,275,100052,100,99953,100,100110,112,99947,100,100130,100,99936,100,100171,100,99915,100,100237,100,99885,100,100362,100,99789,100,100386,100,99735,100,100403,100,99712,100
2019-06-28 10:04:43.852025396,100046,375,99990,175,100049,275,99967,275,100052,100,99953,100,100110,112,99947,100,100130,100,99936,100,100171,100,99915,100,100362,100,99885,100,100386,100,99789,100,100403,100,99735,100,100447,100,99712,100
2019-06-28 10:04:46.633096311,100046,375,100039,100,100049,275,99990,175,100052,100,99967,275,100110,112,99953,100,100130,100,99947,100,100171,100,99936,100,100362,100,99915,100,100386,100,99885,100,100447,100,99789,100,100469,100,99735,100
2019-06-28 10:04:50.000000000,100046,550,100039,450,100049,100,99967,100,100052,100,99953,100,100110,112,99947,100,100130,100,99936,100,100171,100,99915,100,100362,100,99885,100,100386,100,99789,100,100447,100,99735,100,100469,100,99712,100
2019-06-28 10:05:00.000000000,100046,375,100039,275,100049,275,99967,275,100052,100,99953,100,100110,112,99947,100,100130,100,99936,100,100171,100,99915,100,100362,100,99885,100,100386,100,99789,100,100447,100,99735,100,100469,100,99712,100
2019-06-28 10:05:07.650618627,100046,375,100039,175,100049,275,99967,275,100052,100,99953,100,100110,112,99947,100,100130,100,99936,100,100171,100,99915,100,100362,100,99885,100,100386,100,99789,100,100447,100,99735,100,100469,100,99712,100
2019-06-28 10:05:10.000000000,100046,550,99967,450,100049,100,99953,100,100052,100,99947,100,100110,112,99936,100,100130,100,99915,100,100171,100,99885,100,100362,100,99789,100,100386,100,99735,100,100447,100,99712,100,100469,100,99707,100
2019-06-28 10:05:20.000000000,100046,288,99967,188,100049,188,99953,188,100052,188,99947,188,100110,200,99936,188,100130,100,99915,100,100171,100,99885,100,100362,100,99789,100,100386,100,99735,100,100447,100,99712,100,100469,100,99707,100
2019-06-28 10:05:30.000000000,100046,319,99967,219,100049,216,99953,216,100052,216,99947,216,100110,112,99936,100,100130,100,99915,100,100171,100,99885,100,100362,100,99789,100,100386,100,99735,100,100447,100,99712,100,100469,100,99707,100
2019-06-28 10:05:30.069711686,100046,319,99967,119,100049,216,99953,216,100052,216,99947,216,100110,100,99936,100,100130,100,99915,100,100171,100,99885,100,100362,100,99789,100,100386,100,99735,100,100447,100,99712,100,100469,100,99707,100
2019-06-28 10:05:40.000000000,100046,375,99953,275,100049,275,99947,275,100052,100,99936,100,100110,100,99915,100,100130,100,99885,100,100171,100,99789,100,100362,100,99735,100,100386,100,99712,100,100447,100,99707,100,100469,100,99678,100
2019-06-28 10:05:48.768242517,100039,100,99953,275,100046,375,99947,275,100049,275,99936,100,100052,100,99915,100,100110,100,99885,100,100130,100,99789,100,100171,100,99735,100,100362,100,99712,100,100386,100,99707,100,100447,100,99678,100
2019-06-28 10:05:50.000000000,100039,275,99953,275,100046,375,99947,275,100049,100,99936,100,100052,100,99915,100,100110,100,99885,100,100130,100,99789,100,100171,100,99735,100,100362,100,99712,100,100386,100,99707,100,100447,100,99678,100
2019-06-28 10:06:00.000000000,100039,450,99953,450,100046,200,99947,100,100049,100,99936,100,100052,100,99915,100,100110,100,99885,100,100130,100,99789,100,100171,100,99735,100,100362,100,99712,100,100386,100,99707,100,100447,100,99678,100
2019-06-28 10:06:10.000000000,100039,450,99953,450,100046,200,99947,100,100049,100,99936,100,100052,100,99915,100,100110,100,99885,100,100130,100,99789,100,100171,100,99735,100,100362,100,99712,100,100386,100,99707,100,100447,100,99678,100
2019-06-28 10:06:20.000000000,100039,450,99953,450,100046,200,99947,100,100049,100,99936,100,100052,100,99915,100,100110,100,99885,100,100130,100,99789,100,100171,100,99735,100,100362,100,99712,100,100386,100,99707,100,100447,100,99678,100
2019-06-28 10:06:26.558212561,100039,450,99953,450,100046,200,99947,100,100049,100,99936,100,100052,100,99915,100,100110,100,99885,100,100130,100,99841,100,100171,100,99789,100,100362,100,99735,100,100386,100,99712,100,100447,100,99707,100
2019-06-28 10:06:30.000000000,100039,188,99953,188,100046,288,99947,188,100049,188,99936,188,100052,188,99915,188,100110,100,99885,100,100130,100,99841,100,100171,100,99789,100,100362,100,99735,100,100386,100,99712,100,100447,100,99707,100
2019-06-28 10:06:40.000000000,100039,170,99953,170,100046,270,99947,170,100049,170,99936,170,100052,170,99915,170,100110,170,99885,170,100130,100,99841,100,100171,100,99789,100,100362,100,99735,100,100386,100,99712,100,100447,100,99707,100
