,ask_price_1,ask_size_1,bid_price_1,bid_size_1,ask_price_2,ask_size_2,bid_price_2,bid_size_2,ask_price_3,ask_size_3,bid_price_3,bid_size_3,ask_price_4,ask_size_4,bid_price_4,bid_size_4,ask_price_5,ask_size_5,bid_price_5,bid_size_5,ask_price_6,ask_size_6,bid_price_6,bid_size_6,ask_price_7,ask_size_7,bid_price_7,bid_size_7,ask_price_8,ask_size_8,bid_price_8,bid_size_8,ask_price_9,ask_size_9,bid_price_9,bid_size_9,ask_price_10,ask_size_10,bid_price_10,bid_size_10
2019-06-28 09:30:00.000000001,100120,100,,,,,,,,,,,,,,,,,,,,,,,,,,,,,,,,,,,,,,
2019-06-28 09:30:00.000000009,100043,100,,,100120,100,,,,,,,,,,,,,,,,,,,,,,,,,,,,,,,,,,
2019-06-28 09:30:00.000000010,100041,100,99867,100,100043,100,,,100120,100,,,,,,,,,,,,,,,,,,,,,,,,,,,,,,
2019-06-28 09:30:00.000000013,99972,100,99867,100,100016,100,,,100041,100,,,100043,100,,,100120,100,,,,,,,,,,,,,,,,,,,,,,
2019-06-28 09:30:00.000000016,100016,100,99867,100,100041,100,,,100043,100,,,100120,100,,,,,,,,,,,,,,,,,,,,,,,,,,
2019-06-28 09:30:00.000000018,100016,100,99922,100,100041,100,99867,100,100043,100,,,100120,100,,,,,,,,,,,,,,,,,,,,,,,,,,
2019-06-28 09:30:00.000000020,100012,100,99922,100,100016,100,99867,100,100041,100,99849,100,100043,100,,,100120,100,,,,,,,,,,,,,,,,,,,,,,
2019-06-28 09:30:00.000000024,100012,100,99922,100,100016,100,99867,100,100041,100,99849,100,100043,100,,,100120,100,,,100182,100,,,,,,,,,,,,,,,,,,
2019-06-28 09:30:00.000000025,100012,100,99922,100,100016,100,99867,100,100041,100,99849,100,100043,100,99775,100,100120,100,,,100182,100,,,,,,,,,,,,,,,,,,
2019-06-28 09:30:00.000000027,100012,100,99922,100,100016,100,99920,100,100041,100,99867,100,100043,100,99849,100,100120,100,99775,100,100182,100,,,,,,,,,,,,,,,,,,
2019-06-28 09:30:00.000000028,100012,100,99922,100,100016,100,99920,100,100041,100,99867,100,100043,100,99849,100,100120,100,99775,100,100135,100,,,100182,100,,,,,,,,,,,,,,
2019-06-28 09:30:00.000000029,99999,100,99930,100,100012,100,99922,100,100016,100,99920,100,100041,100,99867,100,100043,100,99849,100,100120,100,99775,100,100135,100,,,100182,100,,,,,,,,,,
2019-06-28 09:30:00.000000030,99999,100,99930,100,100012,100,99922,100,100016,100,99920,100,100041,100,99867,100,100043,100,99849,100,100120,100,99775,100,100135,100,,,100162,100,,,100182,100,,,,,,
2019-06-28 09:30:00.000000031,99999,100,99930,100,100012,100,99922,100,100016,100,99920,100,100041,100,99907,100,100043,100,99867,100,100120,100,99849,100,100135,100,99775,100,100162,100,,,100182,100,,,,,,
2019-06-28 09:30:00.000000032,99999,100,99930,100,100012,100,99922,100,100016,100,99920,100,100041,100,99907,100,100043,100,99867,100,100111,100,99849,100,100120,100,99775,100,100135,100,,,100162,100,,,100182,100,,
2019-06-28 09:30:00.000000033,99999,100,99961,100,100012,100,99930,100,100016,100,99922,100,100041,100,99920,100,100043,100,99907,100,100111,100,99867,100,100120,100,99849,100,100135,100,99775,100,100162,100,,,100182,100,,
2019-06-28 09:30:00.000000034,99999,100,99961,100,100006,100,99930,100,100012,100,99922,100,100016,100,99920,100,100041,100,99907,100,100043,100,99867,100,100111,100,99849,100,100120,100,99775,100,100135,100,,,100162,100,,
2019-06-28 09:30:00.000000036,99999,100,99961,100,100006,100,99930,100,100012,100,99922,100,100016,100,99920,100,100041,100,99907,100,100043,100,99867,100,100111,100,99859,100,100120,100,99849,100,100135,100,99775,100,100162,100,,
2019-06-28 09:30:00.000000037,99999,100,99971,100,100006,100,99961,100,100012,100,99930,100,100016,100,99922,100,100041,100,99920,100,100043,100,99907,100,100111,100,99867,100,100120,100,99859,100,100135,100,99850,100,100162,100,99849,100
2019-06-28 09:30:00.000000038,99999,100,99971,100,100006,100,99961,100,100012,100,99930,100,100016,100,99922,100,100041,100,99920,100,100043,100,99907,100,100111,100,99867,100,100120,100,99859,100,100135,100,99850,100,100162,100,99849,100
2019-06-28 09:30:00.000000041,99999,100,99972,100,100006,100,99971,100,100012,100,99961,100,100016,100,99930,100,100041,100,99922,100,100043,100,99920,100,100111,100,99907,100,100120,100,99867,100,100135,100,99859,100,100162,100,99850,100
2019-06-28 09:30:00.000000043,99999,200,99972,100,100006,100,99971,100,100012,100,99961,100,100016,100,99930,100,100041,100,99922,100,100043,100,99920,100,100111,100,99907,100,100120,100,99867,100,100135,100,99859,100,100162,100,99850,100
2019-06-28 09:30:00.000000044,99999,200,99972,100,100006,100,99971,100,100012,100,99961,100,100016,100,99930,100,100041,100,99922,100,100043,100,99920,100,100111,100,99907,100,100120,100,99867,100,100121,100,99859,100,100135,100,99850,100
2019-06-28 09:30:00.000000046,99999,200,99988,100,100006,100,99972,100,100012,100,99971,100,100016,100,99961,100,100041,100,99930,100,100043,100,99922,100,100111,100,99920,100,100120,100,99907,100,100121,100,99904,100,100135,100,99867,100
2019-06-28 09:30:00.000000049,99999,200,99988,100,100006,100,99972,100,100012,100,99971,100,100016,100,99961,100,100041,100,99930,100,100043,100,99922,100,100111,100,99920,100,100120,100,99907,100,100121,100,99904,200,100135,100,99867,100
2019-06-28 09:30:00.000000052,99999,200,99988,100,100006,100,99972,100,100012,100,99971,100,100016,100,99961,100,100041,100,99930,100,100043,100,99922,100,100047,100,99920,100,100111,100,99907,100,100120,100,99904,200,100121,100,99867,100
2019-06-28 09:30:00.000000053,99999,200,99988,100,100006,100,99972,100,100012,100,99971,100,100016,100,99961,100,100041,100,99930,100,100043,100,99922,100,100047,200,99920,100,100111,100,99907,100,100120,100,99904,200,100121,100,99867,100
2019-06-28 09:30:00.000000055,99999,200,99988,100,100006,100,99972,200,100012,100,99971,100,100016,100,99961,100,100041,100,99930,100,100043,100,99922,100,100047,200,99920,100,100069,100,99907,100,100111,100,99904,200,100120,100,99867,200
2019-06-28 09:30:00.000000056,99999,300,99988,100,100006,100,99972,200,100012,100,99971,100,100016,100,99961,100,100041,100,99930,100,100043,100,99922,100,100047,200,99920,100,100069,100,99907,100,100111,100,99904,200,100120,100,99867,200
2019-06-28 09:30:00.000000058,99999,300,99988,100,100006,100,99972,200,100012,100,99971,100,100016,100,99961,100,100041,100,99930,100,100043,100,99922,100,100047,200,99920,100,100057,100,99907,100,100069,100,99904,200,100111,100,99867,200
2019-06-28 09:30:00.000000059,99999,300,99988,100,100006,100,99972,200,100012,100,99971,100,100016,100,99961,100,100041,100,99930,100,100042,100,99922,100,100043,100,99920,100,100047,200,99907,100,100057,100,99904,200,100069,100,99867,200
2019-06-28 09:30:00.000000061,99999,300,99988,100,100006,100,99972,200,100012,100,99971,100,100016,100,99961,100,100041,100,99930,100,100042,100,99922,100,100043,100,99920,100,100047,200,99907,100,100057,100,99904,200,100069,100,99867,200
2019-06-28 09:30:00.000000062,99999,300,99988,100,100006,100,99973,100,100012,100,99972,200,100016,100,99971,100,100041,100,99961,100,100042,100,99930,100,100043,100,99922,100,100047,200,99920,100,100057,100,99907,100,100069,100,99904,200
2019-06-28 09:30:00.000000063,99999,300,99988,100,100006,100,99973,100,100012,100,99972,200,100016,100,99971,100,100041,100,99961,100,100042,100,99930,100,100043,100,99922,100,100047,200,99920,100,100057,100,99909,100,100069,100,99907,100
2019-06-28 09:30:00.000000065,99999,300,99988,100,100006,100,99973,100,100012,100,99972,200,100016,100,99971,100,100041,100,99961,100,100042,100,99930,100,100043,100,99922,100,100047,200,99920,100,100057,100,99909,100,100069,100,99907,100
2019-06-28 09:30:00.000000069,99999,300,99988,100,100006,100,99973,100,100012,100,99972,200,100016,100,99971,100,100041,100,99961,100,100042,100,99936,100,100043,100,99930,100,100047,200,99922,100,100057,100,99920,100,100069,100,99909,100
2019-06-28 09:30:00.000000070,99999,200,99988,100,100006,100,99973,100,100012,100,99972,200,100016,100,99971,100,100041,100,99961,100,100042,100,99936,100,100043,100,99930,100,100047,200,99922,100,100057,100,99920,100,100069,100,99909,100
2019-06-28 09:30:00.000000071,99999,200,99988,100,100006,100,99973,100,100012,100,99972,200,100016,100,99971,100,100041,100,99961,100,100042,100,99936,100,100043,100,99930,100,100047,200,99922,100,100057,100,99920,100,100069,100,99909,100
2019-06-28 09:30:00.000000072,99999,200,99973,100,100006,100,99972,200,100012,100,99971,100,100016,100,99961,100,100041,100,99936,100,100042,100,99930,100,100043,100,99922,100,100047,200,99920,100,100057,100,99909,100,100069,100,99907,100
2019-06-28 09:30:00.000000073,99999,100,99973,100,100006,100,99972,300,100012,100,99971,100,100016,100,99961,100,100041,100,99936,100,100042,100,99930,100,100043,100,99922,100,100047,200,99920,100,100057,100,99909,100,100069,100,99907,100
2019-06-28 09:30:00.000000075,100006,100,99973,100,100012,100,99972,300,100016,100,99971,100,100041,100,99961,100,100042,100,99936,100,100043,100,99930,100,100047,200,99922,100,100057,100,99920,100,100069,100,99909,100,100105,100,99907,100
2019-06-28 09:30:00.000000076,100006,100,99973,100,100012,100,99972,300,100016,100,99971,100,100041,100,99961,100,100042,100,99936,100,100043,100,99930,100,100047,200,99922,100,100057,100,99920,100,100069,100,99909,100,100105,100,99907,100
2019-06-28 09:30:00.000000084,100006,100,99999,100,100012,100,99973,100,100016,100,99972,300,100041,100,99971,100,100042,100,99961,100,100043,100,99936,100,100047,200,99930,100,100057,100,99922,100,100069,100,99920,100,100105,100,99909,100
2019-06-28 09:30:00.000000087,100006,100,99973,100,100012,100,99972,300,100016,100,99971,100,100041,100,99961,100,100042,100,99936,100,100043,100,99930,100,100047,200,99922,100,100057,100,99920,100,100069,100,99909,100,100105,100,99907,100
2019-06-28 09:30:00.000000089,100006,100,99973,100,100012,100,99972,300,100016,100,99971,100,100041,100,99961,100,100042,100,99936,100,100043,100,99930,100,100047,200,99922,100,100057,100,99920,100,100069,100,99909,100,100085,100,99907,100
2019-06-28 09:30:00.000000090,100006,100,99973,100,100012,100,99972,300,100016,100,99971,100,100041,100,99961,100,100042,100,99936,100,100043,100,99930,100,100047,200,99922,100,100057,100,99920,100,100069,100,99909,100,100084,100,99907,100
2019-06-28 09:30:00.000000092,100006,100,99995,100,100012,100,99973,100,100016,100,99972,300,100041,100,99971,100,100042,100,99961,100,100043,100,99936,100,100047,200,99930,100,100057,100,99922,100,100069,100,99920,100,100084,100,99909,100
2019-06-28 09:30:00.000000094,100006,200,99995,100,100012,100,99973,100,100016,100,99972,300,100041,100,99971,100,100042,100,99961,100,100043,100,99936,100,100047,200,99930,100,100057,100,99922,100,100069,100,99920,100,100084,100,99909,100
2019-06-28 09:30:00.000000095,100006,200,99995,100,100012,100,99973,100,100016,100,99972,300,100041,100,99971,100,100042,100,99961,100,100043,100,99940,100,100047,200,99936,100,100057,100,99930,100,100069,100,99922,100,100084,100,99920,100
2019-06-28 09:30:00.000000096,100006,100,99995,100,100012,100,99973,100,100016,100,99972,300,100041,100,99971,100,100042,100,99961,100,100043,100,99940,100,100047,200,99936,100,100057,100,99930,100,100069,100,99922,100,100084,100,99920,100
2019-06-28 09:30:00.000000099,100006,100,99999,100,100012,100,99995,100,100016,100,99973,100,100041,100,99972,300,100042,100,99971,100,100043,100,99961,100,100047,200,99940,100,100057,100,99936,100,100069,100,99930,100,100084,100,99922,100
2019-06-28 09:30:10.000000000,100006,420,99999,420,100012,100,99995,100,100016,100,99973,100,100041,100,99972,300,100042,100,99971,100,100043,100,99961,100,100047,200,99940,100,100057,100,99936,100,100069,100,99930,100,100084,100,99922,100
2019-06-28 09:30:15.617154236,100006,420,99999,320,100012,100,99995,100,100016,100,99973,100,100041,100,99972,300,100042,100,99971,100,100043,100,99961,100,100047,200,99940,100,100057,100,99936,100,100069,100,99930,100,100084,100,99922,100
2019-06-28 09:30:20.000000000,100006,420,99995,420,100012,100,99973,100,100016,100,99972,300,100041,100,99971,100,100042,100,99961,100,100043,100,99940,100,100047,200,99936,100,100057,100,99930,100,100069,100,99922,100,100084,100,99920,100
2019-06-28 09:30:27.413234820,100006,320,99995,420,100012,100,99973,100,100016,100,99972,300,100041,100,99971,100,100042,100,99961,100,100043,100,99940,100,100047,200,99936,100,100057,100,99930,100,100069,100,99922,100,100084,100,99920,100
2019-06-28 09:30:30.000000000,100012,260,99995,260,100016,260,99973,260,100041,100,99972,300,100042,100,99971,100,100043,100,99961,100,100047,200,99940,100,100057,100,99936,100,100069,100,99930,100,100084,100,99922,100,100085,100,99920,100
2019-06-28 09:30:39.707041661,100012,260,99995,160,100016,260,99973,260,100041,100,99972,300,100042,100,99971,100,100043,100,99961,100,100047,200,99940,100,100057,100,99936,100,100069,100,99930,100,100084,100,99922,100,100085,100,99920,100
2019-06-28 09:30:40.000000000,100012,180,99973,180,100016,180,99972,380,100041,180,99971,180,100042,180,99961,180,100043,100,99940,100,100047,200,99936,100,100057,100,99930,100,100069,100,99922,100,100084,100,99920,100,100085,100,99909,100
2019-06-28 09:30:47.683076419,100012,180,99973,180,100016,180,99972,380,100041,180,99971,180,100042,180,99961,180,100043,100,99940,100,100047,200,99936,100,100057,100,99930,100,100069,100,99922,100,100084,100,99909,100,100085,100,99907,100
2019-06-28 09:30:50.000000000,100012,260,99973,260,100016,260,99972,460,100041,100,99971,100,100042,100,99961,100,100043,100,99940,100,100047,200,99936,100,100057,100,99930,100,100069,100,99922,100,100084,100,99909,100,100085,100,99907,100
2019-06-28 09:31:00.000000000,100012,209,99973,209,100016,206,99972,406,100041,206,99971,206,100042,100,99961,100,100043,100,99940,100,100047,200,99936,100,100057,100,99930,100,100069,100,99922,100,100084,100,99909,100,100085,100,99907,100
2019-06-28 09:31:05.358775655,100012,209,99973,209,100016,206,99972,406,100041,206,99971,106,100042,100,99961,100,100043,100,99940,100,100047,200,99936,100,100057,100,99930,100,100069,100,99922,100,100084,100,99909,100,100085,100,99907,100
2019-06-28 09:31:10.000000000,100012,260,99973,260,100016,260,99972,460,100041,100,99961,100,100042,100,99940,100,100043,100,99936,100,100047,200,99930,100,100057,100,99922,100,100069,100,99909,100,100084,100,99907,100,100085,100,99904,200
2019-06-28 09:31:20.000000000,100012,260,99973,260,100016,260,99972,460,100041,100,99961,100,100042,100,99940,100,100043,100,99936,100,100047,200,99930,100,100057,100,99922,100,100069,100,99909,100,100084,100,99907,100,100085,100,99904,200
2019-06-28 09:31:30.000000000,100012,180,99973,180,100016,180,99972,380,100041,180,99961,180,100042,180,99940,180,100043,100,99936,100,100047,200,99930,100,100057,100,99922,100,100069,100,99909,100,100084,100,99907,100,100085,100,99904,200
2019-06-28 09:31:32.671981374,100012,180,99973,180,100016,180,99972,380,100041,180,99961,180,100042,180,99940,180,100043,100,99936,100,100047,200,99930,100,100057,100,99922,100,100069,100,99909,100,100084,100,99907,100,100085,100,99904,200
2019-06-28 09:31:40.000000000,100012,420,99973,420,100016,100,99972,300,100041,100,99961,100,100042,100,99940,100,100043,100,99936,100,100047,200,99930,100,100057,100,99922,100,100069,100,99909,100,100084,100,99907,100,100085,100,99904,200
2019-06-28 09:31:46.279008937,100012,420,99973,320,100016,100,99972,300,100041,100,99961,100,100042,100,99940,100,100043,100,99936,100,100047,200,99930,100,100057,100,99922,100,100069,100,99909,100,100084,100,99907,100,100085,100,99904,200
2019-06-28 09:31:50.000000000,100012,209,99972,409,100016,206,99961,206,100041,206,99940,206,100042,100,99936,100,100043,100,99930,100,100047,200,99922,100,100057,100,99909,100,100069,100,99907,100,100084,100,99904,200,100085,100,99898,100
2019-06-28 09:32:00.000000000,100012,420,99972,620,100016,100,99961,100,100041,100,99940,100,100042,100,99936,100,100043,100,99930,100,100047,200,99922,100,100057,100,99909,100,100069,100,99907,100,100084,100,99904,200,100085,100,99898,100
2019-06-28 09:32:07.738041338,100012,320,99972,620,100016,100,99961,100,100041,100,99940,100,100042,100,99936,100,100043,100,99930,100,100047,200,99922,100,100057,100,99909,100,100069,100,99907,100,100084,100,99904,200,100105,100,99898,100
2019-06-28 09:32:10.000000000,100016,420,99972,620,100041,100,99961,100,100042,100,99940,100,100043,100,99936,100,100047,200,99930,100,100057,100,99922,100,100069,100,99909,100,100084,100,99907,100,100105,100,99904,200,100111,100,99898,100
2019-06-28 09:32:20.000000000,100016,420,99972,620,100041,100,99961,100,100042,100,99940,100,100043,100,99936,100,100047,200,99930,100,100057,100,99922,100,100069,100,99909,100,100084,100,99907,100,100105,100,99904,200,100111,100,99898,100
2019-06-28 09:32:30.000000000,100016,420,99972,620,100041,100,99961,100,100042,100,99940,100,100043,100,99936,100,100047,200,99930,100,100057,100,99922,100,100069,100,99909,100,100084,100,99907,100,100105,100,99904,200,100111,100,99898,100
2019-06-28 09:32:40.000000000,100016,420,99972,620,100041,100,99961,100,100042,100,99940,100,100043,100,99936,100,100047,200,99930,100,100057,100,99922,100,100069,100,99909,100,100084,100,99907,100,100105,100,99904,200,100111,100,99898,100
2019-06-28 09:32:45.419464220,100016,420,99972,620,100041,100,99961,100,100042,100,99940,100,100043,100,99936,100,100047,200,99930,100,100057,100,99922,100,100069,100,99909,100,100084,100,99907,100,100105,100,99904,200,100111,100,99898,100
2019-06-28 09:32:50.000000000,100016,209,99972,409,100041,206,99961,206,100042,206,99940,206,100043,100,99936,100,100047,200,99930,100,100057,100,99922,100,100069,100,99909,100,100084,100,99907,100,100105,100,99904,200,100111,100,99898,100
2019-06-28 09:32:56.302192180,100016,109,99972,409,100041,206,99961,206,100042,206,99940,206,100043,100,99936,100,100047,200,99930,100,100057,100,99922,100,100069,100,99909,100,100084,100,99907,100,100105,100,99904,200,100111,100,99898,100
2019-06-28 09:32:57.776050971,100011,100,99972,409,100016,109,99961,206,100041,206,99940,206,100042,206,99936,100,100043,100,99930,100,100047,200,99922,100,100057,100,99909,100,100069,100,99907,100,100084,100,99904,200,100105,100,99898,100
2019-06-28 09:33:00.000000000,100011,420,99972,620,100041,100,99961,100,100042,100,99940,100,100043,100,99936,100,100047,200,99930,100,100057,100,99922,100,100069,100,99909,100,100084,100,99907,100,100105,100,99904,200,100111,100,99898,100
2019-06-28 09:33:02.753842865,100011,420,99972,620,100041,100,99961,100,100042,100,99952,100,100043,100,99940,100,100047,200,99936,100,100057,100,99930,100,100069,100,99922,100,100084,100,99909,100,100105,100,99907,100,100111,100,99904,200
2019-06-28 09:33:10.000000000,100011,420,99972,620,100041,100,99961,100,100042,100,99952,100,100043,100,99940,100,100047,200,99936,100,100057,100,99930,100,100069,100,99922,100,100084,100,99909,100,100105,100,99907,100,100111,100,99904,200
2019-06-28 09:33:14.445160986,100011,420,99972,620,100041,100,99961,100,100042,100,99952,100,100043,100,99943,100,100047,200,99940,100,100057,100,99936,100,100069,100,99930,100,100084,100,99922,100,100105,100,99909,100,100111,100,99907,100
2019-06-28 09:33:20.000000000,100011,420,99972,620,100041,100,99961,100,100042,100,99952,100,100043,100,99943,100,100047,200,99940,100,100057,100,99936,100,100069,100,99930,100,100084,100,99922,100,100105,100,99909,100,100111,100,99907,100
2019-06-28 09:33:27.289317403,100011,520,99972,620,100041,100,99961,100,100042,100,99952,100,100043,100,99943,100,100047,200,99940,100,100057,100,99936,100,100069,100,99930,100,100084,100,99922,100,100105,100,99909,100,100111,100,99907,100
2019-06-28 09:33:30.000000000,100011,309,99972,409,100041,206,99961,206,100042,206,99952,206,100043,100,99943,100,100047,200,99940,100,100057,100,99936,100,100069,100,99930,100,100084,100,99922,100,100105,100,99909,100,100111,100,99907,100
2019-06-28 09:33:39.423918262,99978,100,99972,409,100011,309,99961,206,100041,206,99952,206,100042,206,99943,100,100043,100,99940,100,100047,100,99936,100,100057,100,99930,100,100069,100,99922,100,100084,100,99909,100,100105,100,99907,100
2019-06-28 09:33:40.000000000,99978,180,99972,380,100011,280,99961,180,100041,180,99952,180,100042,180,99943,180,100043,100,99940,100,100047,100,99936,100,100057,100,99930,100,100069,100,99922,100,100084,100,99909,100,100105,100,99907,100
2019-06-28 09:33:50.000000000,99978,260,99972,460,100011,360,99961,260,100041,100,99952,100,100042,100,99943,100,100043,100,99940,100,100047,100,99936,100,100057,100,99930,100,100069,100,99922,100,100084,100,99909,100,100105,100,99907,100
2019-06-28 09:33:51.444649396,99978,260,99972,460,100011,360,99961,260,100041,100,99952,100,100042,100,99943,100,100043,100,99940,100,100047,100,99936,100,100057,100,99930,100,100069,100,99922,100,100084,100,99909,100,100105,100,99907,100
2019-06-28 09:34:00.000000000,99978,164,99972,364,100011,264,99961,164,100041,164,99952,164,100042,164,99943,164,100043,164,99940,164,100047,100,99936,100,100057,100,99930,100,100069,100,99922,100,100084,100,99909,100,100105,100,99907,100
2019-06-28 09:34:01.364129977,99978,164,99974,100,100011,264,99972,364,100041,164,99961,164,100042,164,99952,164,100043,164,99943,164,100047,100,99940,164,100057,100,99936,100,100069,100,99930,100,100084,100,99922,100,100105,100,99909,100
2019-06-28 09:34:10.000000000,99978,209,99974,209,100011,306,99972,406,100041,206,99961,206,100042,100,99952,100,100043,100,99943,100,100047,100,99940,100,100057,100,99936,100,100069,100,99930,100,100084,100,99922,100,100105,100,99909,100
2019-06-28 09:34:20.000000000,99978,260,99974,260,100011,360,99972,460,100041,100,99961,100,100042,100,99952,100,100043,100,99943,100,100047,100,99940,100,100057,100,99936,100,100069,100,99930,100,100084,100,99922,100,100105,100,99909,100
2019-06-28 09:34:21.102938411,99978,160,99974,260,100011,360,99972,460,100041,100,99961,100,100042,100,99952,100,100043,100,99943,100,100047,100,99940,100,100057,100,99936,100,100069,100,99930,100,100084,100,99922,100,100105,100,99909,100
2019-06-28 09:34:30.000000000,100011,360,99974,260,100041,260,99972,460,100042,100,99961,100,100043,100,99952,100,100047,100,99943,100,100057,100,99940,100,100069,100,99936,100,100084,100,99930,100,100105,100,99922,100,100111,100,99909,100
2019-06-28 09:34:33.234229168,99991,100,99974,260,100011,360,99972,460,100041,260,99961,100,100042,100,99952,100,100043,100,99940,100,100047,100,99936,100,100057,100,99930,100,100069,100,99922,100,100084,100,99909,100,100105,100,99907,100
2019-06-28 09:34:35.552350252,99991,100,99974,160,100011,360,99972,360,100041,260,99961,100,100042,100,99952,100,100043,100,99940,100,100047,100,99936,100,100057,100,99930,100,100069,100,99922,100,100084,100,99909,100,100105,100,99907,100
2019-06-28 09:34:40.000000000,99991,164,99972,264,100011,264,99961,164,100041,164,99952,164,100042,164,99940,164,100043,164,99936,164,100047,100,99930,100,100057,100,99922,100,100069,100,99909,100,100084,100,99907,100,100105,100,99904,200
2019-06-28 09:34:43.646305542,99991,164,99972,264,100011,264,99961,164,100019,100,99952,164,100041,164,99940,164,100042,164,99936,164,100043,164,99930,100,100047,100,99922,100,100057,100,99909,100,100069,100,99907,100,100084,100,99904,200
2019-06-28 09:34:46.171295703,99977,100,99972,264,99991,164,99961,164,100011,264,99952,164,100019,100,99940,164,100041,164,99936,164,100042,164,99930,100,100043,164,99922,100,100047,100,99909,100,100057,100,99907,100,100069,100,99904,200
2019-06-28 09:34:50.000000000,99977,209,99972,309,99991,206,99961,206,100011,306,99952,206,100019,100,99940,100,100041,100,99936,100,100042,100,99930,100,100043,100,99922,100,100047,100,99909,100,100057,100,99907,100,100069,100,99904,200
2019-06-28 09:35:00.000000000,99977,209,99972,309,99991,206,99961,206,100011,306,99952,206,100019,100,99940,100,100041,100,99936,100,100042,100,99930,100,100043,100,99922,100,100047,100,99909,100,100057,100,99907,100,100069,100,99904,200
2019-06-28 09:35:06.819848928,99977,209,99972,309,99991,206,99961,206,100011,306,99952,206,100019,100,99940,100,100041,100,99936,100,100042,100,99930,100,100043,100,99922,100,100047,100,99909,100,100057,100,99907,100,100069,100,99904,200
2019-06-28 09:35:10.000000000,99977,180,99972,280,99991,180,99961,180,100011,280,99952,180,100019,180,99940,180,100041,100,99936,100,100042,100,99930,100,100043,100,99922,100,100047,100,99909,100,100057,100,99907,100,100069,100,99904,200
2019-06-28 09:35:20.000000000,99977,164,99972,264,99991,164,99961,164,100011,264,99952,164,100019,164,99940,164,100041,164,99936,164,100042,100,99930,100,100043,100,99922,100,100047,100,99909,100,100057,100,99907,100,100069,100,99904,200
2019-06-28 09:35:24.928545026,99977,64,99972,264,99991,64,99961,164,100011,264,99952,164,100019,164,99940,164,100041,164,99936,164,100042,100,99930,100,100043,100,99922,100,100047,100,99909,100,100057,100,99907,100,100069,100,99904,200
2019-06-28 09:35:30.000000000,100011,360,99972,360,100019,260,99961,260,100041,100,99952,100,100042,100,99940,100,100043,100,99936,100,100047,100,99930,100,100057,100,99922,100,100069,100,99909,100,100084,100,99907,100,100105,100,99904,200
2019-06-28 09:35:40.000000000,100011,264,99972,264,100019,164,99961,164,100041,164,99952,164,100042,164,99940,164,100043,164,99936,164,100047,100,99930,100,100057,100,99922,100,100069,100,99909,100,100084,100,99907,100,100105,100,99904,200
2019-06-28 09:35:42.469633704,100011,164,99972,264,100019,164,99961,164,100041,164,99952,164,100042,164,99940,164,100043,164,99936,164,100047,100,99930,100,100057,100,99922,100,100069,100,99909,100,100105,100,99907,100,100111,100,99904,200
2019-06-28 09:35:50.000000000,100011,420,99972,520,100019,100,99961,100,100041,100,99952,100,100042,100,99940,100,100043,100,99936,100,100047,100,99930,100,100057,100,99922,100,100069,100,99909,100,100105,100,99907,100,100111,100,99904,200
2019-06-28 09:36:00.000000000,100011,209,99972,309,100019,206,99961,206,100041,206,99952,206,100042,100,99940,100,100043,100,99936,100,100047,100,99930,100,100057,100,99922,100,100069,100,99909,100,100105,100,99907,100,100111,100,99904,200
2019-06-28 09:36:10.000000000,100011,260,99972,360,100019,260,99961,260,100041,100,99952,100,100042,100,99940,100,100043,100,99936,100,100047,100,99930,100,100057,100,99922,100,100069,100,99909,100,100105,100,99907,100,100111,100,99904,200
2019-06-28 09:36:12.091870137,100011,160,99972,360,100019,260,99961,260,100041,100,99952,100,100042,100,99940,100,100043,100,99936,100,100047,100,99922,100,100057,100,99909,100,100069,100,99907,100,100105,100,99904,200,100111,100,99898,100
2019-06-28 09:36:13.012699410,100011,60,99972,360,100019,260,99961,260,100042,100,99952,100,100043,100,99940,100,100047,100,99936,100,100057,100,99922,100,100069,100,99909,100,100105,100,99907,100,100111,100,99904,200,100120,100,99898,100
2019-06-28 09:36:15.188181523,100011,60,99972,360,100019,260,99961,260,100042,100,99952,100,100043,100,99950,100,100047,100,99940,100,100057,100,99936,100,100069,100,99922,100,100105,100,99909,100,100111,100,99907,100,100120,100,99904,200
2019-06-28 09:36:20.000000000,100019,260,99972,360,100042,260,99961,260,100043,100,99952,100,100047,100,99950,100,100057,100,99940,100,100069,100,99936,100,100105,100,99922,100,100111,100,99909,100,100120,100,99907,100,100121,100,99904,200
2019-06-28 09:36:20.608973854,100019,260,99973,100,100042,260,99972,360,100043,100,99961,260,100047,100,99952,100,100057,100,99950,100,100069,100,99940,100,100105,100,99936,100,100111,100,99922,100,100120,100,99909,100,100121,100,99907,100
2019-06-28 09:36:20.991713968,100019,260,99973,100,100042,260,99972,360,100043,100,99961,260,100047,100,99952,100,100057,100,99950,100,100069,100,99940,100,100105,100,99936,100,100111,100,99922,100,100120,100,99909,100,100121,100,99907,100
2019-06-28 09:36:30.000000000,100019,180,99973,180,100042,180,99972,280,100043,180,99961,180,100047,180,99952,180,100057,100,99950,100,100069,100,99940,100,100105,100,99936,100,100111,100,99922,100,100120,100,99909,100,100121,100,99907,100
2019-06-28 09:36:40.000000000,100019,209,99973,209,100042,206,99972,306,100043,206,99961,206,100047,100,99952,100,100057,100,99950,100,100069,100,99940,100,100105,100,99936,100,100111,100,99922,100,100120,100,99909,100,100121,100,99907,100
2019-06-28 09:36:49.371354002,100019,209,99973,109,100042,206,99972,306,100043,206,99961,206,100047,100,99952,100,100057,100,99950,100,100069,100,99940,100,100105,100,99936,100,100111,100,99922,100,100120,100,99909,100,100121,100,99907,100
2019-06-28 09:36:50.000000000,100019,209,99972,309,100042,206,99961,206,100043,206,99952,206,100047,100,99950,100,100057,100,99940,100,100069,100,99936,100,100105,100,99922,100,100111,100,99909,100,100120,100,99907,100,100121,100,99904,200
2019-06-28 09:37:00.000000000,100019,260,99972,360,100042,260,99961,260,100043,100,99952,100,100047,100,99950,100,100057,100,99940,100,100069,100,99936,100,100105,100,99922,100,100111,100,99909,100,100120,100,99907,100,100121,100,99904,200
2019-06-28 09:37:02.896413811,100019,260,99974,100,100042,260,99972,360,100043,100,99961,260,100047,100,99952,100,100057,100,99950,100,100069,100,99940,100,100105,100,99936,100,100111,100,99922,100,100120,100,99909,100,100121,100,99907,100
2019-06-28 09:37:06.531957088,100019,160,99974,100,100042,260,99972,360,100043,100,99961,260,100047,100,99952,100,100057,100,99950,100,100069,100,99940,100,100105,100,99936,100,100120,100,99922,100,100121,100,99909,100,100127,100,99907,100
2019-06-28 09:37:10.000000000,100042,420,99974,420,100043,100,99972,200,100047,100,99961,100,100057,100,99952,100,100069,100,99950,100,100105,100,99940,100,100120,100,99936,100,100121,100,99922,100,100127,100,99909,100,100132,100,99907,100
2019-06-28 09:37:20.000000000,100042,180,99974,180,100043,180,99972,280,100047,180,99961,180,100057,180,99952,180,100069,100,99950,100,100105,100,99940,100,100120,100,99936,100,100121,100,99922,100,100127,100,99909,100,100132,100,99907,100
2019-06-28 09:37:24.158710732,100042,80,99974,180,100043,180,99972,280,100047,180,99961,180,100057,180,99952,180,100069,100,99950,100,100105,100,99940,100,100120,100,99936,100,100121,100,99922,100,100127,100,99909,100,100132,100,99907,100
2019-06-28 09:37:26.397071018,100042,80,99974,180,100043,180,99972,280,100047,180,99961,180,100057,180,99952,180,100069,100,99950,100,100105,100,99940,100,100120,100,99936,100,100121,100,99922,100,100127,100,99909,100,100132,100,99907,100
2019-06-28 09:37:30.000000000,100043,260,99974,260,100047,260,99972,360,100057,100,99961,100,100069,100,99952,100,100105,100,99950,100,100120,100,99940,100,100121,100,99936,100,100127,100,99922,100,100132,100,99909,100,100135,100,99907,100
2019-06-28 09:37:40.000000000,100043,164,99974,164,100047,164,99972,264,100057,164,99961,164,100069,164,99952,164,100105,164,99950,164,100120,100,99940,100,100121,100,99936,100,100127,100,99922,100,100132,100,99909,100,100135,100,99907,100
2019-06-28 09:37:46.479131671,100043,164,99974,164,100047,164,99972,264,100057,164,99961,164,100069,164,99952,164,100105,164,99950,164,100120,100,99940,100,100121,100,99936,100,100132,100,99922,100,100135,100,99909,100,100162,100,99907,100
2019-06-28 09:37:50.000000000,100043,260,99974,260,100047,260,99972,360,100057,100,99961,100,100069,100,99952,100,100105,100,99950,100,100120,100,99940,100,100121,100,99936,100,100132,100,99922,100,100135,100,99909,100,100162,100,99907,100
2019-06-28 09:38:00.000000000,100043,420,99974,420,100047,100,99972,200,100057,100,99961,100,100069,100,99952,100,100105,100,99950,100,100120,100,99940,100,100121,100,99936,100,100132,100,99922,100,100135,100,99909,100,100162,100,99907,100
2019-06-28 09:38:10.000000000,100043,260,99974,260,100047,260,99972,360,100057,100,99961,100,100069,100,99952,100,100105,100,99950,100,100120,100,99940,100,100121,100,99936,100,100132,100,99922,100,100135,100,99909,100,100162,100,99907,100
2019-06-28 09:38:15.575694856,100043,260,99974,260,100047,260,99972,360,100057,100,99961,100,100069,100,99952,100,100105,100,99950,100,100120,100,99940,100,100121,100,99936,100,100132,100,99922,100,100135,100,99909,100,100162,100,99907,100
2019-06-28 09:38:20.000000000,100043,420,99974,420,100047,100,99972,200,100057,100,99961,100,100069,100,99952,100,100105,100,99950,100,100120,100,99940,100,100121,100,99936,100,100132,100,99922,100,100135,100,99909,100,100162,100,99907,100
2019-06-28 09:38:27.476377457,100043,420,99974,420,100047,100,99972,200,100057,100,99961,100,100069,100,99952,100,100105,100,99950,100,100120,100,99940,100,100121,100,99936,100,100132,100,99922,100,100135,100,99909,100,100162,100,99907,100
2019-06-28 09:38:30.000000000,100043,180,99974,180,100047,180,99972,280,100057,180,99961,180,100069,180,99952,180,100105,100,99950,100,100120,100,99940,100,100121,100,99936,100,100132,100,99922,100,100135,100,99909,100,100162,100,99907,100
2019-06-28 09:38:33.094679970,100043,180,99974,80,100047,180,99972,280,100057,180,99961,180,100069,180,99952,80,100105,100,99950,100,100120,100,99940,100,100121,100,99936,100,100132,100,99922,100,100135,100,99909,100,100162,100,99907,100
2019-06-28 09:38:39.644677512,100041,100,99974,80,100043,180,99972,280,100047,180,99961,180,100057,180,99952,80,100069,180,99950,100,100105,100,99940,100,100120,100,99936,100,100121,100,99909,100,100132,100,99907,100,100135,100,99904,100
2019-06-28 09:38:40.000000000,100041,420,99972,520,100043,100,99961,100,100047,100,99950,100,100057,100,99940,100,100069,100,99936,100,100105,100,99909,100,100120,100,99907,100,100121,100,99904,100,100132,100,99898,100,100135,100,99775,100
2019-06-28 09:38:47.330115237,100041,420,99972,520,100043,100,99961,100,100047,100,99950,100,100057,100,99940,100,100069,100,99936,100,100105,100,99909,100,100120,100,99907,100,100121,100,99904,100,100132,100,99898,100,100135,100,99775,100
2019-06-28 09:38:50.000000000,100041,260,99972,360,100043,260,99961,260,100047,100,99950,100,100057,100,99940,100,100069,100,99936,100,100105,100,99909,100,100120,100,99907,100,100121,100,99904,100,100132,100,99898,100,100135,100,99775,100
2019-06-28 09:38:51.536513276,100041,260,99972,260,100043,260,99961,260,100047,100,99950,100,100057,100,99940,100,100069,100,99936,100,100105,100,99909,100,100120,100,99907,100,100121,100,99904,100,100132,100,99898,100,100135,100,99775,100
2019-06-28 09:38:51.979180905,100041,260,99972,260,100043,260,99961,260,100047,100,99950,100,100057,100,99940,100,100069,100,99936,100,100105,100,99909,100,100120,100,99907,100,100121,100,99904,100,100132,100,99898,100,100162,100,99816,100
2019-06-28 09:38:58.078735120,100041,260,99972,260,100043,260,99961,260,100047,100,99950,100,100069,100,99940,100,100105,100,99936,100,100120,100,99909,100,100121,100,99907,100,100132,100,99904,100,100162,100,99898,100,100165,100,99816,100
2019-06-28 09:39:00.000000000,100041,420,99972,420,100043,100,99961,100,100047,100,99950,100,100069,100,99940,100,100105,100,99936,100,100120,100,99909,100,100121,100,99907,100,100132,100,99904,100,100162,100,99898,100,100165,100,99816,100
2019-06-28 09:39:05.556036705,100041,420,99972,420,100043,100,99961,100,100047,100,99950,100,100069,100,99940,100,100105,100,99936,100,100120,100,99909,100,100121,100,99907,100,100132,100,99904,100,100162,100,99898,100,100165,100,99845,100
2019-06-28 09:39:10.000000000,100041,260,99972,260,100043,260,99961,260,100047,100,99950,100,100069,100,99940,100,100105,100,99936,100,100120,100,99909,100,100121,100,99907,100,100132,100,99904,100,100162,100,99898,100,100165,100,99845,100
2019-06-28 09:39:20.000000000,100041,164,99972,164,100043,164,99961,164,100047,164,99950,164,100069,164,99940,164,100105,164,99936,164,100120,100,99909,100,100121,100,99907,100,100132,100,99904,100,100162,100,99898,100,100165,100,99845,100
2019-06-28 09:39:30.000000000,100041,420,99972,420,100043,100,99961,100,100047,100,99950,100,100069,100,99940,100,100105,100,99936,100,100120,100,99909,100,100121,100,99907,100,100132,100,99904,100,100162,100,99898,100,100165,100,99845,100
2019-06-28 09:39:40.000000000,100041,164,99972,164,100043,164,99961,164,100047,164,99950,164,100069,164,99940,164,100105,164,99936,164,100120,100,99909,100,100121,100,99907,100,100132,100,99904,100,100162,100,99898,100,100165,100,99845,100
2019-06-28 09:39:44.413877020,100041,164,99972,64,100043,164,99961,164,100047,164,99950,164,100069,164,99940,164,100105,164,99936,164,100120,100,99909,100,100121,100,99907,100,100132,100,99904,100,100162,100,99898,100,100165,100,99845,100
2019-06-28 09:39:50.000000000,100041,420,99961,420,100043,100,99950,100,100047,100,99940,100,100069,100,99936,100,100105,100,99909,100,100120,100,99907,100,100121,100,99904,100,100132,100,99898,100,100162,100,99845,100,100165,100,99816,100
2019-06-28 09:39:58.504704640,100041,420,99961,420,100043,100,99950,100,100047,100,99940,100,100069,100,99936,100,100105,100,99909,100,100120,100,99907,100,100121,100,99904,100,100132,100,99898,100,100162,100,99845,100,100165,100,99816,100
2019-06-28 09:40:00.000000000,100041,164,99961,164,100043,164,99950,164,100047,164,99940,164,100069,164,99936,164,100105,164,99909,164,100120,100,99907,100,100121,100,99904,100,100132,100,99898,100,100162,100,99845,100,100165,100,99816,100
2019-06-28 09:40:02.088372248,99972,100,99961,164,100041,164,99950,164,100043,164,99940,164,100047,164,99936,164,100069,164,99909,164,100105,164,99907,100,100120,100,99904,100,100121,100,99898,100,100132,100,99845,100,100162,100,99816,100
2019-06-28 09:40:02.791590019,99972,100,99961,64,100041,164,99950,164,100043,164,99940,164,100047,164,99936,164,100069,164,99909,164,100105,164,99907,100,100120,100,99904,100,100121,100,99898,100,100132,100,99845,100,100162,100,99816,100
2019-06-28 09:40:04.503625678,99971,100,99961,64,99972,100,99950,164,100041,164,99940,164,100043,164,99936,164,100047,164,99909,164,100069,164,99907,100,100105,164,99904,100,100120,100,99898,100,100121,100,99845,100,100132,100,99816,100
2019-06-28 09:40:10.000000000,99971,260,99950,260,99972,260,99940,260,100041,100,99936,100,100043,100,99909,100,100047,100,99907,100,100069,100,99904,100,100105,100,99898,100,100120,100,99845,100,100121,100,99816,100,100132,100,99775,100
2019-06-28 09:40:20.000000000,99971,164,99950,164,99972,164,99940,164,100041,164,99936,164,100043,164,99909,164,100047,164,99907,164,100069,100,99904,100,100105,100,99898,100,100120,100,99845,100,100121,100,99816,100,100132,100,99775,100
2019-06-28 09:40:30.000000000,99971,180,99950,180,99972,180,99940,180,100041,180,99936,180,100043,180,99909,180,100047,100,99907,100,100069,100,99904,100,100105,100,99898,100,100120,100,99845,100,100121,100,99816,100,100132,100,99775,100
2019-06-28 09:40:35.469782035,99971,180,99950,80,99972,180,99940,180,100041,180,99936,180,100043,80,99909,180,100047,100,99907,100,100069,100,99904,100,100105,100,99898,100,100120,100,99845,100,100121,100,99816,100,100132,100,99775,100
2019-06-28 09:40:40.000000000,99971,180,99940,180,99972,180,99936,180,100041,180,99909,180,100047,180,99907,180,100069,100,99904,100,100105,100,99898,100,100120,100,99845,100,100121,100,99816,100,100132,100,99775,100,100162,100,99690,100
2019-06-28 09:40:50.000000000,99971,180,99940,180,99972,180,99936,180,100041,180,99909,180,100047,180,99907,180,100069,100,99904,100,100105,100,99898,100,100120,100,99845,100,100121,100,99816,100,100132,100,99775,100,100162,100,99690,100
2019-06-28 09:40:53.608397337,99971,180,99940,80,99972,180,99936,180,100041,180,99909,180,100047,180,99907,180,100069,100,99904,100,100105,100,99898,100,100120,100,99845,100,100121,100,99816,100,100132,100,99775,100,100162,100,99690,100
2019-06-28 09:41:00.000000000,99971,180,99936,180,99972,180,99909,180,100041,180,99907,180,100047,180,99904,180,100069,100,99898,100,100105,100,99845,100,100120,100,99816,100,100121,100,99775,100,100132,100,99690,100,100162,100,99682,100
2019-06-28 09:41:05.388403625,99950,100,99936,180,99971,180,99909,180,99972,180,99907,180,100041,180,99904,180,100047,180,99898,100,100069,100,99845,100,100105,100,99816,100,100120,100,99775,100,100121,100,99690,100,100132,100,99682,100
2019-06-28 09:41:09.923771361,99950,100,99936,80,99971,180,99909,180,99972,180,99907,180,100041,180,99904,180,100047,180,99898,100,100069,100,99845,100,100105,100,99816,100,100120,100,99775,100,100121,100,99690,100,100132,100,99682,100
2019-06-28 09:41:10.000000000,99950,164,99909,164,99971,164,99907,164,99972,164,99904,164,100041,164,99898,164,100047,164,99845,164,100069,100,99816,100,100105,100,99775,100,100120,100,99690,100,100121,100,99682,100,100132,100,99680,100
2019-06-28 09:41:20.000000000,99950,180,99909,180,99971,180,99907,180,99972,180,99904,180,100041,180,99898,180,100047,100,99845,100,100069,100,99816,100,100105,100,99775,100,100120,100,99690,100,100121,100,99682,100,100132,100,99680,100
2019-06-28 09:41:28.154910677,99950,180,99909,180,99971,180,99907,180,99972,180,99904,180,100041,180,99898,180,100047,100,99845,100,100069,100,99816,100,100105,100,99775,100,100120,100,99690,100,100121,100,99682,100,100132,100,99680,100
2019-06-28 09:41:28.404006814,99950,180,99909,180,99971,180,99907,180,99972,180,99904,180,100041,180,99898,180,100047,100,99845,100,100069,100,99816,100,100105,100,99775,100,100120,100,99690,100,100121,100,99682,100,100132,100,99680,100
2019-06-28 09:41:30.000000000,99950,164,99909,164,99971,164,99907,164,99972,164,99904,164,100041,164,99898,164,100047,164,99845,164,100069,100,99816,100,100105,100,99775,100,100120,100,99690,100,100121,100,99682,100,100132,100,99680,100
2019-06-28 09:41:40.000000000,99950,164,99909,164,99971,164,99907,164,99972,164,99904,164,100041,164,99898,164,100047,164,99845,164,100069,100,99816,100,100105,100,99775,100,100120,100,99690,100,100121,100,99682,100,100132,100,99680,100
2019-06-28 09:41:45.449216361,99950,164,99909,164,99971,164,99907,164,99972,164,99904,164,100041,64,99898,164,100047,164,99845,164,100069,100,99816,100,100105,100,99775,100,100120,100,99690,100,100121,100,99682,100,100132,100,99680,100
2019-06-28 09:41:50.000000000,99950,164,99909,164,99971,164,99907,164,99972,164,99904,164,100047,164,99898,164,100069,164,99845,164,100105,100,99816,100,100120,100,99775,100,100121,100,99690,100,100132,100,99682,100,100162,100,99680,100
2019-06-28 09:42:00.000000000,99950,164,99909,164,99971,164,99907,164,99972,164,99904,164,100047,164,99898,164,100069,164,99845,164,100105,100,99816,100,100120,100,99775,100,100121,100,99690,100,100132,100,99682,100,100162,100,99680,100
2019-06-28 09:42:10.000000000,99950,260,99909,260,99971,260,99907,260,99972,100,99904,100,100047,100,99898,100,100069,100,99845,100,100105,100,99816,100,100120,100,99775,100,100121,100,99690,100,100132,100,99682,100,100162,100,99680,100
2019-06-28 09:42:18.734656993,99940,100,99909,260,99950,260,99907,260,99971,260,99904,100,99972,100,99898,100,100047,100,99845,100,100069,100,99816,100,100105,100,99775,100,100120,100,99690,100,100121,100,99682,100,100132,100,99680,100
2019-06-28 09:42:20.000000000,99940,180,99909,180,99950,180,99907,180,99971,180,99904,180,99972,180,99898,180,100047,100,99845,100,100069,100,99816,100,100105,100,99775,100,100120,100,99690,100,100121,100,99682,100,100132,100,99680,100
2019-06-28 09:42:30.000000000,99940,180,99909,180,99950,180,99907,180,99971,180,99904,180,99972,180,99898,180,100047,100,99845,100,100069,100,99816,100,100105,100,99775,100,100120,100,99690,100,100121,100,99682,100,100132,100,99680,100
2019-06-28 09:42:40.000000000,99940,180,99909,180,99950,180,99907,180,99971,180,99904,180,99972,180,99898,180,100047,100,99845,100,100069,100,99816,100,100105,100,99775,100,100120,100,99690,100,100121,100,99682,100,100132,100,99680,100
2019-06-28 09:42:41.156449926,99940,180,99909,180,99950,180,99907,180,99971,180,99904,180,99972,180,99898,180,100047,100,99845,100,100069,100,99816,100,100105,100,99775,100,100120,100,99690,100,100121,100,99682,100,100132,100,99680,100
2019-06-28 09:42:50.000000000,99940,180,99909,180,99950,180,99907,180,99971,180,99904,180,99972,180,99898,180,100047,100,99845,100,100069,100,99816,100,100105,100,99775,100,100120,100,99690,100,100121,100,99682,100,100132,100,99680,100
2019-06-28 09:42:50.361424581,99940,180,99909,80,99950,180,99907,180,99971,180,99904,180,99972,180,99898,180,100047,100,99845,100,100105,100,99816,100,100120,100,99775,100,100121,100,99690,100,100132,100,99682,100,100165,100,99680,100
2019-06-28 09:43:00.000000000,99940,209,99907,209,99950,206,99904,206,99971,206,99898,206,99972,100,99845,100,100047,100,99816,100,100105,100,99775,100,100120,100,99690,100,100121,100,99682,100,100132,100,99680,100,100165,100,99591,100
2019-06-28 09:43:09.350087139,99936,100,99907,209,99940,209,99904,206,99950,206,99898,206,99971,206,99845,100,99972,100,99816,100,100047,100,99775,100,100105,100,99690,100,100120,100,99682,100,100121,100,99680,100,100132,100,99591,100
2019-06-28 09:43:09.634247779,99936,100,99907,209,99940,209,99904,206,99950,206,99898,206,99971,206,99845,100,99972,100,99816,100,100047,100,99775,100,100105,100,99690,100,100120,100,99682,100,100121,100,99680,100,100132,100,99591,100
2019-06-28 09:43:10.000000000,99936,164,99907,164,99940,164,99904,164,99950,164,99898,164,99971,164,99845,164,99972,164,99816,164,100047,100,99775,100,100105,100,99690,100,100120,100,99682,100,100121,100,99680,100,100132,100,99591,100
2019-06-28 09:43:20.000000000,99936,164,99907,164,99940,164,99904,164,99950,164,99898,164,99971,164,99845,164,99972,164,99816,164,100047,100,99775,100,100105,100,99690,100,100120,100,99682,100,100121,100,99680,100,100132,100,99591,100
2019-06-28 09:43:20.385321914,99936,264,99907,164,99940,164,99904,164,99950,164,99898,164,99971,164,99845,164,99972,164,99816,164,100047,100,99775,100,100105,100,99690,100,100120,100,99682,100,100121,100,99680,100,100132,100,99591,100
2019-06-28 09:43:30.000000000,99936,360,99907,260,99940,260,99904,260,99950,100,99898,100,99971,100,99845,100,99972,100,99816,100,100047,100,99775,100,100105,100,99690,100,100120,100,99682,100,100121,100,99680,100,100132,100,99591,100
2019-06-28 09:43:40.000000000,99936,360,99907,260,99940,260,99904,260,99950,100,99898,100,99971,100,99845,100,99972,100,99816,100,100047,100,99775,100,100105,100,99690,100,100120,100,99682,100,100121,100,99680,100,100132,100,99591,100
2019-06-28 09:43:50.000000000,99936,280,99907,180,99940,180,99904,180,99950,180,99898,180,99971,180,99845,180,99972,100,99816,100,100047,100,99775,100,100105,100,99690,100,100120,100,99682,100,100121,100,99680,100,100132,100,99591,100
2019-06-28 09:43:59.635287787,99936,280,99907,180,99940,180,99904,180,99950,180,99898,180,99971,180,99845,180,100047,100,99816,100,100105,100,99775,100,100120,100,99690,100,100121,100,99682,100,100132,100,99680,100,100165,100,99591,100
2019-06-28 09:44:00.000000000,99936,520,99907,420,99940,100,99904,100,99950,100,99898,100,99971,100,99845,100,100047,100,99816,100,100105,100,99775,100,100120,100,99690,100,100121,100,99682,100,100132,100,99680,100,100165,100,99591,100
2019-06-28 09:44:07.359338552,99936,520,99907,320,99940,100,99904,100,99950,100,99898,100,99971,100,99845,100,100047,100,99816,100,100105,100,99775,100,100120,100,99690,100,100121,100,99682,100,100165,100,99680,100,100182,100,99591,100
2019-06-28 09:44:10.000000000,99936,280,99904,180,99940,180,99898,180,99950,180,99845,180,99971,180,99816,180,100047,100,99775,100,100105,100,99690,100,100120,100,99682,100,100121,100,99680,100,100165,100,99591,100,100182,100,99473,100
2019-06-28 09:44:20.000000000,99936,520,99904,420,99940,100,99898,100,99950,100,99845,100,99971,100,99816,100,100047,100,99775,100,100105,100,99690,100,100120,100,99682,100,100121,100,99680,100,100165,100,99591,100,100182,100,99473,100
2019-06-28 09:44:30.000000000,99936,264,99904,164,99940,164,99898,164,99950,164,99845,164,99971,164,99816,164,100047,164,99775,164,100105,100,99690,100,100120,100,99682,100,100121,100,99680,100,100165,100,99591,100,100182,100,99473,100
2019-06-28 09:44:39.275005794,99909,100,99904,164,99936,264,99898,164,99940,164,99845,164,99950,164,99816,164,99971,164,99775,164,100047,164,99690,100,100105,100,99682,100,100120,100,99680,100,100121,100,99591,100,100165,100,99473,100
2019-06-28 09:44:40.000000000,99909,420,99904,420,99936,200,99898,100,99940,100,99845,100,99950,100,99816,100,99971,100,99775,100,100047,100,99690,100,100105,100,99682,100,100120,100,99680,100,100121,100,99591,100,100165,100,99473,100
2019-06-28 09:44:50.000000000,99909,420,99904,420,99936,200,99898,100,99940,100,99845,100,99950,100,99816,100,99971,100,99775,100,100047,100,99690,100,100105,100,99682,100,100120,100,99680,100,100121,100,99591,100,100165,100,99473,100
2019-06-28 09:44:54.355856528,99909,420,99904,420,99936,200,99898,100,99940,100,99845,100,99950,100,99816,100,99971,100,99775,100,100047,100,99690,100,100105,100,99682,100,100120,100,99680,100,100121,100,99591,100,100165,100,99473,100
2019-06-28 09:45:00.000000000,99909,420,99904,420,99936,200,99898,100,99940,100,99845,100,99950,100,99816,100,99971,100,99775,100,100047,100,99690,100,100105,100,99682,100,100120,100,99680,100,100121,100,99591,100,100165,100,99473,100
2019-06-28 09:45:10.000000000,99909,260,99904,260,99936,360,99898,260,99940,100,99845,100,99950,100,99816,100,99971,100,99775,100,100047,100,99690,100,100105,100,99682,100,100120,100,99680,100,100121,100,99591,100,100165,100,99473,100
2019-06-28 09:45:20.000000000,99909,180,99904,180,99936,280,99898,180,99940,180,99845,180,99950,180,99816,180,99971,100,99775,100,100047,100,99690,100,100105,100,99682,100,100120,100,99680,100,100121,100,99591,100,100165,100,99473,100
2019-06-28 09:45:30.000000000,99909,260,99904,260,99936,360,99898,260,99940,100,99845,100,99950,100,99816,100,99971,100,99775,100,100047,100,99690,100,100105,100,99682,100,100120,100,99680,100,100121,100,99591,100,100165,100,99473,100
2019-06-28 09:45:32.069549533,99909,260,99904,260,99936,360,99898,260,99940,100,99816,100,99950,100,99775,100,99971,100,99690,100,100047,100,99682,100,100105,100,99680,100,100120,100,99600,100,100121,100,99591,100,100165,100,99473,100
2019-06-28 09:45:40.000000000,99909,209,99904,209,99936,306,99898,206,99940,206,99816,206,99950,100,99775,100,99971,100,99690,100,100047,100,99682,100,100105,100,99680,100,100120,100,99600,100,100121,100,99591,100,100165,100,99473,100
2019-06-28 09:45:41.436409451,99909,209,99904,209,99936,306,99898,206,99940,206,99816,206,99950,100,99775,100,99971,100,99738,100,100047,100,99690,100,100105,100,99682,100,100120,100,99680,100,100121,100,99600,100,100165,100,99591,100
2019-06-28 09:45:50.000000000,99909,164,99904,164,99936,264,99898,164,99940,164,99816,164,99950,164,99775,164,99971,164,99738,164,100047,100,99690,100,100105,100,99682,100,100120,100,99680,100,100121,100,99600,100,100165,100,99591,100
2019-06-28 09:46:00.000000000,99909,180,99904,180,99936,280,99898,180,99940,180,99816,180,99950,180,99775,180,99971,100,99738,100,100047,100,99690,100,100105,100,99682,100,100120,100,99680,100,100121,100,99600,100,100165,100,99591,100
2019-06-28 09:46:00.098418212,99909,180,99904,80,99936,280,99898,180,99940,180,99816,180,99950,180,99775,180,99971,100,99738,100,100047,100,99690,100,100105,100,99682,100,100120,100,99680,100,100121,100,99600,100,100165,100,99591,100
2019-06-28 09:46:00.986631189,99904,20,99898,180,99909,180,99816,180,99936,280,99775,180,99940,180,99738,100,99950,180,99690,100,99971,100,99682,100,100047,100,99680,100,100105,100,99600,100,100120,100,99473,100,100121,100,99376,100
2019-06-28 09:46:10.000000000,99904,340,99898,420,99909,100,99816,100,99936,200,99775,100,99940,100,99738,100,99950,100,99690,100,99971,100,99682,100,100047,100,99680,100,100105,100,99600,100,100120,100,99473,100,100121,100,99376,100
2019-06-28 09:46:20.000000000,99904,180,99898,260,99909,260,99816,260,99936,200,99775,100,99940,100,99738,100,99950,100,99690,100,99971,100,99682,100,100047,100,99680,100,100105,100,99600,100,100120,100,99473,100,100121,100,99376,100
2019-06-28 09:46:30.000000000,99904,340,99898,420,99909,100,99816,100,99936,200,99775,100,99940,100,99738,100,99950,100,99690,100,99971,100,99682,100,100047,100,99680,100,100105,100,99600,100,100120,100,99473,100,100121,100,99376,100
2019-06-28 09:46:40.000000000,99904,129,99898,209,99909,206,99816,206,99936,306,99775,206,99940,100,99738,100,99950,100,99690,100,99971,100,99682,100,100047,100,99680,100,100105,100,99600,100,100120,100,99473,100,100121,100,99376,100
2019-06-28 09:46:40.215989963,99904,129,99898,109,99909,206,99816,206,99936,306,99775,206,99940,100,99738,100,99950,100,99690,100,99971,100,99682,100,100047,100,99680,100,100105,100,99600,100,100120,100,99473,100,100121,100,99376,100
2019-06-28 09:46:48.761434922,99904,129,99898,9,99909,206,99816,206,99936,306,99775,206,99940,100,99738,100,99950,100,99690,100,99971,100,99682,100,100047,100,99680,100,100105,100,99600,100,100120,100,99473,100,100121,100,99376,100
2019-06-28 09:46:49.891815436,99904,129,99898,9,99909,206,99816,206,99936,306,99775,206,99950,100,99738,100,99971,100,99690,100,100047,100,99682,100,100105,100,99680,100,100120,100,99600,100,100121,100,99473,100,100165,100,99376,100
2019-06-28 09:46:50.000000000,99904,180,99816,260,99909,260,99775,260,99936,200,99738,100,99950,100,99690,100,99971,100,99682,100,100047,100,99680,100,100105,100,99600,100,100120,100,99473,100,100121,100,99376,100,100165,100,99305,100
2019-06-28 09:46:53.306295466,99904,180,99816,160,99909,260,99775,260,99936,200,99738,100,99950,100,99690,100,99971,100,99682,100,100047,100,99680,100,100105,100,99600,100,100120,100,99473,100,100121,100,99376,100,100165,100,99305,100
2019-06-28 09:47:00.000000000,99904,340,99775,420,99909,100,99738,100,99936,200,99690,100,99950,100,99682,100,99971,100,99680,100,100047,100,99600,100,100105,100,99473,100,100120,100,99376,100,100121,100,99305,100,100165,100,99237,100
2019-06-28 09:47:09.805206818,99898,100,99775,420,99904,340,99738,100,99909,100,99690,100,99936,200,99682,100,99950,100,99680,100,99971,100,99600,100,100047,100,99473,100,100105,100,99376,100,100120,100,99305,100,100121,100,99237,100
2019-06-28 09:47:10.000000000,99898,420,99775,420,99904,20,99738,100,99909,100,99690,100,99936,200,99682,100,99950,100,99680,100,99971,100,99600,100,100047,100,99473,100,100105,100,99376,100,100120,100,99305,100,100121,100,99237,100
2019-06-28 09:47:20.000000000,99898,209,99775,209,99904,126,99738,206,99909,206,99690,206,99936,200,99682,100,99950,100,99680,100,99971,100,99600,100,100047,100,99473,100,100105,100,99376,100,100120,100,99305,100,100121,100,99237,100
2019-06-28 09:47:24.260626498,99898,209,99775,209,99904,126,99738,206,99909,206,99690,206,99936,200,99682,100,99950,100,99680,100,99971,100,99600,100,100047,100,99473,100,100105,100,99376,100,100120,100,99305,100,100121,100,99237,100
2019-06-28 09:47:26.594470439,99898,309,99775,209,99904,126,99738,206,99909,206,99690,206,99936,200,99682,100,99950,100,99680,100,99971,100,99600,100,100047,100,99473,100,100105,100,99376,100,100120,100,99305,100,100121,100,99237,100
2019-06-28 09:47:29.048718413,99898,309,99775,109,99904,126,99738,206,99909,206,99690,206,99936,200,99682,100,99950,100,99680,100,99971,100,99600,100,100047,100,99473,100,100105,100,99376,100,100120,100,99305,100,100121,100,99237,100
2019-06-28 09:47:30.000000000,99898,309,99738,209,99904,126,99690,206,99909,206,99682,206,99936,200,99680,100,99950,100,99600,100,99971,100,99473,100,100047,100,99376,100,100105,100,99305,100,100120,100,99237,100,100121,100,99162,100
2019-06-28 09:47:40.000000000,99898,520,99738,420,99904,20,99690,100,99909,100,99682,100,99936,200,99680,100,99950,100,99600,100,99971,100,99473,100,100047,100,99376,100,100105,100,99305,100,100120,100,99237,100,100121,100,99162,100
2019-06-28 09:47:48.240606856,99898,520,99738,320,99904,20,99690,100,99909,100,99682,100,99936,200,99680,100,99950,100,99600,100,99971,100,99473,100,100047,100,99376,100,100105,100,99305,100,100120,100,99162,100,100121,100,,
2019-06-28 09:47:50.000000000,99898,520,99690,420,99904,20,99682,100,99909,100,99680,100,99936,200,99600,100,99950,100,99473,100,99971,100,99376,100,100047,100,99305,100,100105,100,99162,100,100120,100,,,100121,100,,
2019-06-28 09:48:00.000000000,99898,520,99690,420,99904,20,99682,100,99909,100,99680,100,99936,200,99600,100,99950,100,99473,100,99971,100,99376,100,100047,100,99305,100,100105,100,99162,100,100120,100,,,100121,100,,
2019-06-28 09:48:10.000000000,99898,309,99690,209,99904,126,99682,206,99909,206,99680,206,99936,200,99600,100,99950,100,99473,100,99971,100,99376,100,100047,100,99305,100,100105,100,99162,100,100120,100,,,100121,100,,
2019-06-28 09:48:20.000000000,99898,309,99690,209,99904,126,99682,206,99909,206,99680,206,99936,200,99600,100,99950,100,99473,100,99971,100,99376,100,100047,100,99305,100,100105,100,99162,100,100120,100,,,100121,100,,
2019-06-28 09:48:30.000000000,99898,360,99690,260,99904,180,99682,260,99909,100,99680,100,99936,200,99600,100,99950,100,99473,100,99971,100,99376,100,100047,100,99305,100,100105,100,99162,100,100120,100,,,100121,100,,
2019-06-28 09:48:33.820954321,99898,360,99690,260,99904,180,99682,260,99909,100,99680,100,99917,100,99600,100,99936,200,99376,100,99950,100,99305,100,99971,100,99162,100,100047,100,,,100105,100,,,100120,100,,
2019-06-28 09:48:36.055732215,99898,360,99823,100,99904,180,99690,260,99909,100,99682,160,99917,100,99680,100,99936,200,99600,100,99950,100,99376,100,99971,100,99305,100,100047,100,99162,100,100105,100,,,100120,100,,
2019-06-28 09:48:40.000000000,99898,264,99823,164,99904,84,99690,164,99909,164,99680,164,99917,164,99600,164,99936,264,99376,164,99950,100,99305,100,99971,100,99162,100,100047,100,,,100105,100,,,100120,100,,
2019-06-28 09:48:50.000000000,99898,264,99823,164,99904,84,99690,164,99909,164,99680,164,99917,164,99600,164,99936,264,99376,164,99950,100,99305,100,99971,100,99162,100,100047,100,,,100105,100,,,100120,100,,
2019-06-28 09:48:50.957700784,99898,264,99823,164,99904,84,99690,164,99909,164,99680,164,99917,164,99678,100,99936,264,99600,164,99950,100,99376,164,99971,100,99305,100,100047,100,99162,100,100105,100,,,100120,100,,
2019-06-28 09:49:00.000000000,99898,520,99823,420,99904,20,99690,100,99909,100,99680,100,99917,100,99678,100,99936,200,99600,100,99950,100,99376,100,99971,100,99305,100,100047,100,99162,100,100105,100,,,100120,100,,
2019-06-28 09:49:10.000000000,99898,360,99823,260,99904,180,99690,260,99909,100,99680,100,99917,100,99678,100,99936,200,99600,100,99950,100,99376,100,99971,100,99305,100,100047,100,99162,100,100105,100,,,100120,100,,
2019-06-28 09:49:10.990694916,99898,260,99823,260,99904,180,99690,260,99909,100,99680,100,99917,100,99678,100,99936,200,99600,100,99950,100,99376,100,99971,100,99305,100,100047,100,99162,100,100105,100,,,100120,100,,
2019-06-28 09:49:15.263987783,99897,100,99823,260,99898,260,99690,260,99904,180,99680,100,99909,100,99678,100,99917,100,99600,100,99936,200,99376,100,99950,100,99305,100,99971,100,99162,100,100047,100,,,100105,100,,
2019-06-28 09:49:20.000000000,99897,260,99823,260,99898,260,99690,260,99904,20,99680,100,99909,100,99678,100,99917,100,99600,100,99936,200,99376,100,99950,100,99305,100,99971,100,99162,100,100047,100,,,100105,100,,
2019-06-28 09:49:30.000000000,99897,260,99823,260,99898,260,99690,260,99904,20,99680,100,99909,100,99678,100,99917,100,99600,100,99936,200,99376,100,99950,100,99305,100,99971,100,99162,100,100047,100,,,100105,100,,
2019-06-28 09:49:33.775247907,99897,160,99823,260,99898,260,99690,260,99904,20,99680,100,99909,100,99678,100,99917,100,99600,100,99936,200,99376,100,99950,100,99305,100,99971,100,,,100047,100,,,100105,100,,
2019-06-28 09:49:40.000000000,99898,164,99823,164,99904,84,99690,164,99909,164,99680,164,99917,164,99678,164,99936,264,99600,164,99950,100,99376,100,99971,100,99305,100,100047,100,,,100105,100,,,100120,100,,
2019-06-28 09:49:50.000000000,99898,180,99823,180,99904,100,99690,180,99909,180,99680,180,99917,180,99678,180,99936,200,99600,100,99950,100,99376,100,99971,100,99305,100,100047,100,,,100105,100,,,100120,100,,
2019-06-28 09:49:51.084379570,99896,100,99823,180,99898,180,99690,180,99904,100,99680,180,99909,180,99678,180,99917,180,99600,100,99936,200,99376,100,99950,100,99305,100,99971,100,,,100047,100,,,100105,100,,
2019-06-28 09:50:00.000000000,99896,209,99823,209,99898,206,99690,206,99904,126,99680,206,99909,100,99678,100,99917,100,99600,100,99936,200,99376,100,99950,100,99305,100,99971,100,,,100047,100,,,100105,100,,
2019-06-28 09:50:02.326382123,99896,109,99823,209,99898,206,99690,206,99904,126,99680,206,99909,100,99678,100,99917,100,99600,100,99936,200,99376,100,99950,100,99305,100,99971,100,,,100047,100,,,100105,100,,
2019-06-28 09:50:04.210380413,99896,109,99837,100,99898,206,99823,209,99904,126,99690,206,99909,100,99680,206,99917,100,99678,100,99936,200,99600,100,99950,100,99376,100,99971,100,99305,100,100047,100,,,100105,100,,
2019-06-28 09:50:10.000000000,99898,209,99837,209,99904,126,99823,206,99909,206,99690,206,99917,100,99680,100,99936,200,99678,100,99950,100,99600,100,99971,100,99376,100,100047,100,99305,100,100105,100,,,100120,100,,
2019-06-28 09:50:20.000000000,99898,420,99837,420,99904,20,99823,100,99909,100,99690,100,99917,100,99680,100,99936,200,99678,100,99950,100,99600,100,99971,100,99376,100,100047,100,99305,100,100105,100,,,100120,100,,
2019-06-28 09:50:30.000000000,99898,260,99837,260,99904,180,99823,260,99909,100,99690,100,99917,100,99680,100,99936,200,99678,100,99950,100,99600,100,99971,100,99376,100,100047,100,99305,100,100105,100,,,100120,100,,
2019-06-28 09:50:30.407046973,99898,160,99837,260,99904,180,99823,260,99909,100,99690,100,99917,100,99680,100,99936,200,99678,100,99950,100,99600,100,99971,100,99376,100,100047,100,99305,100,100105,100,,,100120,100,,
2019-06-28 09:50:40.000000000,99904,129,99837,209,99909,206,99823,206,99917,206,99690,206,99936,200,99680,100,99950,100,99678,100,99971,100,99600,100,100047,100,99376,100,100105,100,99305,100,100120,100,,,100121,100,,
2019-06-28 09:50:50.000000000,99904,180,99837,260,99909,260,99823,260,99917,100,99690,100,99936,200,99680,100,99950,100,99678,100,99971,100,99600,100,100047,100,99376,100,100105,100,99305,100,100120,100,,,100121,100,,
2019-06-28 09:51:00.000000000,99904,340,99837,420,99909,100,99823,100,99917,100,99690,100,99936,200,99680,100,99950,100,99678,100,99971,100,99600,100,100047,100,99376,100,100105,100,99305,100,100120,100,,,100121,100,,
2019-06-28 09:51:10.000000000,99904,100,99837,180,99909,180,99823,180,99917,180,99690,180,99936,280,99680,180,99950,100,99678,100,99971,100,99600,100,100047,100,99376,100,100105,100,99305,100,100120,100,,,100121,100,,
2019-06-28 09:51:17.760956686,99909,180,99837,180,99917,80,99823,180,99936,280,99690,180,99950,100,99680,180,99971,100,99678,100,100047,100,99600,100,100105,100,99376,100,100120,100,99305,100,100121,100,,,100165,100,,
2019-06-28 09:51:20.000000000,99909,164,99837,164,99936,264,99823,164,99950,164,99690,164,99971,164,99680,164,100047,164,99678,164,100105,100,99600,100,100120,100,99376,100,100121,100,99305,100,100165,100,,,100236,100,,
2019-06-28 09:51:30.000000000,99909,420,99837,420,99936,200,99823,100,99950,100,99690,100,99971,100,99680,100,100047,100,99678,100,100105,100,99600,100,100120,100,99376,100,100121,100,99305,100,100165,100,,,100236,100,,
2019-06-28 09:51:40.000000000,99909,420,99837,420,99936,200,99823,100,99950,100,99690,100,99971,100,99680,100,100047,100,99678,100,100105,100,99600,100,100120,100,99376,100,100121,100,99305,100,100165,100,,,100236,100,,
2019-06-28 09:51:50.000000000,99909,260,99837,260,99936,360,99823,260,99950,100,99690,100,99971,100,99680,100,100047,100,99678,100,100105,100,99600,100,100120,100,99376,100,100121,100,99305,100,100165,100,,,100236,100,,
2019-06-28 09:51:58.196603355,99909,160,99837,260,99936,360,99823,260,99950,100,99690,100,99971,100,99680,100,100047,100,99678,100,100105,100,99600,100,100120,100,99376,100,100121,100,99305,100,100165,100,,,100236,100,,
2019-06-28 09:52:00.000000000,99936,264,99837,164,99950,164,99823,164,99971,164,99690,164,100047,164,99680,164,100105,164,99678,164,100120,100,99600,100,100121,100,99376,100,100165,100,99305,100,100236,100,,,100291,100,,
2019-06-28 09:52:00.316017424,99936,264,99837,164,99950,164,99823,164,99971,164,99690,164,100047,164,99680,164,100105,164,99678,164,100120,100,99600,100,100121,100,99376,100,100165,100,99305,100,100236,100,,,100291,100,,
2019-06-28 09:52:03.170828338,99936,164,99837,164,99950,164,99823,164,99971,164,99690,164,100047,164,99680,164,100105,164,99678,164,100120,100,99600,100,100121,100,99376,100,100165,100,99305,100,100236,100,,,100291,100,,
2019-06-28 09:52:07.326957388,99936,64,99837,164,99950,164,99823,164,99971,164,99690,164,100047,164,99680,164,100105,164,99678,164,100120,100,99600,100,100121,100,99376,100,100165,100,99305,100,100236,100,,,100291,100,,
2019-06-28 09:52:10.000000000,99950,260,99837,260,99971,260,99823,260,100047,100,99690,100,100105,100,99680,100,100120,100,99678,100,100121,100,99600,100,100165,100,99376,100,100236,100,99305,100,100291,100,,,100978,100,,
2019-06-28 09:52:20.000000000,99950,180,99837,180,99971,180,99823,180,100047,180,99690,180,100105,180,99680,180,100120,100,99678,100,100121,100,99600,100,100165,100,99376,100,100236,100,99305,100,100291,100,,,100978,100,,
2019-06-28 09:52:25.078327930,99950,180,99936,100,99971,180,99837,180,100047,180,99823,180,100105,180,99690,180,100120,100,99680,180,100121,100,99678,100,100165,100,99600,100,100236,100,99376,100,100291,100,99305,100,100978,100,,
2019-06-28 09:52:30.000000000,99950,180,99936,180,99971,180,99837,180,100047,180,99823,180,100105,180,99690,180,100120,100,99680,100,100121,100,99678,100,100165,100,99600,100,100236,100,99376,100,100291,100,99305,100,100978,100,,
2019-06-28 09:52:40.000000000,99950,420,99936,420,99971,100,99837,100,100047,100,99823,100,100105,100,99690,100,100120,100,99680,100,100121,100,99678,100,100165,100,99600,100,100236,100,99376,100,100291,100,99305,100,100978,100,,
2019-06-28 09:52:42.388168190,99950,320,99936,420,99971,100,99837,100,100047,100,99823,100,100105,100,99690,100,100120,100,99680,100,100121,100,99678,100,100165,100,99600,100,100236,100,99376,100,100291,100,99305,100,100978,100,,
2019-06-28 09:52:46.307248915,99950,320,99936,420,99971,100,99837,100,100047,100,99823,100,100105,100,99690,100,100120,100,99680,100,100121,100,99678,100,100165,100,99600,100,100236,100,99376,100,100291,100,99305,100,100978,100,,
2019-06-28 09:52:50.000000000,99971,260,99936,260,100047,260,99837,260,100105,100,99823,100,100120,100,99690,100,100121,100,99680,100,100165,100,99678,100,100236,100,99600,100,100291,100,99376,100,100978,100,99305,100,101496,100,,
2019-06-28 09:53:00.000000000,99971,164,99936,164,100047,164,99837,164,100105,164,99823,164,100120,164,99690,164,100121,164,99680,164,100165,100,99678,100,100236,100,99600,100,100291,100,99376,100,100978,100,99305,100,101496,100,,
2019-06-28 09:53:03.039632058,99971,64,99936,164,100047,164,99837,164,100105,164,99823,164,100120,164,99690,164,100121,164,99680,164,100165,100,99678,100,100236,100,99600,100,100291,100,99376,100,100978,100,99305,100,101496,100,,
2019-06-28 09:53:10.000000000,100047,420,99936,420,100105,100,99837,100,100120,100,99823,100,100121,100,99690,100,100165,100,99680,100,100236,100,99678,100,100291,100,99600,100,100978,100,99376,100,101496,100,99305,100,,,,
2019-06-28 09:53:20.000000000,100047,209,99936,209,100105,206,99837,206,100120,206,99823,206,100121,100,99690,100,100165,100,99680,100,100236,100,99678,100,100291,100,99600,100,100978,100,99376,100,101496,100,99305,100,,,,
2019-06-28 09:53:26.052938374,100047,209,99950,100,100105,206,99936,209,100120,206,99837,206,100121,100,99823,206,100165,100,99690,100,100236,100,99680,100,100291,100,99678,100,100978,100,99600,100,101496,100,99376,100,,,99305,100
2019-06-28 09:53:29.238925061,100047,109,99950,100,100105,206,99936,209,100120,206,99837,206,100121,100,99823,206,100165,100,99690,100,100236,100,99680,100,100291,100,99678,100,100978,100,99600,100,101496,100,99376,100,,,99305,100
2019-06-28 09:53:30.000000000,100105,180,99950,180,100120,180,99936,180,100121,180,99837,180,100165,180,99823,180,100236,100,99690,100,100291,100,99680,100,100978,100,99678,100,101496,100,99600,100,,,99376,100,,,99305,100
2019-06-28 09:53:35.891879963,100105,180,99950,180,100120,180,99936,180,100121,180,99837,180,100165,180,99823,180,100236,100,99690,100,100291,100,99680,100,100978,100,99678,100,101496,100,99600,100,101712,100,99376,100,,,99305,100
2019-06-28 09:53:40.000000000,100105,180,99950,180,100120,180,99936,180,100121,180,99837,180,100165,180,99823,180,100236,100,99690,100,100291,100,99680,100,100978,100,99678,100,101496,100,99600,100,101712,100,99376,100,,,99305,100
2019-06-28 09:53:42.448654629,100105,180,99950,180,100120,180,99936,180,100121,180,99837,80,100165,180,99823,180,100236,100,99690,100,100291,100,99680,100,100978,100,99678,100,101496,100,99600,100,101712,100,99376,100,101957,100,99305,100
2019-06-28 09:53:50.000000000,100105,420,99950,420,100120,100,99936,100,100121,100,99823,100,100165,100,99690,100,100236,100,99680,100,100291,100,99678,100,100978,100,99600,100,101496,100,99376,100,101712,100,99305,100,101957,100,,
2019-06-28 09:54:00.000000000,100105,420,99950,420,100120,100,99936,100,100121,100,99823,100,100165,100,99690,100,100236,100,99680,100,100291,100,99678,100,100978,100,99600,100,101496,100,99376,100,101712,100,99305,100,101957,100,,
2019-06-28 09:54:10.000000000,100105,260,99950,260,100120,260,99936,260,100121,100,99823,100,100165,100,99690,100,100236,100,99680,100,100291,100,99678,100,100978,100,99600,100,101496,100,99376,100,101712,100,99305,100,101957,100,,
2019-06-28 09:54:20.000000000,100105,260,99950,260,100120,260,99936,260,100121,100,99823,100,100165,100,99690,100,100236,100,99680,100,100291,100,99678,100,100978,100,99600,100,101496,100,99376,100,101712,100,99305,100,101957,100,,
2019-06-28 09:54:24.527857205,100105,260,99971,100,100120,260,99950,260,100121,100,99936,260,100165,100,99823,100,100236,100,99690,100,100291,100,99680,100,100978,100,99678,100,101496,100,99600,100,101712,100,99376,100,101957,100,99305,100
2019-06-28 09:54:28.966979122,100105,260,99971,100,100120,260,99950,260,100121,100,99936,260,100165,100,99823,100,100236,100,99690,100,100291,100,99680,100,100978,100,99678,100,101496,100,99600,100,101712,100,99376,100,101957,100,99305,100
2019-06-28 09:54:29.082636196,100105,160,99971,100,100120,260,99950,260,100121,100,99936,260,100165,100,99823,100,100236,100,99690,100,100291,100,99680,100,100978,100,99678,100,101496,100,99600,100,101712,100,99376,100,101957,100,99305,100
2019-06-28 09:54:30.000000000,100120,420,99971,420,100121,100,99950,100,100165,100,99936,100,100236,100,99823,100,100291,100,99690,100,100978,100,99680,100,101496,100,99678,100,101712,100,99600,100,101957,100,99376,100,102036,100,99305,100
2019-06-28 09:54:37.007253594,100120,420,99971,420,100121,100,99950,100,100165,100,99936,100,100236,100,99823,100,100291,100,99690,100,100978,100,99680,100,101496,100,99678,100,101712,100,99600,100,101957,100,99376,100,101995,100,99305,100
2019-06-28 09:54:40.000000000,100120,209,99971,209,100121,206,99950,206,100165,206,99936,206,100236,100,99823,100,100291,100,99690,100,100978,100,99680,100,101496,100,99678,100,101712,100,99600,100,101957,100,99376,100,101995,100,99305,100
2019-06-28 09:54:50.000000000,100120,260,99971,260,100121,260,99950,260,100165,100,99936,100,100236,100,99823,100,100291,100,99690,100,100978,100,99680,100,101496,100,99678,100,101712,100,99600,100,101957,100,99376,100,101995,100,99305,100
2019-06-28 09:54:55.272918218,100120,260,100047,100,100121,260,99971,260,100165,100,99950,260,100236,100,99936,100,100291,100,99823,100,100978,100,99690,100,101496,100,99680,100,101712,100,99678,100,101957,100,99600,100,101995,100,99376,100
2019-06-28 09:55:00.000000000,100120,180,100047,180,100121,180,99971,180,100165,180,99950,180,100236,180,99936,180,100291,100,99823,100,100978,100,99690,100,101496,100,99680,100,101712,100,99678,100,101957,100,99600,100,101995,100,99376,100
2019-06-28 09:55:10.000000000,100120,209,100047,209,100121,206,99971,206,100165,206,99950,206,100236,100,99936,100,100291,100,99823,100,100978,100,99690,100,101496,100,99680,100,101712,100,99678,100,101957,100,99600,100,101995,100,99376,100
2019-06-28 09:55:12.766249870,100120,209,100047,209,100121,206,99971,206,100165,206,99950,206,100236,100,99936,100,100291,100,99823,100,100978,100,99690,100,101496,100,99680,100,101712,100,99678,100,101957,100,99600,100,101995,100,99376,100
2019-06-28 09:55:20.000000000,100120,164,100047,164,100121,164,99971,164,100165,164,99950,164,100236,164,99936,164,100291,164,99823,164,100978,100,99690,100,101496,100,99680,100,101712,100,99678,100,101957,100,99600,100,101995,100,99376,100
2019-06-28 09:55:30.000000000,100120,420,100047,420,100121,100,99971,100,100165,100,99950,100,100236,100,99936,100,100291,100,99823,100,100978,100,99690,100,101496,100,99680,100,101712,100,99678,100,101957,100,99600,100,101995,100,99376,100
2019-06-28 09:55:39.859150317,100120,320,100047,420,100121,100,99971,100,100165,100,99950,100,100236,100,99936,100,100291,100,99823,100,101496,100,99690,100,101712,100,99680,100,101957,100,99678,100,101995,100,99600,100,102036,100,99376,100
2019-06-28 09:55:40.000000000,100121,420,100047,420,100165,100,99971,100,100236,100,99950,100,100291,100,99936,100,101496,100,99823,100,101712,100,99690,100,101957,100,99680,100,101995,100,99678,100,102036,100,99600,100,102179,100,99376,100
2019-06-28 09:55:49.264691944,100121,420,100047,420,100236,100,99971,100,100291,100,99950,100,101496,100,99936,100,101712,100,99823,100,101957,100,99690,100,101995,100,99680,100,102036,100,99678,100,102093,100,99600,100,102179,100,99376,100
2019-06-28 09:55:50.000000000,100121,164,100047,164,100236,164,99971,164,100291,164,99950,164,101496,164,99936,164,101712,164,99823,164,101957,100,99690,100,101995,100,99680,100,102036,100,99678,100,102093,100,99600,100,102179,100,99376,100
2019-06-28 09:55:51.930802723,100121,64,100047,164,100236,164,99971,164,100291,164,99950,164,101496,64,99936,164,101712,164,99823,164,101957,100,99690,100,101995,100,99680,100,102036,100,99678,100,102093,100,99600,100,102179,100,99376,100
2019-06-28 09:56:00.000000000,100236,209,100047,209,100291,206,99971,206,101712,206,99950,206,101957,100,99936,100,101995,100,99823,100,102036,100,99690,100,102093,100,99680,100,102179,100,99678,100,,,99600,100,,,99376,100
2019-06-28 09:56:10.000000000,100236,180,100047,180,100291,180,99971,180,101712,180,99950,180,101957,180,99936,180,101995,100,99823,100,102036,100,99690,100,102093,100,99680,100,102179,100,99678,100,,,99600,100,,,99376,100
2019-06-28 09:56:10.472031482,100236,180,100120,100,100291,180,100047,180,101712,180,99971,180,101957,180,99950,180,101995,100,99936,180,102036,100,99823,100,102093,100,99690,100,102179,100,99680,100,,,99678,100,,,99600,100
2019-06-28 09:56:20.000000000,100236,420,100120,420,100291,100,100047,100,101712,100,99971,100,101957,100,99950,100,101995,100,99936,100,102036,100,99823,100,102093,100,99690,100,102179,100,99680,100,,,99678,100,,,99600,100
2019-06-28 09:56:30.000000000,100236,164,100120,164,100291,164,100047,164,101712,164,99971,164,101957,164,99950,164,101995,164,99936,164,102036,100,99823,100,102093,100,99690,100,102179,100,99680,100,,,99678,100,,,99600,100
2019-06-28 09:56:38.334388876,100236,164,100120,264,100291,164,100047,164,101712,164,99971,164,101957,164,99950,164,101995,164,99936,164,102036,100,99823,100,102093,100,99690,100,102179,100,99680,100,,,99678,100,,,99600,100
2019-06-28 09:56:39.840403068,100236,164,100120,364,100291,164,100047,164,101712,164,99971,164,101957,164,99950,164,101995,164,99936,164,102036,100,99823,100,102093,100,99690,100,102179,100,99680,100,,,99678,100,,,99600,100
2019-06-28 09:56:40.000000000,100236,260,100120,460,100291,260,100047,260,101712,100,99971,100,101957,100,99950,100,101995,100,99936,100,102036,100,99823,100,102093,100,99690,100,102179,100,99680,100,,,99678,100,,,99600,100
2019-06-28 09:56:40.025785065,100236,160,100120,460,100291,260,100047,260,101712,100,99971,100,101957,100,99950,100,101995,100,99936,100,102036,100,99823,100,102093,100,99690,100,102179,100,99680,100,,,99678,100,,,99600,100
2019-06-28 09:56:50.000000000,100291,260,100120,460,101712,260,100047,260,101957,100,99971,100,101995,100,99950,100,102036,100,99936,100,102093,100,99823,100,102179,100,99690,100,,,99680,100,,,99678,100,,,99600,100
2019-06-28 09:56:50.177517296,100291,260,100121,100,101712,260,100120,460,101957,100,100047,260,101995,100,99971,100,102036,100,99950,100,102093,100,99936,100,102179,100,99823,100,,,99690,100,,,99680,100,,,99678,100
2019-06-28 09:56:53.499628953,100291,260,100121,100,101712,260,100120,460,101793,100,100047,260,101957,100,99971,100,101995,100,99950,100,102036,100,99936,100,102093,100,99823,100,102179,100,99690,100,,,99680,100,,,99678,100
2019-06-28 09:57:00.000000000,100291,260,100121,260,101712,260,100120,460,101793,100,100047,100,101957,100,99971,100,101995,100,99950,100,102036,100,99936,100,102093,100,99823,100,102179,100,99690,100,,,99680,100,,,99678,100
2019-06-28 09:57:10.000000000,100291,164,100121,164,101712,164,100120,364,101793,164,100047,164,101957,164,99971,164,101995,164,99950,164,102036,100,99936,100,102093,100,99823,100,102179,100,99690,100,,,99680,100,,,99678,100
2019-06-28 09:57:17.249620587,100291,164,100121,164,101712,164,100120,364,101793,164,100047,164,101940,100,99971,164,101957,164,99950,164,101995,164,99936,100,102036,100,99823,100,102093,100,99690,100,102179,100,99680,100,,,99678,100
2019-06-28 09:57:19.196941392,100291,164,100121,164,101712,164,100120,364,101723,100,100047,164,101793,164,99971,164,101940,100,99950,164,101957,164,99936,100,101995,164,99823,100,102036,100,99690,100,102093,100,99680,100,102179,100,99678,100
2019-06-28 09:57:20.000000000,100291,209,100121,209,101712,206,100120,406,101723,206,100047,206,101793,100,99971,100,101940,100,99950,100,101957,100,99936,100,101995,100,99823,100,102036,100,99690,100,102093,100,99680,100,102179,100,99678,100
2019-06-28 09:57:20.422440784,100291,109,100121,209,101712,206,100120,406,101723,206,100047,206,101793,100,99971,100,101940,100,99950,100,101957,100,99936,100,101995,100,99823,100,102036,100,99690,100,102093,100,99680,100,102179,100,99678,100
2019-06-28 09:57:30.000000000,101712,260,100121,260,101723,260,100120,460,101793,100,100047,100,101940,100,99971,100,101957,100,99950,100,101995,100,99936,100,102036,100,99823,100,102093,100,99690,100,102179,100,99680,100,,,99678,100
2019-06-28 09:57:31.873983332,101568,100,100121,260,101712,260,100120,460,101723,260,100047,100,101793,100,99971,100,101940,100,99950,100,101957,100,99936,100,101995,100,99823,100,102036,100,99690,100,102093,100,99680,100,102179,100,99678,100
2019-06-28 09:57:40.000000000,101568,180,100121,180,101712,180,100120,380,101723,180,100047,180,101793,180,99971,180,101940,100,99950,100,101957,100,99936,100,101995,100,99823,100,102036,100,99690,100,102093,100,99680,100,102179,100,99678,100
2019-06-28 09:57:46.343064703,101568,80,100121,180,101712,180,100120,380,101723,180,100047,180,101793,180,99971,180,101940,100,99950,100,101957,100,99936,100,101995,100,99823,100,102036,100,99690,100,102093,100,99680,100,,,99678,100
2019-06-28 09:57:50.000000000,101712,164,100121,164,101723,164,100120,364,101793,164,100047,164,101940,164,99971,164,101957,164,99950,164,101995,100,99936,100,102036,100,99823,100,102093,100,99690,100,,,99680,100,,,99678,100
2019-06-28 09:58:00.000000000,101712,180,100121,180,101723,180,100120,380,101793,180,100047,180,101940,180,99971,180,101957,100,99950,100,101995,100,99936,100,102036,100,99823,100,102093,100,99690,100,,,99680,100,,,99678,100
2019-06-28 09:58:06.741326677,101712,180,101543,100,101723,180,100121,180,101793,180,100120,380,101940,180,100047,180,101957,100,99971,180,101995,100,99950,100,102036,100,99936,100,102093,100,99823,100,,,99690,100,,,99680,100
2019-06-28 09:58:10.000000000,101712,260,101543,260,101723,260,100121,260,101793,100,100120,300,101940,100,100047,100,101957,100,99971,100,101995,100,99950,100,102036,100,99936,100,102093,100,99823,100,,,99690,100,,,99680,100
2019-06-28 09:58:20.000000000,101712,420,101543,420,101723,100,100121,100,101793,100,100120,300,101940,100,100047,100,101957,100,99971,100,101995,100,99950,100,102036,100,99936,100,102093,100,99823,100,,,99690,100,,,99680,100
2019-06-28 09:58:30.000000000,101712,260,101543,260,101723,260,100121,260,101793,100,100120,300,101940,100,100047,100,101957,100,99971,100,101995,100,99950,100,102036,100,99936,100,102093,100,99823,100,,,99690,100,,,99680,100
2019-06-28 09:58:40.000000000,101712,180,101543,180,101723,180,100121,180,101793,180,100120,380,101940,180,100047,180,101957,100,99971,100,101995,100,99950,100,102036,100,99936,100,102093,100,99823,100,,,99690,100,,,99680,100
2019-06-28 09:58:50.000000000,101712,260,101543,260,101723,260,100121,260,101793,100,100120,300,101940,100,100047,100,101957,100,99971,100,101995,100,99950,100,102036,100,99936,100,102093,100,99823,100,,,99690,100,,,99680,100
2019-06-28 09:58:51.804200834,101712,260,101543,260,101723,260,100291,100,101793,100,100121,260,101940,100,100120,300,101957,100,99971,100,101995,100,99950,100,102036,100,99936,100,102093,100,99823,100,,,99690,100,,,99680,100
2019-06-28 09:58:56.867059461,101712,260,101543,260,101723,260,101372,100,101793,100,100291,100,101940,100,100121,260,101957,100,100120,300,101995,100,99971,100,102036,100,99950,100,102093,100,99936,100,,,99823,100,,,99690,100
2019-06-28 09:59:00.000000000,101712,420,101543,420,101723,100,101372,100,101793,100,100291,100,101940,100,100121,100,101957,100,100120,300,101995,100,99971,100,102036,100,99950,100,102093,100,99936,100,,,99823,100,,,99690,100
2019-06-28 09:59:10.000000000,101712,164,101543,164,101723,164,101372,164,101793,164,100291,164,101940,164,100121,164,101957,164,100120,364,101995,100,99971,100,102036,100,99950,100,102093,100,99936,100,,,99823,100,,,99690,100
2019-06-28 09:59:20.000000000,101712,180,101543,180,101723,180,101372,180,101793,180,100291,180,101940,180,100121,180,101957,100,100120,300,101995,100,99971,100,102036,100,99950,100,102093,100,99936,100,,,99823,100,,,99690,100
2019-06-28 09:59:30.000000000,101712,180,101543,180,101723,180,101372,180,101793,180,100291,180,101940,180,100121,180,101957,100,100120,300,101995,100,99971,100,102036,100,99950,100,102093,100,99936,100,,,99823,100,,,99690,100
2019-06-28 09:59:33.717420809,101712,180,101543,80,101723,180,101372,180,101793,180,100291,180,101940,180,100121,180,101957,100,100120,300,101995,100,99971,100,102036,100,99950,100,,,99936,100,,,99823,100,,,99690,100
2019-06-28 09:59:40.000000000,101712,164,101372,164,101723,164,100291,164,101793,164,100121,164,101940,164,100120,364,101957,164,99971,164,101995,100,99950,100,102036,100,99936,100,,,99823,100,,,99690,100,,,99680,100
2019-06-28 09:59:46.581531026,101712,164,101372,164,101723,164,100915,100,101793,164,100291,164,101940,164,100121,164,101957,164,100120,364,101995,100,99971,164,102036,100,99950,100,,,99936,100,,,99823,100,,,99690,100
2019-06-28 09:59:50.000000000,101712,420,101372,420,101723,100,100915,100,101793,100,100291,100,101940,100,100121,100,101957,100,100120,300,101995,100,99971,100,102036,100,99950,100,,,99936,100,,,99823,100,,,99690,100
2019-06-28 09:59:56.016966548,101712,420,101372,420,101723,100,100915,100,101793,100,100846,100,101940,100,100291,100,101957,100,100121,100,101995,100,100120,300,102036,100,99971,100,,,99950,100,,,99936,100,,,99823,100
2019-06-28 09:59:58.409464165,101712,420,101372,420,101723,100,100915,100,101793,100,100846,100,101940,100,100485,100,101957,100,100291,100,101995,100,100121,100,102036,100,100120,300,,,99971,100,,,99950,100,,,99936,100
2019-06-28 10:00:00.000000000,101712,180,101372,180,101723,180,100915,180,101793,180,100846,180,101940,180,100485,180,101957,100,100291,100,101995,100,100121,100,102036,100,100120,300,,,99971,100,,,99950,100,,,99936,100
2019-06-28 10:00:08.630989808,101567,100,101372,180,101712,180,100915,180,101723,180,100846,180,101793,180,100485,180,101940,180,100291,100,101957,100,100121,100,101995,100,100120,300,102036,100,99971,100,,,99950,100,,,99936,100
2019-06-28 10:00:10.000000000,101567,260,101372,260,101712,260,100915,260,101723,100,100846,100,101793,100,100485,100,101940,100,100291,100,101957,100,100121,100,101995,100,100120,300,102036,100,99971,100,,,99950,100,,,99936,100
2019-06-28 10:00:11.077077035,101567,260,101372,160,101712,260,100915,260,101793,100,100846,100,101940,100,100485,100,101957,100,100291,100,101995,100,100121,100,102036,100,100120,300,,,99971,100,,,99950,100,,,99936,100
2019-06-28 10:00:20.000000000,101567,164,100915,164,101712,164,100846,164,101793,164,100485,164,101940,164,100291,164,101957,164,100121,164,101995,100,100120,300,102036,100,99971,100,,,99950,100,,,99936,100,,,99823,100
2019-06-28 10:00:22.416230178,101567,164,100915,64,101712,164,100846,164,101793,164,100485,164,101940,164,100291,164,101957,164,100121,164,101995,100,100120,300,102036,100,99971,100,,,99950,100,,,99936,100,,,99823,100
2019-06-28 10:00:23.342003581,101372,100,100915,64,101567,164,100846,164,101712,164,100485,164,101793,164,100291,164,101940,164,100121,164,101957,164,100120,300,101995,100,99971,100,102036,100,99950,100,,,99936,100,,,99823,100
2019-06-28 10:00:25.952420831,101372,200,100915,64,101567,164,100846,164,101712,164,100485,164,101793,164,100291,164,101940,164,100121,164,101957,164,100120,300,101995,100,99971,100,102036,100,99950,100,,,99936,100,,,99823,100
2019-06-28 10:00:30.000000000,101372,309,100846,209,101567,206,100485,206,101712,206,100291,206,101793,100,100121,100,101940,100,100120,300,101957,100,99971,100,101995,100,99950,100,102036,100,99936,100,,,99823,100,,,99690,100
2019-06-28 10:00:31.497366236,101372,309,100916,100,101567,206,100846,209,101712,206,100485,206,101793,100,100291,106,101940,100,100121,100,101957,100,100120,300,101995,100,99971,100,102036,100,99950,100,,,99936,100,,,99823,100
2019-06-28 10:00:40.000000000,101372,264,100916,164,101567,164,100846,164,101712,164,100485,164,101793,164,100121,164,101940,164,100120,364,101957,100,99971,100,101995,100,99950,100,102036,100,99936,100,,,99823,100,,,99690,100
2019-06-28 10:00:41.290047475,101084,100,100916,164,101372,264,100846,164,101567,164,100485,164,101712,164,100121,164,101793,164,100120,364,101940,164,99971,100,101957,100,99950,100,101995,100,99936,100,102036,100,99823,100,,,99690,100
2019-06-28 10:00:50.000000000,101084,209,100916,209,101372,306,100846,206,101567,206,100485,206,101712,100,100121,100,101793,100,100120,300,101940,100,99971,100,101957,100,99950,100,101995,100,99936,100,102036,100,99823,100,,,99690,100
2019-06-28 10:01:00.000000000,101084,420,100916,420,101372,200,100846,100,101567,100,100485,100,101712,100,100121,100,101793,100,100120,300,101940,100,99971,100,101957,100,99950,100,101995,100,99936,100,102036,100,99823,100,,,99690,100
2019-06-28 10:01:02.401286611,101084,420,100916,420,101372,200,100887,100,101567,100,100846,100,101712,100,100485,100,101793,100,100121,100,101940,100,100120,300,101957,100,99971,100,101995,100,99950,100,102036,100,99936,100,,,99823,100
2019-06-28 10:01:05.405627837,101084,420,100916,420,101372,200,100887,100,101567,100,100846,100,101712,100,100673,100,101793,100,100485,100,101940,100,100121,100,101957,100,100120,300,101995,100,99971,100,102036,100,99950,100,,,99936,100
2019-06-28 10:01:10.000000000,101084,420,100916,420,101372,200,100887,100,101567,100,100846,100,101712,100,100673,100,101793,100,100485,100,101940,100,100121,100,101957,100,100120,300,101995,100,99971,100,102036,100,99950,100,,,99936,100
2019-06-28 10:01:14.852142559,101084,420,100916,320,101372,200,100887,100,101567,100,100673,100,101712,100,100485,100,101793,100,100121,100,101940,100,100120,300,101957,100,99971,100,101995,100,99950,100,102036,100,99936,100,,,99823,100
2019-06-28 10:01:15.328608503,101084,420,100916,320,101372,200,100887,100,101567,100,100673,100,101712,100,100502,100,101793,100,100485,100,101940,100,100121,100,101957,100,100120,300,101995,100,99971,100,102036,100,99950,100,,,99936,100
2019-06-28 10:01:20.000000000,101084,209,100887,209,101372,306,100673,206,101567,206,100502,206,101712,100,100485,100,101793,100,100121,100,101940,100,100120,300,101957,100,99971,100,101995,100,99950,100,102036,100,99936,100,,,99823,100
2019-06-28 10:01:30.000000000,101084,180,100887,180,101372,280,100673,180,101567,180,100502,180,101712,180,100485,180,101793,100,100121,100,101940,100,100120,300,101957,100,99971,100,101995,100,99950,100,102036,100,99936,100,,,99823,100
2019-06-28 10:01:32.054478368,101084,180,100887,180,101372,280,100673,180,101567,180,100502,180,101712,180,100485,180,101793,100,100121,100,101940,100,100120,200,101957,100,99971,100,101995,100,99950,100,102036,100,99936,100,,,99823,100
2019-06-28 10:01:39.603304642,101084,180,100887,80,101372,280,100673,180,101567,180,100502,180,101712,180,100485,180,101793,100,100121,100,101940,100,100120,200,101957,100,99971,100,101995,100,99950,100,102036,100,99936,100,,,99823,100
2019-06-28 10:01:40.000000000,101084,209,100673,209,101372,306,100502,206,101567,206,100485,206,101712,100,100121,100,101793,100,100120,200,101940,100,99971,100,101957,100,99950,100,101995,100,99936,100,102036,100,99823,100,,,99690,100
2019-06-28 10:01:50.000000000,101084,209,100673,209,101372,306,100502,206,101567,206,100485,206,101712,100,100121,100,101793,100,100120,200,101940,100,99971,100,101957,100,99950,100,101995,100,99936,100,102036,100,99823,100,,,99690,100
2019-06-28 10:02:00.000000000,101084,209,100673,209,101372,306,100502,206,101567,206,100485,206,101712,100,100121,100,101793,100,100120,200,101940,100,99971,100,101957,100,99950,100,101995,100,99936,100,102036,100,99823,100,,,99690,100
2019-06-28 10:02:10.000000000,101084,180,100673,180,101372,280,100502,180,101567,180,100485,180,101712,180,100121,180,101793,100,100120,200,101940,100,99971,100,101957,100,99950,100,101995,100,99936,100,102036,100,99823,100,,,99690,100
2019-06-28 10:02:20.000000000,101084,209,100673,209,101372,306,100502,206,101567,206,100485,206,101712,100,100121,100,101793,100,100120,200,101940,100,99971,100,101957,100,99950,100,101995,100,99936,100,102036,100,99823,100,,,99690,100
2019-06-28 10:02:30.000000000,101084,420,100673,420,101372,200,100502,100,101567,100,100485,100,101712,100,100121,100,101793,100,100120,200,101940,100,99971,100,101957,100,99950,100,101995,100,99936,100,102036,100,99823,100,,,99690,100
2019-06-28 10:02:40.000000000,101084,164,100673,164,101372,264,100502,164,101567,164,100485,164,101712,164,100121,164,101793,164,100120,264,101940,100,99971,100,101957,100,99950,100,101995,100,99936,100,102036,100,99823,100,,,99690,100
2019-06-28 10:02:50.000000000,101084,260,100673,260,101372,360,100502,260,101567,100,100485,100,101712,100,100121,100,101793,100,100120,200,101940,100,99971,100,101957,100,99950,100,101995,100,99936,100,102036,100,99823,100,,,99690,100
2019-06-28 10:02:52.280804609,101084,260,100673,260,101372,360,100502,260,101567,100,100121,100,101712,100,100120,200,101793,100,99971,100,101940,100,99950,100,101957,100,99936,100,101995,100,99823,100,102036,100,99690,100,,,99680,100
2019-06-28 10:03:00.000000000,101084,180,100673,180,101372,280,100502,180,101567,180,100121,180,101712,180,100120,280,101793,100,99971,100,101940,100,99950,100,101957,100,99936,100,101995,100,99823,100,102036,100,99690,100,,,99680,100
2019-06-28 10:03:10.000000000,101084,420,100673,420,101372,200,100502,100,101567,100,100121,100,101712,100,100120,200,101793,100,99971,100,101940,100,99950,100,101957,100,99936,100,101995,100,99823,100,102036,100,99690,100,,,99680,100
2019-06-28 10:03:20.000000000,101084,180,100673,180,101372,280,100502,180,101567,180,100121,180,101712,180,100120,280,101793,100,99971,100,101940,100,99950,100,101957,100,99936,100,101995,100,99823,100,102036,100,99690,100,,,99680,100
2019-06-28 10:03:21.666754425,101084,180,100673,180,101372,280,100502,180,101567,180,100121,180,101712,180,100120,280,101793,100,99971,100,101940,100,99950,100,101957,100,99936,100,101995,100,99823,100,102036,100,99772,100,,,99680,100
2019-06-28 10:03:30.000000000,101084,209,100673,209,101372,306,100502,206,101567,206,100121,206,101712,100,100120,200,101793,100,99971,100,101940,100,99950,100,101957,100,99936,100,101995,100,99823,100,102036,100,99772,100,,,99680,100
2019-06-28 10:03:37.091650671,101084,209,100673,209,101372,306,100502,206,101567,206,100121,206,101712,100,100120,200,101793,100,99971,100,101940,100,99950,100,101995,100,99936,100,102036,100,99823,100,,,99772,100,,,99680,100
2019-06-28 10:03:40.000000000,101084,420,100673,420,101372,200,100502,100,101567,100,100121,100,101712,100,100120,200,101793,100,99971,100,101940,100,99950,100,101995,100,99936,100,102036,100,99823,100,,,99772,100,,,99680,100
2019-06-28 10:03:50.000000000,101084,209,100673,209,101372,306,100502,206,101567,206,100121,206,101712,100,100120,200,101793,100,99971,100,101940,100,99950,100,101995,100,99936,100,102036,100,99823,100,,,99772,100,,,99680,100
2019-06-28 10:03:54.991947844,100916,100,100673,209,101084,209,100502,206,101372,306,100121,206,101567,206,100120,200,101712,100,99971,100,101793,100,99950,100,101940,100,99936,100,101995,100,99823,100,102036,100,99772,100,,,99680,100
2019-06-28 10:04:00.000000000,100916,260,100673,260,101084,260,100502,260,101372,200,100121,100,101567,100,100120,200,101712,100,99971,100,101793,100,99950,100,101940,100,99936,100,101995,100,99823,100,102036,100,99772,100,,,99680,100
2019-06-28 10:04:01.904636012,100916,360,100673,260,101084,260,100502,260,101372,200,100121,100,101567,100,100120,200,101712,100,99971,100,101793,100,99950,100,101940,100,99936,100,101995,100,99823,100,102036,100,99772,100,,,99680,100
2019-06-28 10:04:10.000000000,100916,360,100673,260,101084,260,100502,260,101372,200,100121,100,101567,100,100120,200,101712,100,99971,100,101793,100,99950,100,101940,100,99936,100,101995,100,99823,100,102036,100,99772,100,,,99680,100
2019-06-28 10:04:20.000000000,100916,520,100673,420,101084,100,100502,100,101372,200,100121,100,101567,100,100120,200,101712,100,99971,100,101793,100,99950,100,101940,100,99936,100,101995,100,99823,100,102036,100,99772,100,,,99680,100
2019-06-28 10:04:29.178711161,100916,520,100673,420,101084,100,100502,100,101372,200,100121,100,101567,100,100120,100,101712,100,99971,100,101793,100,99950,100,101940,100,99936,100,101995,100,99823,100,102036,100,99772,100,,,99680,100
2019-06-28 10:04:30.000000000,100916,280,100673,180,101084,180,100502,180,101372,280,100121,180,101567,180,100120,180,101712,100,99971,100,101793,100,99950,100,101940,100,99936,100,101995,100,99823,100,102036,100,99772,100,,,99680,100
2019-06-28 10:04:30.558864322,100916,280,100673,80,101084,180,100502,180,101372,280,100121,180,101567,180,100120,180,101712,100,99971,100,101793,100,99950,100,101940,100,99936,100,101995,100,99823,100,102036,100,99772,100,,,99680,100
2019-06-28 10:04:30.797127691,100673,20,100502,180,100916,280,100121,180,101084,180,100120,180,101372,280,99971,100,101567,180,99950,100,101712,100,99936,100,101793,100,99823,100,101940,100,99772,100,101995,100,99680,100,102036,100,99660,100
2019-06-28 10:04:35.484209372,100673,20,100502,80,100916,280,100121,180,101084,180,100120,180,101372,280,99971,100,101567,180,99950,100,101712,100,99936,100,101793,100,99823,100,101940,100,99772,100,101995,100,99680,100,102036,100,99660,100
2019-06-28 10:04:40.000000000,100673,129,100121,209,100916,306,100120,206,101084,206,99971,206,101372,200,99950,100,101567,100,99936,100,101712,100,99823,100,101793,100,99772,100,101940,100,99680,100,101995,100,99660,100,102036,100,99649,100
2019-06-28 10:04:47.844330465,100673,229,100121,209,100916,306,100120,206,101084,206,99971,206,101372,200,99950,100,101567,100,99936,100,101712,100,99823,100,101793,100,99772,100,101940,100,99680,100,101995,100,99660,100,102036,100,99649,100
2019-06-28 10:04:50.000000000,100673,229,100121,209,100916,306,100120,206,101084,206,99971,206,101372,200,99950,100,101567,100,99936,100,101712,100,99823,100,101793,100,99772,100,101940,100,99680,100,101995,100,99660,100,102036,100,99649,100
2019-06-28 10:04:56.138004021,100673,229,100121,209,100916,306,100120,206,101084,206,99971,206,101372,200,99950,100,101567,100,99936,100,101712,100,99823,100,101793,100,99772,100,101940,100,99680,100,101995,100,99679,100,102036,100,99660,100
2019-06-28 10:04:56.404901543,100673,209,100121,109,100916,306,100120,206,101084,206,99971,206,101372,200,99950,100,101567,100,99936,100,101712,100,99823,100,101793,100,99772,100,101940,100,99680,100,101995,100,99679,100,102036,100,99660,100
2019-06-28 10:04:59.124065524,100673,209,100121,9,100916,306,100120,206,101084,206,99971,206,101372,200,99950,100,101567,100,99936,100,101712,100,99823,100,101793,100,99772,100,101940,100,99680,100,101995,100,99679,100,102036,100,99660,100
2019-06-28 10:05:00.000000000,100673,260,100120,260,100916,360,99971,260,101084,100,99950,100,101372,200,99936,100,101567,100,99823,100,101712,100,99772,100,101793,100,99680,100,101940,100,99679,100,101995,100,99660,100,102036,100,99649,100
2019-06-28 10:05:10.000000000,100673,420,100120,420,100916,200,99971,100,101084,100,99950,100,101372,200,99936,100,101567,100,99823,100,101712,100,99772,100,101793,100,99680,100,101940,100,99679,100,101995,100,99660,100,102036,100,99649,100
2019-06-28 10:05:20.000000000,100673,164,100120,164,100916,264,99971,164,101084,164,99950,164,101372,264,99936,164,101567,164,99823,164,101712,100,99772,100,101793,100,99680,100,101940,100,99679,100,101995,100,99660,100,102036,100,99649,100
2019-06-28 10:05:26.266778961,100673,164,100120,164,100916,264,99971,164,101084,164,99950,164,101372,264,99936,164,101567,164,99823,164,101712,100,99772,100,101793,100,99680,100,101940,100,99679,100,101995,100,99660,100,102036,100,99600,100
2019-06-28 10:05:26.843841548,100673,164,100120,64,100916,264,99971,164,101084,164,99950,164,101372,264,99936,164,101567,164,99823,164,101712,100,99680,100,101793,100,99679,100,101940,100,99660,100,101995,100,99600,100,102036,100,99514,100
2019-06-28 10:05:27.592919702,100120,36,99971,164,100673,164,99950,164,100916,264,99936,164,101084,164,99823,164,101372,264,99680,100,101567,164,99679,100,101712,100,99660,100,101793,100,99600,100,101940,100,99514,100,101995,100,99376,100
2019-06-28 10:05:30.000000000,100120,196,99971,260,100673,260,99950,260,100916,200,99936,100,101084,100,99823,100,101372,200,99680,100,101567,100,99679,100,101712,100,99660,100,101793,100,99600,100,101940,100,99514,100,101995,100,99376,100
2019-06-28 10:05:40.000000000,100120,356,99971,420,100673,100,99950,100,100916,200,99936,100,101084,100,99823,100,101372,200,99680,100,101567,100,99679,100,101712,100,99660,100,101793,100,99600,100,101940,100,99514,100,101995,100,99376,100
2019-06-28 10:05:41.303733821,100120,356,99971,420,100673,100,99950,100,100916,200,99936,100,101084,100,99823,100,101372,200,99763,100,101567,100,99680,100,101712,100,99679,100,101793,100,99660,100,101940,100,99600,100,101995,100,99514,100
2019-06-28 10:05:50.000000000,100120,145,99971,209,100673,206,99950,206,100916,306,99936,206,101084,100,99823,100,101372,200,99763,100,101567,100,99680,100,101712,100,99679,100,101793,100,99660,100,101940,100,99600,100,101995,100,99514,100
2019-06-28 10:05:52.870575776,100120,245,99971,209,100673,206,99950,206,100916,306,99936,206,101084,100,99823,100,101372,200,99763,100,101567,100,99680,100,101712,100,99679,100,101793,100,99660,100,101940,100,99600,100,101995,100,99514,100
2019-06-28 10:05:58.119408996,100011,100,99971,209,100120,245,99950,206,100673,206,99936,206,100916,306,99823,100,101084,100,99763,100,101372,200,99680,100,101567,100,99679,100,101712,100,99660,100,101940,100,99600,100,101995,100,99514,100
2019-06-28 10:06:00.000000000,100011,209,99971,209,100120,242,99950,206,100673,206,99936,206,100916,200,99823,100,101084,100,99763,100,101372,200,99680,100,101567,100,99679,100,101712,100,99660,100,101940,100,99600,100,101995,100,99514,100
2019-06-28 10:06:00.967721709,100011,209,99971,209,100120,242,99950,206,100673,206,99936,206,100916,200,99823,100,101084,100,99799,100,101372,200,99763,100,101567,100,99680,100,101712,100,99660,100,101940,100,99600,100,101995,100,99514,100
2019-06-28 10:06:04.227941247,100011,209,99971,209,100120,242,99950,206,100673,206,99936,206,100916,200,99823,100,101084,100,99799,100,101372,200,99763,100,101567,100,99692,100,101712,100,99680,100,101940,100,99660,100,101995,100,99600,100
