,ask_price_1,ask_size_1,bid_price_1,bid_size_1,ask_price_2,ask_size_2,bid_price_2,bid_size_2,ask_price_3,ask_size_3,bid_price_3,bid_size_3,ask_price_4,ask_size_4,bid_price_4,bid_size_4,ask_price_5,ask_size_5,bid_price_5,bid_size_5,ask_price_6,ask_size_6,bid_price_6,bid_size_6,ask_price_7,ask_size_7,bid_price_7,bid_size_7,ask_price_8,ask_size_8,bid_price_8,bid_size_8,ask_price_9,ask_size_9,bid_price_9,bid_size_9,ask_price_10,ask_size_10,bid_price_10,bid_size_10
2019-06-28 09:30:00.000000001,,,100060,100,,,,,,,,,,,,,,,,,,,,,,,,,,,,,,,,,,,,
2019-06-28 09:30:00.000000003,100128,100,100060,100,,,99997,100,,,,,,,,,,,,,,,,,,,,,,,,,,,,,,,,
2019-06-28 09:30:00.000000004,100128,100,99997,100,,,,,,,,,,,,,,,,,,,,,,,,,,,,,,,,,,,,
2019-06-28 09:30:00.000000005,100054,100,99997,100,100128,100,,,,,,,,,,,,,,,,,,,,,,,,,,,,,,,,,,
2019-06-28 09:30:00.000000011,100054,100,99997,100,100128,100,99980,100,,,,,,,,,,,,,,,,,,,,,,,,,,,,,,,,
2019-06-28 09:30:00.000000012,100050,100,99997,100,100054,100,99980,100,100128,100,99919,100,,,,,,,,,,,,,,,,,,,,,,,,,,,,
2019-06-28 09:30:00.000000013,100050,100,99997,100,100054,100,99980,100,100128,100,99919,100,,,99884,100,,,,,,,,,,,,,,,,,,,,,,,,
2019-06-28 09:30:00.000000014,100050,100,99997,100,100054,100,99980,100,100085,100,99919,100,100128,100,99884,100,,,,,,,,,,,,,,,,,,,,,,,,
2019-06-28 09:30:00.000000015,100023,100,99997,100,100050,100,99980,100,100054,100,99919,100,100085,100,99884,100,100128,100,99875,100,,,,,,,,,,,,,,,,,,,,
2019-06-28 09:30:00.000000016,100023,100,99997,100,100050,200,99980,100,100054,100,99919,100,100085,100,99884,100,100128,100,99875,100,,,,,,,,,,,,,,,,,,,,
2019-06-28 09:30:00.000000017,100023,100,99997,100,100050,200,99980,100,100054,100,99955,100,100085,100,99919,100,100112,100,99884,100,100128,100,99875,100,,,,,,,,,,,,,,,,
2019-06-28 09:30:00.000000019,100023,100,99997,100,100050,200,99980,100,100054,100,99964,100,100085,100,99955,100,100112,100,99919,100,100128,100,99915,100,,,99884,100,,,99875,100,,,,,,,,
2019-06-28 09:30:00.000000020,100023,100,99997,100,100050,200,99980,100,100054,100,99964,100,100085,100,99955,100,100112,100,99919,100,100128,100,99915,100,,,99906,100,,,99887,100,,,99884,100,,,99875,100
2019-06-28 09:30:00.000000022,100023,100,99997,100,100050,200,99980,100,100054,100,99964,100,100085,100,99955,100,100112,100,99928,100,100128,100,99919,100,,,99915,100,,,99906,100,,,99887,100,,,99884,100
2019-06-28 09:30:00.000000023,100023,100,99997,100,100050,200,99986,100,100054,100,99980,100,100063,100,99964,100,100085,100,99955,100,100112,100,99928,100,100128,100,99919,100,,,99915,100,,,99906,100,,,99887,100
2019-06-28 09:30:00.000000024,100023,100,100013,100,100050,200,99997,100,100054,100,99986,100,100063,100,99980,100,100085,100,99964,100,100112,100,99955,100,100128,100,99931,100,,,99928,100,,,99919,100,,,99915,100
2019-06-28 09:30:00.000000028,100023,100,99997,100,100050,200,99986,100,100054,100,99980,100,100063,100,99964,100,100085,100,99955,100,100112,100,99931,100,100128,100,99928,100,,,99919,100,,,99915,100,,,99906,100
2019-06-28 09:30:00.000000030,100023,100,99997,100,100049,200,99986,100,100050,200,99980,100,100054,100,99964,100,100063,100,99955,100,100085,100,99931,100,100112,100,99928,100,100128,100,99919,100,,,99915,100,,,99906,100
2019-06-28 09:30:00.000000031,100023,100,100011,100,100049,200,99997,100,100050,200,99986,100,100054,100,99980,100,100063,100,99964,100,100085,100,99955,100,100112,100,99931,100,100128,100,99928,100,,,99919,100,,,99915,100
2019-06-28 09:30:00.000000032,100023,100,99997,100,100049,200,99986,100,100050,200,99980,100,100054,100,99964,100,100063,100,99955,100,100085,100,99931,100,100112,100,99928,100,100128,100,99919,100,,,99915,100,,,99906,100
2019-06-28 09:30:00.000000033,100023,100,99997,100,100049,200,99986,100,100050,200,99980,100,100054,100,99964,100,100063,100,99955,100,100085,100,99933,100,100112,100,99931,100,100128,100,99928,100,,,99919,100,,,99915,100
2019-06-28 09:30:00.000000037,100023,100,99997,100,100049,200,99986,100,100050,200,99980,100,100054,100,99964,100,100063,100,99955,100,100085,100,99933,100,100112,100,99931,100,100128,100,99928,100,,,99919,100,,,99915,100
2019-06-28 09:30:00.000000039,100049,200,99997,100,100050,200,99986,100,100054,100,99980,100,100063,100,99964,100,100085,100,99955,100,100112,100,99933,100,100128,100,99931,100,,,99928,100,,,99919,100,,,99915,100
2019-06-28 09:30:00.000000043,100036,100,99997,100,100049,200,99986,100,100050,200,99980,100,100054,100,99964,100,100063,100,99955,100,100085,100,99933,100,100112,100,99931,100,100128,100,99928,100,,,99919,100,,,99915,100
2019-06-28 09:30:00.000000044,100036,100,99997,100,100049,200,99986,100,100050,200,99983,100,100054,100,99980,100,100063,100,99964,100,100085,100,99955,100,100112,100,99933,100,100128,100,99931,100,,,99928,100,,,99919,100
2019-06-28 09:30:00.000000051,100049,200,99997,100,100050,200,99986,100,100054,100,99983,100,100063,100,99980,100,100085,100,99964,100,100112,100,99955,100,100128,100,99933,100,,,99931,100,,,99928,100,,,99919,100
2019-06-28 09:30:00.000000054,100036,100,99997,100,100049,200,99986,100,100050,200,99983,100,100054,100,99980,100,100063,100,99964,100,100085,100,99955,100,100112,100,99933,100,100128,100,99931,100,,,99928,100,,,99919,100
2019-06-28 09:30:00.000000057,100036,100,100004,100,100049,200,99997,100,100050,200,99986,100,100054,100,99983,100,100063,100,99980,100,100067,100,99964,100,100085,100,99955,100,100112,100,99933,100,100128,100,99931,100,,,99928,100
2019-06-28 09:30:00.000000059,100036,100,100004,100,100049,200,99997,100,100050,200,99986,100,100054,100,99983,100,100063,100,99980,100,100067,100,99964,100,100085,100,99955,100,100112,100,99933,100,100121,100,99931,100,100128,100,99928,100
2019-06-28 09:30:00.000000065,100036,100,99997,100,100049,200,99986,100,100050,200,99983,100,100054,100,99980,100,100063,100,99964,100,100067,100,99955,100,100085,100,99933,100,100112,100,99931,100,100121,100,99928,100,100128,100,99919,100
2019-06-28 09:30:00.000000069,100049,200,99997,100,100050,200,99986,100,100054,100,99983,100,100063,100,99980,100,100067,100,99964,100,100085,100,99955,100,100112,100,99933,100,100121,100,99931,100,100128,100,99928,100,,,99919,100
2019-06-28 09:30:00.000000072,99999,100,99997,100,100049,200,99986,100,100050,200,99983,100,100054,100,99980,100,100063,100,99964,100,100067,100,99955,100,100085,100,99933,100,100112,100,99931,100,100121,100,99928,100,100128,100,99919,100
2019-06-28 09:30:00.000000073,99999,100,99997,100,100049,200,99986,100,100050,200,99983,100,100054,100,99980,100,100063,100,99964,100,100067,100,99955,100,100085,100,99933,100,100112,100,99931,100,100121,100,99928,100,100128,100,99925,100
2019-06-28 09:30:00.000000075,99999,100,99997,100,100036,100,99986,100,100049,200,99983,100,100050,200,99980,100,100054,100,99964,100,100062,100,99955,100,100063,100,99933,100,100067,100,99931,100,100085,100,99928,100,100112,100,99925,100
2019-06-28 09:30:00.000000078,99999,100,99997,100,100036,200,99986,100,100049,200,99983,100,100050,200,99980,100,100054,100,99964,100,100062,100,99955,100,100063,100,99933,100,100067,100,99931,100,100085,100,99928,100,100112,100,99925,100
2019-06-28 09:30:00.000000079,100036,200,99997,100,100049,200,99986,100,100050,200,99983,100,100054,100,99980,100,100062,100,99964,100,100063,100,99955,100,100067,100,99933,100,100085,100,99931,100,100112,100,99928,100,100121,100,99925,100
2019-06-28 09:30:00.000000081,100036,200,99986,100,100049,200,99983,100,100050,200,99980,100,100054,100,99964,100,100062,100,99955,100,100063,100,99933,100,100067,100,99931,100,100085,100,99928,100,100112,100,99925,100,100121,100,99919,100
2019-06-28 09:30:00.000000082,100036,200,99986,100,100049,200,99983,100,100050,200,99980,100,100054,100,99964,100,100062,100,99955,100,100063,100,99933,100,100067,100,99931,100,100080,100,99928,100,100085,100,99925,100,100112,100,99919,100
2019-06-28 09:30:00.000000085,100036,200,99986,100,100049,200,99983,100,100050,200,99980,100,100054,100,99964,100,100062,100,99955,100,100063,100,99933,100,100067,100,99931,100,100080,100,99928,100,100085,100,99925,100,100112,100,99919,100
2019-06-28 09:30:00.000000086,100036,200,99986,100,100040,100,99983,100,100049,200,99980,100,100050,200,99964,100,100054,100,99955,100,100062,100,99934,100,100063,100,99933,100,100067,100,99931,100,100080,100,99928,100,100085,100,99925,100
2019-06-28 09:30:00.000000088,100036,200,99986,100,100040,100,99983,100,100049,200,99980,100,100050,200,99964,100,100054,100,99955,100,100062,100,99934,100,100063,100,99933,100,100067,100,99931,100,100080,100,99928,100,100085,100,99925,100
2019-06-28 09:30:00.000000089,100036,200,99986,100,100040,100,99983,100,100049,200,99980,100,100050,200,99964,100,100054,100,99955,100,100062,100,99936,100,100063,100,99934,100,100067,100,99933,100,100080,100,99931,100,100085,100,99928,100
2019-06-28 09:30:00.000000090,100036,200,99986,100,100040,100,99983,100,100049,200,99980,100,100050,200,99978,100,100054,100,99964,100,100062,100,99955,100,100063,100,99936,100,100067,100,99934,100,100080,100,99933,100,100085,100,99931,100
2019-06-28 09:30:00.000000091,100036,200,99986,100,100040,100,99983,100,100049,200,99980,100,100050,200,99978,100,100054,100,99975,100,100062,100,99964,100,100063,100,99955,100,100067,100,99936,100,100080,100,99934,100,100085,100,99933,100
2019-06-28 09:30:00.000000092,100036,200,99986,100,100040,100,99983,100,100049,200,99980,100,100050,200,99978,100,100054,100,99975,100,100062,100,99966,100,100063,100,99964,100,100067,100,99955,100,100080,100,99936,100,100085,100,99934,100
2019-06-28 09:30:00.000000093,99999,100,99986,100,100036,200,99983,100,100040,100,99980,100,100049,200,99978,100,100050,200,99975,100,100054,100,99966,100,100062,100,99964,100,100063,100,99955,100,100067,100,99936,100,100080,100,99934,100
2019-06-28 09:30:00.000000095,99999,100,99986,100,100036,200,99983,100,100040,100,99980,100,100049,200,99978,100,100050,200,99975,100,100054,100,99966,100,100062,100,99964,100,100063,100,99955,100,100067,100,99936,100,100080,100,99934,100
2019-06-28 09:30:00.000000097,99999,100,99997,100,100036,200,99986,100,100040,100,99983,100,100049,200,99980,100,100050,200,99978,100,100054,100,99975,100,100062,100,99966,100,100063,100,99964,100,100067,100,99955,100,100080,100,99936,100
2019-06-28 09:30:02.173950304,99999,100,99997,100,100036,200,99986,100,100040,100,99983,100,100049,200,99980,100,100050,200,99978,100,100054,100,99975,100,100062,100,99966,100,100063,100,99955,100,100067,100,99936,100,100080,100,99934,100
2019-06-28 09:30:04.637659008,99999,100,99997,100,100036,200,99986,100,100040,100,99983,100,100049,200,99980,100,100050,200,99978,100,100054,100,99975,100,100062,100,99966,100,100063,100,99955,100,100067,100,99936,100,100080,100,99934,100
2019-06-28 09:30:10.000000000,99999,265,99997,265,100036,360,99986,260,100040,260,99983,260,100049,200,99980,100,100050,200,99978,100,100054,100,99975,100,100062,100,99966,100,100063,100,99955,100,100067,100,99936,100,100080,100,99934,100
2019-06-28 09:30:10.884038790,99999,265,99997,165,100036,360,99986,260,100040,260,99983,260,100049,200,99980,100,100050,200,99978,100,100054,100,99975,100,100062,100,99966,100,100063,100,99955,100,100067,100,99936,100,100080,100,99934,100
2019-06-28 09:30:11.650861142,99999,265,99997,165,100036,360,99986,260,100040,260,99983,260,100049,200,99980,100,100050,200,99978,100,100054,100,99975,100,100062,100,99966,100,100063,100,99958,100,100067,100,99955,100,100080,100,99936,100
2019-06-28 09:30:13.720299714,99999,265,99997,165,100036,360,99986,260,100040,260,99983,260,100049,200,99980,100,100050,200,99978,100,100054,100,99975,100,100062,100,99966,100,100063,100,99958,100,100067,100,99955,100,100079,100,99936,100
2019-06-28 09:30:20.000000000,99999,586,99986,586,100036,200,99983,100,100040,100,99980,100,100049,200,99978,100,100050,200,99975,100,100054,100,99966,100,100062,100,99958,100,100063,100,99955,100,100067,100,99936,100,100079,100,99934,100
2019-06-28 09:30:30.000000000,99999,586,99986,586,100036,200,99983,100,100040,100,99980,100,100049,200,99978,100,100050,200,99975,100,100054,100,99966,100,100062,100,99958,100,100063,100,99955,100,100067,100,99936,100,100079,100,99934,100
2019-06-28 09:30:40.000000000,99999,265,99986,265,100036,360,99983,260,100040,260,99980,260,100049,200,99978,100,100050,200,99975,100,100054,100,99966,100,100062,100,99958,100,100063,100,99955,100,100067,100,99936,100,100079,100,99934,100
2019-06-28 09:30:40.315722264,99997,100,99986,265,99999,265,99983,260,100036,360,99980,260,100040,260,99978,100,100049,200,99975,100,100050,200,99966,100,100054,100,99958,100,100062,100,99955,100,100063,100,99936,100,100067,100,99934,100
2019-06-28 09:30:50.000000000,99997,586,99986,586,99999,100,99983,100,100036,200,99980,100,100040,100,99978,100,100049,200,99975,100,100050,200,99966,100,100054,100,99958,100,100062,100,99955,100,100063,100,99936,100,100067,100,99934,100
2019-06-28 09:31:00.000000000,99997,197,99986,197,99999,197,99983,197,100036,297,99980,197,100040,197,99978,197,100049,297,99975,197,100050,200,99966,100,100054,100,99958,100,100062,100,99955,100,100063,100,99936,100,100067,100,99934,100
2019-06-28 09:31:10.000000000,99997,222,99986,222,99999,222,99983,222,100036,322,99980,222,100040,222,99978,222,100049,200,99975,100,100050,200,99966,100,100054,100,99958,100,100062,100,99955,100,100063,100,99936,100,100067,100,99934,100
2019-06-28 09:31:19.008558858,99997,222,99986,222,99999,222,99983,222,100036,322,99980,222,100040,222,99978,222,100049,200,99975,100,100050,200,99966,100,100054,100,99958,100,100062,100,99955,100,100063,100,99936,100,100067,100,99934,100
2019-06-28 09:31:20.000000000,99997,265,99986,265,99999,260,99983,260,100036,360,99980,260,100040,100,99978,100,100049,200,99975,100,100050,200,99966,100,100054,100,99958,100,100062,100,99955,100,100063,100,99936,100,100067,100,99934,100
2019-06-28 09:31:29.725163436,99997,165,99986,265,99999,260,99983,260,100036,360,99980,260,100040,100,99978,100,100049,200,99975,100,100050,200,99966,100,100054,100,99955,100,100062,100,99936,100,100063,100,99934,100,100067,100,99933,100
2019-06-28 09:31:30.000000000,99999,586,99986,586,100036,200,99983,100,100040,100,99980,100,100049,200,99978,100,100050,200,99975,100,100054,100,99966,100,100062,100,99955,100,100063,100,99936,100,100067,100,99934,100,100079,100,99933,100
2019-06-28 09:31:40.000000000,99999,265,99986,265,100036,360,99983,260,100040,260,99980,260,100049,200,99978,100,100050,200,99975,100,100054,100,99966,100,100062,100,99955,100,100063,100,99936,100,100067,100,99934,100,100079,100,99933,100
2019-06-28 09:31:43.497473619,99999,265,99986,265,100036,360,99983,260,100040,260,99980,260,100049,200,99978,100,100050,200,99975,100,100054,100,99966,100,100062,100,99955,100,100063,100,99936,100,100067,100,99935,100,100079,100,99934,100
2019-06-28 09:31:49.970965658,99999,265,99986,265,100036,360,99983,260,100040,260,99980,260,100049,200,99978,100,100050,200,99975,100,100054,100,99966,100,100062,100,99955,100,100063,100,99936,100,100067,100,99935,100,100079,100,99934,100
2019-06-28 09:31:50.000000000,99999,265,99986,265,100036,360,99983,260,100040,260,99980,260,100049,200,99978,100,100050,200,99975,100,100054,100,99966,100,100062,100,99955,100,100063,100,99936,100,100067,100,99935,100,100079,100,99934,100
2019-06-28 09:32:00.000000000,99999,222,99986,222,100036,322,99983,222,100040,222,99980,222,100049,322,99978,222,100050,200,99975,100,100054,100,99966,100,100062,100,99955,100,100063,100,99936,100,100067,100,99935,100,100079,100,99934,100
2019-06-28 09:32:10.000000000,99999,343,99986,343,100036,443,99983,343,100040,100,99980,100,100049,200,99978,100,100050,200,99975,100,100054,100,99966,100,100062,100,99955,100,100063,100,99936,100,100067,100,99935,100,100079,100,99934,100
2019-06-28 09:32:10.978040062,99999,343,99986,343,100036,443,99983,343,100040,100,99978,100,100049,200,99975,100,100050,200,99966,100,100054,100,99955,100,100062,100,99936,100,100063,100,99935,100,100067,100,99934,100,100079,100,99933,100
2019-06-28 09:32:20.000000000,99999,197,99986,197,100036,297,99983,197,100040,197,99978,197,100049,297,99975,197,100050,297,99966,197,100054,100,99955,100,100062,100,99936,100,100063,100,99935,100,100067,100,99934,100,100079,100,99933,100
2019-06-28 09:32:30.000000000,99999,197,99986,197,100036,297,99983,197,100040,197,99978,197,100049,297,99975,197,100050,297,99966,197,100054,100,99955,100,100062,100,99936,100,100063,100,99935,100,100067,100,99934,100,100079,100,99933,100
2019-06-28 09:32:31.021145671,99999,197,99986,197,100036,297,99983,197,100040,197,99978,197,100049,297,99975,197,100050,297,99967,100,100054,100,99966,197,100062,100,99955,100,100063,100,99936,100,100067,100,99935,100,100079,100,99934,100
2019-06-28 09:32:37.260790412,99999,197,99986,197,100036,297,99983,197,100040,197,99978,197,100049,297,99975,197,100050,297,99967,100,100054,100,99966,197,100062,100,99955,100,100063,100,99936,100,100067,100,99935,100,100079,100,99934,100
2019-06-28 09:32:40.000000000,99999,222,99986,222,100036,322,99983,222,100040,222,99978,222,100049,322,99975,222,100050,200,99967,100,100054,100,99966,100,100062,100,99955,100,100063,100,99936,100,100067,100,99935,100,100079,100,99934,100
2019-06-28 09:32:50.000000000,99999,586,99986,586,100036,200,99983,100,100040,100,99978,100,100049,200,99975,100,100050,200,99967,100,100054,100,99966,100,100062,100,99955,100,100063,100,99936,100,100067,100,99935,100,100079,100,99934,100
2019-06-28 09:32:53.159079341,99999,486,99986,586,100036,200,99983,100,100040,100,99978,100,100049,200,99975,100,100050,200,99967,100,100054,100,99966,100,100062,100,99955,100,100063,100,99936,100,100067,100,99935,100,100079,100,99934,100
2019-06-28 09:32:56.307313227,99999,486,99986,586,100036,200,99978,100,100040,100,99975,100,100049,200,99967,100,100050,200,99966,100,100054,100,99955,100,100062,100,99936,100,100063,100,99935,100,100067,100,99934,100,100079,100,99933,100
2019-06-28 09:33:00.000000000,100036,443,99986,343,100040,343,99978,343,100049,200,99975,100,100050,200,99967,100,100054,100,99966,100,100062,100,99955,100,100063,100,99936,100,100067,100,99935,100,100079,100,99934,100,100080,100,99933,100
2019-06-28 09:33:10.000000000,100036,322,99986,222,100040,222,99978,222,100049,322,99975,222,100050,322,99967,222,100054,100,99966,100,100062,100,99955,100,100063,100,99936,100,100067,100,99935,100,100079,100,99934,100,100080,100,99933,100
2019-06-28 09:33:17.287030323,100036,322,99986,222,100040,222,99978,222,100049,322,99975,222,100050,322,99967,222,100054,100,99966,100,100062,100,99955,100,100063,100,99936,100,100067,100,99935,100,100079,100,99934,100,100080,100,99933,100
2019-06-28 09:33:20.000000000,100036,322,99986,222,100040,222,99978,222,100049,322,99975,222,100050,322,99967,222,100054,100,99966,100,100062,100,99955,100,100063,100,99936,100,100067,100,99935,100,100079,100,99934,100,100080,100,99933,100
2019-06-28 09:33:29.224316078,100036,222,99986,222,100040,222,99978,222,100049,322,99975,222,100050,322,99967,222,100054,100,99966,100,100062,100,99955,100,100063,100,99936,100,100067,100,99935,100,100079,100,99934,100,100080,100,99933,100
2019-06-28 09:33:30.000000000,100036,586,99986,586,100040,100,99978,100,100049,200,99975,100,100050,200,99967,100,100054,100,99966,100,100062,100,99955,100,100063,100,99936,100,100067,100,99935,100,100079,100,99934,100,100080,100,99933,100
2019-06-28 09:33:34.212010183,100036,486,99986,586,100040,100,99978,100,100049,200,99975,100,100050,200,99967,100,100054,100,99966,100,100062,100,99955,100,100063,100,99936,100,100067,100,99935,100,100079,100,99934,100,100080,100,99933,100
2019-06-28 09:33:40.000000000,100040,586,99986,586,100049,200,99978,100,100050,200,99975,100,100054,100,99967,100,100062,100,99966,100,100063,100,99955,100,100067,100,99936,100,100079,100,99935,100,100080,100,99934,100,100098,100,99933,100
2019-06-28 09:33:50.000000000,100040,265,99986,265,100049,360,99978,260,100050,360,99975,260,100054,100,99967,100,100062,100,99966,100,100063,100,99955,100,100067,100,99936,100,100079,100,99935,100,100080,100,99934,100,100098,100,99933,100
2019-06-28 09:33:57.357817541,100040,265,99986,265,100049,260,99978,260,100050,360,99975,260,100054,100,99967,100,100062,100,99966,100,100063,100,99955,100,100067,100,99936,100,100079,100,99935,100,100080,100,99934,100,100098,100,99933,100
2019-06-28 09:34:00.000000000,100040,222,99986,222,100049,222,99978,222,100050,322,99975,222,100054,222,99967,222,100062,100,99966,100,100063,100,99955,100,100067,100,99936,100,100079,100,99935,100,100080,100,99934,100,100098,100,99933,100
2019-06-28 09:34:10.000000000,100040,586,99986,586,100049,100,99978,100,100050,200,99975,100,100054,100,99967,100,100062,100,99966,100,100063,100,99955,100,100067,100,99936,100,100079,100,99935,100,100080,100,99934,100,100098,100,99933,100
2019-06-28 09:34:13.924985133,100040,586,99986,586,100049,100,99978,100,100050,200,99975,100,100054,100,99967,100,100062,100,99966,100,100063,100,99955,100,100067,100,99936,100,100079,100,99935,100,100080,100,99934,100,100098,100,99933,100
2019-06-28 09:34:20.000000000,100040,343,99986,343,100049,343,99978,343,100050,200,99975,100,100054,100,99967,100,100062,100,99966,100,100063,100,99955,100,100067,100,99936,100,100079,100,99935,100,100080,100,99934,100,100098,100,99933,100
2019-06-28 09:34:30.000000000,100040,586,99986,586,100049,100,99978,100,100050,200,99975,100,100054,100,99967,100,100062,100,99966,100,100063,100,99955,100,100067,100,99936,100,100079,100,99935,100,100080,100,99934,100,100098,100,99933,100
2019-06-28 09:34:40.000000000,100040,343,99986,343,100049,343,99978,343,100050,200,99975,100,100054,100,99967,100,100062,100,99966,100,100063,100,99955,100,100067,100,99936,100,100079,100,99935,100,100080,100,99934,100,100098,100,99933,100
2019-06-28 09:34:40.876291652,100040,343,99986,243,100049,343,99978,343,100050,200,99975,100,100054,100,99967,100,100062,100,99966,100,100063,100,99955,100,100067,100,99936,100,100079,100,99935,100,100080,100,99934,100,100098,100,99933,100
2019-06-28 09:34:50.000000000,100040,265,99978,265,100049,260,99975,260,100050,360,99967,260,100054,100,99966,100,100062,100,99955,100,100063,100,99936,100,100067,100,99935,100,100079,100,99934,100,100080,100,99933,100,100098,100,99928,100
2019-06-28 09:35:00.000000000,100040,265,99978,265,100049,260,99975,260,100050,360,99967,260,100054,100,99966,100,100062,100,99955,100,100063,100,99936,100,100067,100,99935,100,100079,100,99934,100,100080,100,99933,100,100098,100,99928,100
2019-06-28 09:35:10.000000000,100040,343,99978,343,100049,343,99975,343,100050,200,99967,100,100054,100,99966,100,100062,100,99955,100,100063,100,99936,100,100067,100,99935,100,100079,100,99934,100,100080,100,99933,100,100098,100,99928,100
2019-06-28 09:35:15.012432241,100040,343,99987,100,100049,243,99978,343,100050,200,99975,343,100054,100,99967,100,100062,100,99966,100,100063,100,99955,100,100067,100,99936,100,100079,100,99935,100,100080,100,99934,100,100098,100,99933,100
2019-06-28 09:35:20.000000000,100040,343,99987,343,100050,443,99978,343,100054,100,99975,100,100062,100,99967,100,100063,100,99966,100,100067,100,99955,100,100079,100,99936,100,100080,100,99935,100,100098,100,99934,100,100114,100,99933,100
2019-06-28 09:35:22.573099238,100040,343,99987,343,100050,443,99978,343,100054,100,99975,100,100062,100,99967,100,100063,100,99966,100,100067,100,99955,100,100079,100,99936,100,100080,100,99935,100,100091,100,99934,100,100098,100,99933,100
2019-06-28 09:35:30.000000000,100040,586,99987,586,100050,200,99978,100,100054,100,99975,100,100062,100,99967,100,100063,100,99966,100,100067,100,99955,100,100079,100,99936,100,100080,100,99935,100,100091,100,99934,100,100098,100,99933,100
2019-06-28 09:35:40.000000000,100040,197,99987,197,100050,297,99978,197,100054,197,99975,197,100062,197,99967,197,100063,197,99966,197,100067,100,99955,100,100079,100,99936,100,100080,100,99935,100,100091,100,99934,100,100098,100,99933,100
2019-06-28 09:35:50.000000000,100040,197,99987,197,100050,297,99978,197,100054,197,99975,197,100062,197,99967,197,100063,197,99966,197,100067,100,99955,100,100079,100,99936,100,100080,100,99935,100,100091,100,99934,100,100098,100,99933,100
2019-06-28 09:35:57.718047546,100040,97,99987,197,100050,297,99978,197,100054,197,99975,197,100062,197,99967,197,100063,197,99966,197,100067,100,99955,100,100079,100,99936,100,100080,100,99935,100,100091,100,99934,100,100098,100,99933,100
2019-06-28 09:36:00.000000000,100050,443,99987,343,100054,343,99978,343,100062,100,99975,100,100063,100,99967,100,100067,100,99966,100,100079,100,99955,100,100080,100,99936,100,100091,100,99935,100,100098,100,99934,100,100114,100,99933,100
2019-06-28 09:36:01.489029991,100050,343,99987,343,100054,343,99978,343,100062,100,99975,100,100063,100,99967,100,100067,100,99966,100,100079,100,99955,100,100080,100,99936,100,100091,100,99935,100,100098,100,99934,100,100114,100,99928,100
2019-06-28 09:36:10.000000000,100050,343,99987,343,100054,343,99978,343,100062,100,99975,100,100063,100,99967,100,100067,100,99966,100,100079,100,99955,100,100080,100,99936,100,100091,100,99935,100,100098,100,99934,100,100114,100,99928,100
2019-06-28 09:36:20.000000000,100050,222,99987,222,100054,222,99978,222,100062,222,99975,222,100063,222,99967,222,100067,100,99966,100,100079,100,99955,100,100080,100,99936,100,100091,100,99935,100,100098,100,99934,100,100114,100,99928,100
2019-06-28 09:36:30.000000000,100050,197,99987,197,100054,197,99978,197,100062,197,99975,197,100063,197,99967,197,100067,197,99966,197,100079,100,99955,100,100080,100,99936,100,100091,100,99935,100,100098,100,99934,100,100114,100,99928,100
2019-06-28 09:36:40.000000000,100050,197,99987,197,100054,197,99978,197,100062,197,99975,197,100063,197,99967,197,100067,197,99966,197,100079,100,99955,100,100080,100,99936,100,100091,100,99935,100,100098,100,99934,100,100114,100,99928,100
2019-06-28 09:36:46.112289344,100050,197,99987,197,100054,197,99978,197,100062,197,99975,197,100063,197,99967,197,100067,197,99966,197,100079,100,99955,100,100080,100,99936,100,100091,100,99935,100,100098,100,99934,100,100114,100,99928,100
2019-06-28 09:36:50.000000000,100050,222,99987,222,100054,222,99978,222,100062,222,99975,222,100063,222,99967,222,100067,100,99966,100,100079,100,99955,100,100080,100,99936,100,100091,100,99935,100,100098,100,99934,100,100114,100,99928,100
2019-06-28 09:36:52.348022046,100050,122,99987,222,100054,222,99978,222,100062,222,99975,222,100063,222,99967,222,100067,100,99966,100,100079,100,99955,100,100080,100,99936,100,100091,100,99935,100,100098,100,99934,100,100114,100,99928,100
2019-06-28 09:37:00.000000000,100054,343,99987,343,100062,343,99978,343,100063,100,99975,100,100067,100,99967,100,100079,100,99966,100,100080,100,99955,100,100091,100,99936,100,100098,100,99935,100,100114,100,99934,100,100121,200,99928,100
2019-06-28 09:37:10.000000000,100054,343,99987,343,100062,343,99978,343,100063,100,99975,100,100067,100,99967,100,100079,100,99966,100,100080,100,99955,100,100091,100,99936,100,100098,100,99935,100,100114,100,99934,100,100121,200,99928,100
2019-06-28 09:37:20.000000000,100054,586,99987,586,100062,100,99978,100,100063,100,99975,100,100067,100,99967,100,100079,100,99966,100,100080,100,99955,100,100091,100,99936,100,100098,100,99935,100,100114,100,99934,100,100121,200,99928,100
2019-06-28 09:37:30.000000000,100054,222,99987,222,100062,222,99978,222,100063,222,99975,222,100067,222,99967,222,100079,100,99966,100,100080,100,99955,100,100091,100,99936,100,100098,100,99935,100,100114,100,99934,100,100121,200,99928,100
2019-06-28 09:37:40.000000000,100054,222,99987,222,100062,222,99978,222,100063,222,99975,222,100067,222,99967,222,100079,100,99966,100,100080,100,99955,100,100091,100,99936,100,100098,100,99935,100,100114,100,99934,100,100121,200,99928,100
2019-06-28 09:37:40.523995829,100054,222,99987,222,100062,222,99978,222,100063,222,99975,222,100067,222,99967,222,100079,100,99966,100,100080,100,99955,100,100091,100,99936,100,100098,100,99935,100,100114,100,99934,100,100121,200,99928,100
2019-06-28 09:37:50.000000000,100054,343,99987,343,100062,343,99978,343,100063,100,99975,100,100067,100,99967,100,100079,100,99966,100,100080,100,99955,100,100091,100,99936,100,100098,100,99935,100,100114,100,99934,100,100121,200,99928,100
2019-06-28 09:38:00.000000000,100054,265,99987,265,100062,260,99978,260,100063,260,99975,260,100067,100,99967,100,100079,100,99966,100,100080,100,99955,100,100091,100,99936,100,100098,100,99935,100,100114,100,99934,100,100121,200,99928,100
2019-06-28 09:38:10.000000000,100054,586,99987,586,100062,100,99978,100,100063,100,99975,100,100067,100,99967,100,100079,100,99966,100,100080,100,99955,100,100091,100,99936,100,100098,100,99935,100,100114,100,99934,100,100121,200,99928,100
2019-06-28 09:38:20.000000000,100054,197,99987,197,100062,197,99978,197,100063,197,99975,197,100067,197,99967,197,100079,197,99966,197,100080,100,99955,100,100091,100,99936,100,100098,100,99935,100,100114,100,99934,100,100121,200,99928,100
2019-06-28 09:38:24.425710903,100054,197,99987,197,100062,197,99978,197,100063,197,99975,197,100067,197,99967,197,100079,197,99966,197,100080,100,99955,100,100091,100,99936,100,100098,100,99935,100,100114,100,99934,100,100121,200,99928,100
2019-06-28 09:38:30.000000000,100054,222,99987,222,100062,222,99978,222,100063,222,99975,222,100067,222,99967,222,100079,100,99966,100,100080,100,99955,100,100091,100,99936,100,100098,100,99935,100,100114,100,99934,100,100121,200,99928,100
2019-06-28 09:38:40.000000000,100054,343,99987,343,100062,343,99978,343,100063,100,99975,100,100067,100,99967,100,100079,100,99966,100,100080,100,99955,100,100091,100,99936,100,100098,100,99935,100,100114,100,99934,100,100121,200,99928,100
2019-06-28 09:38:50.000000000,100054,197,99987,197,100062,197,99978,197,100063,197,99975,197,100067,197,99967,197,100079,197,99966,197,100080,100,99955,100,100091,100,99936,100,100098,100,99935,100,100114,100,99934,100,100121,200,99928,100
2019-06-28 09:38:50.331604403,100054,97,99987,197,100062,197,99978,197,100063,197,99975,197,100067,197,99967,197,100079,197,99966,197,100080,100,99955,100,100091,100,99936,100,100098,100,99935,100,100114,100,99934,100,100121,200,99928,100
2019-06-28 09:39:00.000000000,100062,197,99987,197,100063,197,99978,197,100067,197,99975,197,100079,197,99967,197,100080,197,99966,197,100091,100,99955,100,100098,100,99936,100,100114,100,99935,100,100121,200,99934,100,100160,100,99928,100
2019-06-28 09:39:07.049262059,100062,97,99987,197,100063,197,99978,197,100067,197,99975,197,100079,97,99967,197,100080,197,99966,197,100091,100,99955,100,100098,100,99936,100,100114,100,99935,100,100121,200,99934,100,100160,100,99928,100
2019-06-28 09:39:08.214885036,100062,97,99987,197,100063,197,99978,197,100067,97,99975,197,100079,97,99967,197,100080,197,99966,197,100091,100,99955,100,100098,100,99936,100,100114,100,99935,100,100121,200,99934,100,100160,100,99928,100
2019-06-28 09:39:10.000000000,100063,343,99987,343,100080,343,99978,343,100091,100,99975,100,100098,100,99967,100,100114,100,99966,100,100121,200,99955,100,100160,100,99936,100,100286,100,99935,100,100369,100,99934,100,101986,100,99928,100
2019-06-28 09:39:13.022535890,100063,243,99987,343,100080,343,99978,343,100091,100,99975,100,100098,100,99967,100,100114,100,99966,100,100121,100,99955,100,100160,100,99936,100,100286,100,99935,100,100369,100,99934,100,101986,100,99928,100
2019-06-28 09:39:13.605581053,100063,143,99987,343,100080,343,99978,343,100091,100,99975,100,100098,100,99967,100,100114,100,99966,100,100121,100,99955,100,100160,100,99936,100,100286,100,99935,100,100369,100,99934,100,101986,100,99928,100
2019-06-28 09:39:19.969043411,100063,43,99987,343,100080,343,99978,343,100091,100,99975,100,100098,100,99967,100,100114,100,99966,100,100121,100,99955,100,100160,100,99936,100,100286,100,99935,100,100369,100,99934,100,101986,100,99928,100
2019-06-28 09:39:20.000000000,100080,586,99987,586,100091,100,99978,100,100098,100,99975,100,100114,100,99967,100,100121,100,99966,100,100160,100,99955,100,100286,100,99936,100,100369,100,99935,100,101986,100,99934,100,102222,100,99928,100
2019-06-28 09:39:29.553643810,100080,486,99987,586,100091,100,99978,100,100098,100,99975,100,100114,100,99967,100,100121,100,99966,100,100160,100,99955,100,100286,100,99936,100,100369,100,99935,100,101986,100,99934,100,102222,100,99928,100
2019-06-28 09:39:30.000000000,100091,265,99987,265,100098,260,99978,260,100114,260,99975,260,100121,100,99967,100,100160,100,99966,100,100286,100,99955,100,100369,100,99936,100,101986,100,99935,100,102222,100,99934,100,102417,100,99928,100
2019-06-28 09:39:32.254697934,100091,265,99987,265,100098,260,99978,260,100114,260,99975,260,100160,100,99967,100,100286,100,99966,100,100369,100,99955,100,101986,100,99936,100,102116,100,99935,100,102222,100,99934,100,102417,100,99928,100
2019-06-28 09:39:40.000000000,100091,265,99987,265,100098,260,99978,260,100114,260,99975,260,100160,100,99967,100,100286,100,99966,100,100369,100,99955,100,101986,100,99936,100,102116,100,99935,100,102222,100,99934,100,102417,100,99928,100
2019-06-28 09:39:50.000000000,100091,265,99987,265,100098,260,99978,260,100114,260,99975,260,100160,100,99967,100,100286,100,99966,100,100369,100,99955,100,101986,100,99936,100,102116,100,99935,100,102222,100,99934,100,102417,100,99928,100
2019-06-28 09:39:54.866528618,100091,165,99987,265,100098,260,99978,160,100114,260,99975,260,100160,100,99967,100,100286,100,99966,100,100369,100,99955,100,101986,100,99936,100,102116,100,99935,100,102222,100,99934,100,102417,100,99928,100
2019-06-28 09:40:00.000000000,100098,265,99987,265,100114,260,99975,260,100160,260,99967,260,100286,100,99966,100,100369,100,99955,100,101986,100,99936,100,102116,100,99935,100,102222,100,99934,100,102417,100,99928,100,,,99925,100
2019-06-28 09:40:10.000000000,100098,586,99987,586,100114,100,99975,100,100160,100,99967,100,100286,100,99966,100,100369,100,99955,100,101986,100,99936,100,102116,100,99935,100,102222,100,99934,100,102417,100,99928,100,,,99925,100
2019-06-28 09:40:10.978294871,100098,586,99987,586,100114,100,99975,100,100160,100,99967,100,100286,100,99966,100,100369,100,99955,100,101968,100,99936,100,101986,100,99935,100,102116,100,99934,100,102222,100,99928,100,102417,100,99925,100
2019-06-28 09:40:20.000000000,100098,343,99987,343,100114,343,99975,343,100160,100,99967,100,100286,100,99966,100,100369,100,99955,100,101968,100,99936,100,101986,100,99935,100,102116,100,99934,100,102222,100,99928,100,102417,100,99925,100
2019-06-28 09:40:30.000000000,100098,343,99987,343,100114,343,99975,343,100160,100,99967,100,100286,100,99966,100,100369,100,99955,100,101968,100,99936,100,101986,100,99935,100,102116,100,99934,100,102222,100,99928,100,102417,100,99925,100
2019-06-28 09:40:38.430953284,100098,343,99987,343,100114,343,99975,343,100160,100,99967,100,100286,100,99966,100,100369,100,99955,100,101968,100,99936,100,101986,100,99935,100,102086,100,99934,100,102116,100,99928,100,102222,100,99925,100
2019-06-28 09:40:40.000000000,100098,197,99987,197,100114,197,99975,197,100160,197,99967,197,100286,197,99966,197,100369,197,99955,197,101968,100,99936,100,101986,100,99935,100,102086,100,99934,100,102116,100,99928,100,102222,100,99925,100
2019-06-28 09:40:50.000000000,100098,222,99987,222,100114,222,99975,222,100160,222,99967,222,100286,222,99966,222,100369,100,99955,100,101968,100,99936,100,101986,100,99935,100,102086,100,99934,100,102116,100,99928,100,102222,100,99925,100
2019-06-28 09:40:53.014220171,100098,222,99987,222,100114,222,99975,222,100160,222,99967,222,100286,222,99966,222,100369,100,99955,100,101968,100,99936,100,101986,100,99935,100,102086,100,99934,100,102116,100,99928,100,102173,100,99925,100
2019-06-28 09:40:59.698829699,100098,222,100080,100,100114,222,99987,222,100160,222,99975,222,100286,222,99967,222,100369,100,99966,222,101968,100,99955,100,101986,100,99936,100,102086,100,99935,100,102116,100,99934,100,102173,100,99928,100
2019-06-28 09:41:00.000000000,100098,197,100080,197,100114,197,99987,197,100160,197,99975,197,100286,197,99967,197,100369,197,99966,197,101968,100,99955,100,101986,100,99936,100,102086,100,99935,100,102116,100,99934,100,102173,100,99928,100
2019-06-28 09:41:10.000000000,100098,222,100080,222,100114,222,99987,222,100160,222,99975,222,100286,222,99967,222,100369,100,99966,100,101968,100,99955,100,101986,100,99936,100,102086,100,99935,100,102116,100,99934,100,102173,100,99928,100
2019-06-28 09:41:20.000000000,100098,265,100080,265,100114,260,99987,260,100160,260,99975,260,100286,100,99967,100,100369,100,99966,100,101968,100,99955,100,101986,100,99936,100,102086,100,99935,100,102116,100,99934,100,102173,100,99928,100
2019-06-28 09:41:30.000000000,100098,222,100080,222,100114,222,99987,222,100160,222,99975,222,100286,222,99967,222,100369,100,99966,100,101968,100,99955,100,101986,100,99936,100,102086,100,99935,100,102116,100,99934,100,102173,100,99928,100
2019-06-28 09:41:34.514493627,100098,122,100080,222,100114,222,99987,222,100160,222,99975,222,100286,222,99967,222,100369,100,99966,100,101968,100,99955,100,101986,100,99936,100,102086,100,99935,100,102116,100,99934,100,102173,100,99928,100
2019-06-28 09:41:40.000000000,100114,265,100080,265,100160,260,99987,260,100286,260,99975,260,100369,100,99967,100,101968,100,99966,100,101986,100,99955,100,102086,100,99936,100,102116,100,99935,100,102173,100,99934,100,102222,100,99928,100
2019-06-28 09:41:50.000000000,100114,586,100080,586,100160,100,99987,100,100286,100,99975,100,100369,100,99967,100,101968,100,99966,100,101986,100,99955,100,102086,100,99936,100,102116,100,99935,100,102173,100,99934,100,102222,100,99928,100
2019-06-28 09:42:00.000000000,100114,222,100080,222,100160,222,99987,222,100286,222,99975,222,100369,222,99967,222,101968,100,99966,100,101986,100,99955,100,102086,100,99936,100,102116,100,99935,100,102173,100,99934,100,102222,100,99928,100
2019-06-28 09:42:06.747508163,100114,222,100080,222,100160,222,99987,222,100286,222,99975,222,100369,222,99967,222,101158,100,99966,100,101968,100,99955,100,101986,100,99936,100,102086,100,99935,100,102116,100,99934,100,102173,100,99928,100
2019-06-28 09:42:10.000000000,100114,586,100080,586,100160,100,99987,100,100286,100,99975,100,100369,100,99967,100,101158,100,99966,100,101968,100,99955,100,101986,100,99936,100,102086,100,99935,100,102116,100,99934,100,102173,100,99928,100
2019-06-28 09:42:12.718661198,100114,486,100080,586,100160,100,99987,100,100286,100,99975,100,100369,100,99967,100,101158,100,99966,100,101341,100,99955,100,101968,100,99936,100,101986,100,99935,100,102086,100,99934,100,102116,100,99928,100
2019-06-28 09:42:18.183035127,100114,486,100080,586,100160,100,99987,100,100286,100,99975,100,100369,100,99967,100,101158,100,99966,100,101341,100,99955,100,101343,100,99936,100,101968,100,99935,100,101986,100,99934,100,102086,100,99928,100
2019-06-28 09:42:20.000000000,100160,222,100080,222,100286,222,99987,222,100369,222,99975,222,101158,222,99967,222,101341,100,99966,100,101343,100,99955,100,101968,100,99936,100,101986,100,99935,100,102086,100,99934,100,102116,100,99928,100
2019-06-28 09:42:23.229262859,100160,222,100091,100,100286,222,100080,222,100369,222,99987,222,101158,222,99975,222,101341,100,99967,222,101343,100,99966,100,101968,100,99955,100,101986,100,99936,100,102086,100,99935,100,102116,100,99934,100
2019-06-28 09:42:30.000000000,100160,222,100091,222,100286,222,100080,222,100369,222,99987,222,101158,222,99975,222,101341,100,99967,100,101343,100,99966,100,101968,100,99955,100,101986,100,99936,100,102086,100,99935,100,102116,100,99934,100
2019-06-28 09:42:37.208414995,100160,122,100091,222,100286,222,100080,222,100369,222,99987,222,101158,222,99975,222,101341,100,99967,100,101343,100,99966,100,101968,100,99955,100,101986,100,99936,100,102086,100,99935,100,102116,100,99928,100
2019-06-28 09:42:40.000000000,100286,586,100091,586,100369,100,100080,100,101158,100,99987,100,101341,100,99975,100,101343,100,99967,100,101968,100,99966,100,101986,100,99955,100,102086,100,99936,100,102116,100,99935,100,102173,100,99928,100
2019-06-28 09:42:47.834278994,100286,586,100091,586,100369,100,100080,100,101158,100,99987,100,101341,100,99975,100,101346,100,99967,100,101968,100,99966,100,101986,100,99955,100,102086,100,99936,100,102116,100,99935,100,102173,100,99928,100
2019-06-28 09:42:50.000000000,100286,343,100091,343,100369,343,100080,343,101158,100,99987,100,101341,100,99975,100,101346,100,99967,100,101968,100,99966,100,101986,100,99955,100,102086,100,99936,100,102116,100,99935,100,102173,100,99928,100
2019-06-28 09:42:53.880791351,100286,343,100091,343,100369,343,100080,343,101158,100,99987,100,101341,100,99975,100,101346,100,99967,100,101465,100,99966,100,101968,100,99955,100,101986,100,99936,100,102086,100,99935,100,102116,100,99928,100
2019-06-28 09:43:00.000000000,100286,197,100091,197,100369,197,100080,197,101158,197,99987,197,101341,197,99975,197,101346,197,99967,197,101465,100,99966,100,101968,100,99955,100,101986,100,99936,100,102086,100,99935,100,102116,100,99928,100
2019-06-28 09:43:03.864412160,100286,197,100091,197,100369,197,100080,197,101036,100,99987,197,101158,197,99975,197,101341,197,99967,197,101346,197,99966,100,101465,100,99955,100,101968,100,99936,100,101986,100,99935,100,102086,100,99928,100
2019-06-28 09:43:10.000000000,100286,343,100091,343,100369,343,100080,343,101036,100,99987,100,101158,100,99975,100,101341,100,99967,100,101346,100,99966,100,101465,100,99955,100,101968,100,99936,100,101986,100,99935,100,102086,100,99928,100
2019-06-28 09:43:20.000000000,100286,343,100091,343,100369,343,100080,343,101036,100,99987,100,101158,100,99975,100,101341,100,99967,100,101346,100,99966,100,101465,100,99955,100,101968,100,99936,100,101986,100,99935,100,102086,100,99928,100
2019-06-28 09:43:21.301364916,100286,343,100098,100,100369,343,100091,343,101036,100,100080,343,101158,100,99987,100,101341,100,99975,100,101346,100,99967,100,101465,100,99966,100,101968,100,99955,100,101986,100,99936,100,102086,100,99935,100
2019-06-28 09:43:30.000000000,100286,197,100098,197,100369,197,100091,197,101036,197,100080,197,101158,197,99987,197,101341,197,99975,197,101346,100,99967,100,101465,100,99966,100,101968,100,99955,100,101986,100,99936,100,102086,100,99935,100
2019-06-28 09:43:40.000000000,100286,586,100098,586,100369,100,100091,100,101036,100,100080,100,101158,100,99987,100,101341,100,99975,100,101346,100,99967,100,101465,100,99966,100,101968,100,99955,100,101986,100,99936,100,102086,100,99935,100
2019-06-28 09:43:40.757881330,100286,586,100098,586,100369,100,100091,100,101036,100,100080,100,101158,100,99987,100,101341,100,99975,100,101346,100,99967,100,101465,100,99966,100,101968,100,99955,100,101986,100,99936,100,102086,100,99935,100
2019-06-28 09:43:47.360940183,100286,586,100098,586,100369,100,100091,100,100865,100,100080,100,101036,100,99987,100,101158,100,99975,100,101341,100,99967,100,101346,100,99966,100,101465,100,99955,100,101968,100,99936,100,101986,100,99935,100
2019-06-28 09:43:50.000000000,100286,586,100098,586,100369,100,100091,100,100865,100,100080,100,101036,100,99987,100,101158,100,99975,100,101341,100,99967,100,101346,100,99966,100,101465,100,99955,100,101968,100,99936,100,101986,100,99935,100
2019-06-28 09:44:00.000000000,100286,586,100098,586,100369,100,100091,100,100865,100,100080,100,101036,100,99987,100,101158,100,99975,100,101341,100,99967,100,101346,100,99966,100,101465,100,99955,100,101968,100,99936,100,101986,100,99935,100
2019-06-28 09:44:10.000000000,100286,343,100098,343,100369,343,100091,343,100865,100,100080,100,101036,100,99987,100,101158,100,99975,100,101341,100,99967,100,101346,100,99966,100,101465,100,99955,100,101968,100,99936,100,101986,100,99935,100
2019-06-28 09:44:18.489153510,100286,343,100098,343,100369,343,100091,343,100865,100,100080,100,101036,100,99987,100,101049,100,99975,100,101158,100,99967,100,101341,100,99966,100,101346,100,99955,100,101465,100,99936,100,101968,100,99935,100
2019-06-28 09:44:20.000000000,100286,197,100098,197,100369,197,100091,197,100865,197,100080,197,101036,197,99987,197,101049,197,99975,197,101158,100,99967,100,101341,100,99966,100,101346,100,99955,100,101465,100,99936,100,101968,100,99935,100
2019-06-28 09:44:30.000000000,100286,222,100098,222,100369,222,100091,222,100865,222,100080,222,101036,222,99987,222,101049,100,99975,100,101158,100,99967,100,101341,100,99966,100,101346,100,99955,100,101465,100,99936,100,101968,100,99935,100
2019-06-28 09:44:39.377685702,100286,222,100098,322,100369,222,100091,222,100865,222,100080,222,101036,222,99987,222,101049,100,99975,100,101158,100,99967,100,101341,100,99966,100,101346,100,99955,100,101465,100,99936,100,101968,100,99935,100
2019-06-28 09:44:40.000000000,100286,265,100098,365,100369,260,100091,260,100865,260,100080,260,101036,100,99987,100,101049,100,99975,100,101158,100,99967,100,101341,100,99966,100,101346,100,99955,100,101465,100,99936,100,101968,100,99935,100
2019-06-28 09:44:50.000000000,100286,343,100098,443,100369,343,100091,343,100865,100,100080,100,101036,100,99987,100,101049,100,99975,100,101158,100,99967,100,101341,100,99966,100,101346,100,99955,100,101465,100,99936,100,101968,100,99935,100
2019-06-28 09:45:00.000000000,100286,586,100098,686,100369,100,100091,100,100865,100,100080,100,101036,100,99987,100,101049,100,99975,100,101158,100,99967,100,101341,100,99966,100,101346,100,99955,100,101465,100,99936,100,101968,100,99935,100
2019-06-28 09:45:10.000000000,100286,197,100098,297,100369,197,100091,197,100865,197,100080,197,101036,197,99987,197,101049,197,99975,197,101158,100,99967,100,101341,100,99966,100,101346,100,99955,100,101465,100,99936,100,101968,100,99935,100
2019-06-28 09:45:20.000000000,100286,265,100098,365,100369,260,100091,260,100865,260,100080,260,101036,100,99987,100,101049,100,99975,100,101158,100,99967,100,101341,100,99966,100,101346,100,99955,100,101465,100,99936,100,101968,100,99935,100
2019-06-28 09:45:24.400801321,100286,165,100098,365,100369,260,100091,260,100865,260,100080,260,101036,100,99987,100,101049,100,99975,100,101158,100,99967,100,101341,100,99966,100,101346,100,99955,100,101465,100,99936,100,101968,100,99935,100
2019-06-28 09:45:30.000000000,100369,197,100098,297,100865,197,100091,197,101036,197,100080,197,101049,197,99987,197,101158,197,99975,197,101341,100,99967,100,101346,100,99966,100,101465,100,99955,100,101968,100,99936,100,101986,100,99935,100
2019-06-28 09:45:40.000000000,100369,265,100098,365,100865,260,100091,260,101036,260,100080,260,101049,100,99987,100,101158,100,99975,100,101341,100,99967,100,101346,100,99966,100,101465,100,99955,100,101968,100,99936,100,101986,100,99935,100
2019-06-28 09:45:43.728478444,100369,165,100098,365,100865,260,100091,260,101036,260,100080,260,101049,100,99987,100,101158,100,99975,100,101341,100,99967,100,101346,100,99966,100,101465,100,99955,100,101968,100,99936,100,102086,100,99935,100
2019-06-28 09:45:50.000000000,100865,265,100098,365,101036,260,100091,260,101049,260,100080,260,101158,100,99987,100,101341,100,99975,100,101346,100,99967,100,101465,100,99966,100,101968,100,99955,100,102086,100,99936,100,102116,100,99935,100
2019-06-28 09:46:00.000000000,100865,197,100098,297,101036,197,100091,197,101049,197,100080,197,101158,197,99987,197,101341,197,99975,197,101346,100,99967,100,101465,100,99966,100,101968,100,99955,100,102086,100,99936,100,102116,100,99935,100
2019-06-28 09:46:03.029705489,100865,197,100724,100,101036,197,100098,297,101049,197,100091,197,101158,197,100080,197,101341,197,99987,197,101346,100,99975,197,101465,100,99967,100,102086,100,99966,100,102116,100,99955,100,102173,100,99936,100
2019-06-28 09:46:10.000000000,100865,265,100724,265,101036,260,100098,360,101049,260,100091,260,101158,100,100080,100,101341,100,99987,100,101346,100,99975,100,101465,100,99967,100,102086,100,99966,100,102116,100,99955,100,102173,100,99936,100
2019-06-28 09:46:17.320681819,100865,265,100724,265,101036,260,100286,100,101049,260,100098,360,101158,100,100091,260,101341,100,100080,100,101346,100,99987,100,101465,100,99975,100,102086,100,99967,100,102116,100,99966,100,102173,100,99955,100
2019-06-28 09:46:20.000000000,100865,343,100724,343,101036,343,100286,343,101049,100,100098,200,101158,100,100091,100,101341,100,100080,100,101346,100,99987,100,101465,100,99975,100,102086,100,99967,100,102116,100,99966,100,102173,100,99955,100
2019-06-28 09:46:30.000000000,100865,222,100724,222,101036,222,100286,222,101049,222,100098,322,101158,222,100091,222,101341,100,100080,100,101346,100,99987,100,101465,100,99975,100,102086,100,99967,100,102116,100,99966,100,102173,100,99955,100
2019-06-28 09:46:31.727416438,100865,222,100724,222,101036,222,100286,222,101049,222,100098,322,101158,222,100091,222,101341,100,100080,100,101346,100,99987,100,101465,100,99975,100,102086,100,99967,100,102116,100,99966,100,102173,100,99955,100
2019-06-28 09:46:38.675366048,100865,222,100724,222,100890,100,100286,222,101036,222,100098,322,101049,222,100091,222,101158,222,100080,100,101341,100,99987,100,101346,100,99975,100,101465,100,99967,100,102086,100,99966,100,102116,100,99955,100
2019-06-28 09:46:40.000000000,100865,222,100724,222,100890,222,100286,222,101036,222,100098,322,101049,222,100091,222,101158,100,100080,100,101341,100,99987,100,101346,100,99975,100,101465,100,99967,100,102086,100,99966,100,102116,100,99955,100
2019-06-28 09:46:46.439705991,100865,222,100724,122,100890,222,100286,222,101036,222,100098,322,101049,222,100091,222,101158,100,100080,100,101341,100,99987,100,101346,100,99975,100,101465,100,99967,100,102086,100,99966,100,102116,100,99955,100
2019-06-28 09:46:47.668879511,100865,222,100724,122,100890,222,100369,100,101036,222,100286,222,101049,222,100098,322,101158,100,100091,222,101341,100,100080,100,101346,100,99987,100,101465,100,99975,100,102086,100,99967,100,102116,100,99966,100
2019-06-28 09:46:50.000000000,100865,197,100369,197,100890,197,100286,197,101036,197,100098,297,101049,197,100091,197,101158,197,100080,197,101341,100,99987,100,101346,100,99975,100,101465,100,99967,100,102086,100,99966,100,102116,100,99955,100
2019-06-28 09:47:00.000000000,100865,586,100369,586,100890,100,100286,100,101036,100,100098,200,101049,100,100091,100,101158,100,100080,100,101341,100,99987,100,101346,100,99975,100,101465,100,99967,100,102086,100,99966,100,102116,100,99955,100
2019-06-28 09:47:06.997491965,100865,586,100376,100,100890,100,100369,586,101036,100,100286,100,101049,100,100098,200,101158,100,100091,100,101341,100,100080,100,101346,100,99987,100,101465,100,99975,100,102086,100,99967,100,102116,100,99966,100
2019-06-28 09:47:10.000000000,100865,343,100376,343,100890,343,100369,343,101036,100,100286,100,101049,100,100098,200,101158,100,100091,100,101341,100,100080,100,101346,100,99987,100,101465,100,99975,100,102086,100,99967,100,102116,100,99966,100
2019-06-28 09:47:10.049104933,100724,100,100376,343,100865,343,100369,343,100890,343,100286,100,101036,100,100098,200,101049,100,100091,100,101158,100,100080,100,101341,100,99987,100,101346,100,99975,100,101465,100,99967,100,102086,100,99966,100
2019-06-28 09:47:20.000000000,100724,265,100376,265,100865,260,100369,260,100890,260,100286,260,101036,100,100098,200,101049,100,100091,100,101158,100,100080,100,101341,100,99987,100,101346,100,99975,100,101465,100,99967,100,102086,100,99966,100
2019-06-28 09:47:22.412413171,100724,365,100376,265,100865,260,100369,260,100890,260,100286,260,101036,100,100098,200,101049,100,100091,100,101158,100,100080,100,101341,100,99987,100,101346,100,99975,100,101465,100,99967,100,102086,100,99966,100
2019-06-28 09:47:30.000000000,100724,686,100376,586,100865,100,100369,100,100890,100,100286,100,101036,100,100098,200,101049,100,100091,100,101158,100,100080,100,101341,100,99987,100,101346,100,99975,100,101465,100,99967,100,102086,100,99966,100
2019-06-28 09:47:40.000000000,100724,322,100376,222,100865,222,100369,222,100890,222,100286,222,101036,222,100098,322,101049,100,100091,100,101158,100,100080,100,101341,100,99987,100,101346,100,99975,100,101465,100,99967,100,102086,100,99966,100
2019-06-28 09:47:45.480071564,100724,322,100376,222,100865,222,100369,222,100890,222,100286,222,101036,222,100098,322,101049,100,100091,100,101158,100,99987,100,101341,100,99975,100,101346,100,99967,100,101465,100,99966,100,102086,100,99955,100
2019-06-28 09:47:50.000000000,100724,297,100376,197,100865,197,100369,197,100890,197,100286,197,101036,197,100098,297,101049,197,100091,197,101158,100,99987,100,101341,100,99975,100,101346,100,99967,100,101465,100,99966,100,102086,100,99955,100
2019-06-28 09:48:00.000000000,100724,322,100376,222,100865,222,100369,222,100890,222,100286,222,101036,222,100098,322,101049,100,100091,100,101158,100,99987,100,101341,100,99975,100,101346,100,99967,100,101465,100,99966,100,102086,100,99955,100
2019-06-28 09:48:10.000000000,100724,297,100376,197,100865,197,100369,197,100890,197,100286,197,101036,197,100098,297,101049,197,100091,197,101158,100,99987,100,101341,100,99975,100,101346,100,99967,100,101465,100,99966,100,102086,100,99955,100
2019-06-28 09:48:20.000000000,100724,443,100376,343,100865,343,100369,343,100890,100,100286,100,101036,100,100098,200,101049,100,100091,100,101158,100,99987,100,101341,100,99975,100,101346,100,99967,100,101465,100,99966,100,102086,100,99955,100
2019-06-28 09:48:30.000000000,100724,365,100376,265,100865,260,100369,260,100890,260,100286,260,101036,100,100098,200,101049,100,100091,100,101158,100,99987,100,101341,100,99975,100,101346,100,99967,100,101465,100,99966,100,102086,100,99955,100
2019-06-28 09:48:31.652636310,100724,365,100694,100,100865,260,100376,165,100890,260,100369,260,101036,100,100286,260,101049,100,100098,200,101158,100,100091,100,101341,100,99987,100,101346,100,99975,100,101465,100,99967,100,102086,100,99966,100
2019-06-28 09:48:32.549499630,100724,365,100694,100,100865,260,100376,165,100890,260,100369,260,101036,100,100286,260,101046,100,100098,200,101049,100,100091,100,101158,100,99987,100,101346,100,99975,100,101465,100,99967,100,102086,100,99966,100
2019-06-28 09:48:35.088321053,100724,365,100694,100,100865,260,100376,165,100890,260,100369,260,101036,100,100286,260,101046,100,100098,200,101049,100,100091,100,101144,100,99987,100,101158,100,99975,100,101346,100,99967,100,101465,100,99966,100
2019-06-28 09:48:35.226746955,100724,365,100694,100,100820,100,100376,165,100865,160,100369,260,100890,260,100286,260,101036,100,100098,200,101046,100,100091,100,101049,100,99987,100,101144,100,99975,100,101158,100,99967,100,101346,100,99966,100
2019-06-28 09:48:38.431419380,100724,265,100694,100,100820,100,100376,165,100865,160,100369,260,100890,260,100286,260,101036,100,100098,200,101046,100,100091,100,101049,100,99987,100,101144,100,99975,100,101158,100,99967,100,101346,100,99966,100
2019-06-28 09:48:40.000000000,100724,265,100694,265,100820,260,100369,260,100890,260,100286,260,101036,100,100098,200,101046,100,100091,100,101049,100,99987,100,101144,100,99975,100,101158,100,99967,100,101346,100,99966,100,101465,100,99955,100
2019-06-28 09:48:50.000000000,100724,586,100694,586,100820,100,100369,100,100890,100,100286,100,101036,100,100098,200,101046,100,100091,100,101049,100,99987,100,101144,100,99975,100,101158,100,99967,100,101346,100,99966,100,101465,100,99955,100
2019-06-28 09:49:00.000000000,100724,197,100694,197,100820,197,100369,197,100890,197,100286,197,101036,197,100098,297,101046,197,100091,197,101049,100,99987,100,101144,100,99975,100,101158,100,99967,100,101346,100,99966,100,101465,100,99955,100
2019-06-28 09:49:10.000000000,100724,222,100694,222,100820,222,100369,222,100890,222,100286,222,101036,222,100098,322,101046,100,100091,100,101049,100,99987,100,101144,100,99975,100,101158,100,99967,100,101346,100,99966,100,101465,100,99955,100
2019-06-28 09:49:20.000000000,100724,265,100694,265,100820,260,100369,260,100890,260,100286,260,101036,100,100098,200,101046,100,100091,100,101049,100,99987,100,101144,100,99975,100,101158,100,99967,100,101346,100,99966,100,101465,100,99955,100
2019-06-28 09:49:30.000000000,100724,222,100694,222,100820,222,100369,222,100890,222,100286,222,101036,222,100098,322,101046,100,100091,100,101049,100,99987,100,101144,100,99975,100,101158,100,99967,100,101346,100,99966,100,101465,100,99955,100
2019-06-28 09:49:38.613685394,100724,222,100694,222,100820,222,100390,100,100890,222,100369,222,101036,222,100286,222,101046,100,100098,322,101049,100,100091,100,101144,100,99987,100,101158,100,99975,100,101346,100,99967,100,101465,100,99966,100
2019-06-28 09:49:40.000000000,100724,197,100694,197,100820,197,100390,197,100890,197,100369,197,101036,197,100286,197,101046,197,100098,297,101049,100,100091,100,101144,100,99987,100,101158,100,99975,100,101346,100,99967,100,101465,100,99966,100
2019-06-28 09:49:50.000000000,100724,265,100694,265,100820,260,100390,260,100890,260,100369,260,101036,100,100286,100,101046,100,100098,200,101049,100,100091,100,101144,100,99987,100,101158,100,99975,100,101346,100,99967,100,101465,100,99966,100
2019-06-28 09:50:00.000000000,100724,222,100694,222,100820,222,100390,222,100890,222,100369,222,101036,222,100286,222,101046,100,100098,200,101049,100,100091,100,101144,100,99987,100,101158,100,99975,100,101346,100,99967,100,101465,100,99966,100
2019-06-28 09:50:01.550503122,100723,100,100694,222,100724,222,100390,222,100820,222,100369,222,100890,222,100286,222,101036,222,100098,200,101046,100,100091,100,101049,100,99987,100,101144,100,99975,100,101158,100,99967,100,101346,100,99966,100
2019-06-28 09:50:06.222156796,100723,200,100694,222,100724,222,100390,222,100820,222,100369,222,100890,222,100286,222,101036,222,100098,200,101046,100,100091,100,101049,100,99987,100,101144,100,99975,100,101158,100,99967,100,101346,100,99966,100
2019-06-28 09:50:10.000000000,100723,322,100694,222,100724,222,100390,222,100820,222,100369,222,100890,222,100286,222,101036,100,100098,200,101046,100,100091,100,101049,100,99987,100,101144,100,99975,100,101158,100,99967,100,101346,100,99966,100
2019-06-28 09:50:13.291356468,100723,322,100694,222,100724,222,100390,222,100820,222,100369,222,100890,222,100286,222,101036,100,100098,200,101046,100,99987,100,101049,100,99975,100,101144,100,99967,100,101158,100,99966,100,101346,100,99955,100
2019-06-28 09:50:17.759329873,100723,322,100694,122,100724,222,100390,222,100820,222,100369,222,100890,222,100286,222,101036,100,100098,200,101046,100,99987,100,101049,100,99975,100,101144,100,99967,100,101158,100,99966,100,101346,100,99955,100
2019-06-28 09:50:20.000000000,100723,365,100390,265,100724,260,100369,260,100820,260,100286,260,100890,100,100098,200,101036,100,99987,100,101046,100,99975,100,101049,100,99967,100,101144,100,99966,100,101158,100,99955,100,101346,100,99936,100
2019-06-28 09:50:30.000000000,100723,322,100390,222,100724,222,100369,222,100820,222,100286,222,100890,222,100098,322,101036,100,99987,100,101046,100,99975,100,101049,100,99967,100,101144,100,99966,100,101158,100,99955,100,101346,100,99936,100
2019-06-28 09:50:38.868992608,100723,322,100390,222,100724,222,100369,222,100820,222,100286,222,100890,222,100098,322,101036,100,99987,100,101046,100,99975,100,101049,100,99967,100,101144,100,99966,100,101158,100,99955,100,101346,100,99954,100
2019-06-28 09:50:40.000000000,100723,686,100390,586,100724,100,100369,100,100820,100,100286,100,100890,100,100098,200,101036,100,99987,100,101046,100,99975,100,101049,100,99967,100,101144,100,99966,100,101158,100,99955,100,101346,100,99954,100
2019-06-28 09:50:50.000000000,100723,365,100390,265,100724,260,100369,260,100820,260,100286,260,100890,100,100098,200,101036,100,99987,100,101046,100,99975,100,101049,100,99967,100,101144,100,99966,100,101158,100,99955,100,101346,100,99954,100
2019-06-28 09:50:52.710312122,100723,365,100390,265,100724,260,100369,260,100820,260,100286,260,100890,100,100098,200,101036,100,100038,100,101046,100,99987,100,101049,100,99975,100,101158,100,99967,100,101346,100,99966,100,101465,100,99955,100
2019-06-28 09:51:00.000000000,100723,443,100390,343,100724,343,100369,343,100820,100,100286,100,100890,100,100098,200,101036,100,100038,100,101046,100,99987,100,101049,100,99975,100,101158,100,99967,100,101346,100,99966,100,101465,100,99955,100
2019-06-28 09:51:03.003543856,100723,443,100390,243,100724,343,100369,343,100820,100,100286,100,100890,100,100098,200,101036,100,100038,100,101046,100,99987,100,101049,100,99975,100,101158,100,99967,100,101346,100,99966,100,101465,100,99955,100
2019-06-28 09:51:10.000000000,100723,686,100369,586,100724,100,100286,100,100820,100,100098,200,100890,100,100038,100,101036,100,99987,100,101046,100,99975,100,101049,100,99967,100,101158,100,99966,100,101346,100,99955,100,101465,100,99954,100
2019-06-28 09:51:16.888224238,100723,686,100369,486,100724,100,100286,100,100820,100,100098,200,100890,100,100038,100,101036,100,99987,100,101046,100,99975,100,101049,100,99967,100,101158,100,99966,100,101346,100,99955,100,101465,100,99954,100
2019-06-28 09:51:20.000000000,100723,686,100286,586,100724,100,100098,200,100820,100,100038,100,100890,100,99987,100,101036,100,99975,100,101046,100,99967,100,101049,100,99966,100,101158,100,99955,100,101346,100,99954,100,101465,100,99936,100
2019-06-28 09:51:27.405581364,100723,686,100286,486,100724,100,100098,200,100820,100,100038,100,100890,100,99987,100,101036,100,99975,100,101046,100,99967,100,101049,100,99966,100,101158,100,99955,100,101346,100,99954,100,101465,100,99936,100
2019-06-28 09:51:30.000000000,100723,686,100098,686,100724,100,100038,100,100820,100,99987,100,100890,100,99975,100,101036,100,99967,100,101046,100,99966,100,101049,100,99955,100,101158,100,99954,100,101346,100,99936,100,101465,100,99928,100
2019-06-28 09:51:40.000000000,100723,443,100098,443,100724,343,100038,343,100820,100,99987,100,100890,100,99975,100,101036,100,99967,100,101046,100,99966,100,101049,100,99955,100,101158,100,99954,100,101346,100,99936,100,101465,100,99928,100
2019-06-28 09:51:50.000000000,100723,686,100098,686,100724,100,100038,100,100820,100,99987,100,100890,100,99975,100,101036,100,99967,100,101046,100,99966,100,101049,100,99955,100,101158,100,99954,100,101346,100,99936,100,101465,100,99928,100
2019-06-28 09:51:56.898015607,100723,686,100098,586,100724,100,100038,100,100820,100,99987,100,100890,100,99975,100,101036,100,99967,100,101046,100,99966,100,101049,100,99955,100,101158,100,99954,100,101346,100,99936,100,101465,100,99928,100
2019-06-28 09:52:00.000000000,100723,443,100098,343,100724,343,100038,343,100820,100,99987,100,100890,100,99975,100,101036,100,99967,100,101046,100,99966,100,101049,100,99955,100,101158,100,99954,100,101346,100,99936,100,101465,100,99928,100
2019-06-28 09:52:10.000000000,100723,365,100098,265,100724,260,100038,260,100820,260,99987,260,100890,100,99975,100,101036,100,99967,100,101046,100,99966,100,101049,100,99955,100,101158,100,99954,100,101346,100,99936,100,101465,100,99928,100
2019-06-28 09:52:20.000000000,100723,443,100098,343,100724,343,100038,343,100820,100,99987,100,100890,100,99975,100,101036,100,99967,100,101046,100,99966,100,101049,100,99955,100,101158,100,99954,100,101346,100,99936,100,101465,100,99928,100
2019-06-28 09:52:30.000000000,100723,322,100098,222,100724,222,100038,222,100820,222,99987,222,100890,222,99975,222,101036,100,99967,100,101046,100,99966,100,101049,100,99955,100,101158,100,99954,100,101346,100,99936,100,101465,100,99928,100
2019-06-28 09:52:40.000000000,100723,686,100098,586,100724,100,100038,100,100820,100,99987,100,100890,100,99975,100,101036,100,99967,100,101046,100,99966,100,101049,100,99955,100,101158,100,99954,100,101346,100,99936,100,101465,100,99928,100
2019-06-28 09:52:50.000000000,100723,297,100098,197,100724,197,100038,197,100820,197,99987,197,100890,197,99975,197,101036,197,99967,197,101046,100,99966,100,101049,100,99955,100,101158,100,99954,100,101346,100,99936,100,101465,100,99928,100
2019-06-28 09:53:00.000000000,100723,322,100098,222,100724,222,100038,222,100820,222,99987,222,100890,222,99975,222,101036,100,99967,100,101046,100,99966,100,101049,100,99955,100,101158,100,99954,100,101346,100,99936,100,101465,100,99928,100
2019-06-28 09:53:10.000000000,100723,443,100098,343,100724,343,100038,343,100820,100,99987,100,100890,100,99975,100,101036,100,99967,100,101046,100,99966,100,101049,100,99955,100,101158,100,99954,100,101346,100,99936,100,101465,100,99928,100
2019-06-28 09:53:20.000000000,100723,443,100098,343,100724,343,100038,343,100820,100,99987,100,100890,100,99975,100,101036,100,99967,100,101046,100,99966,100,101049,100,99955,100,101158,100,99954,100,101346,100,99936,100,101465,100,99928,100
2019-06-28 09:53:23.224988125,100723,443,100098,343,100724,343,100038,343,100820,100,99987,100,100890,100,99975,100,101036,100,99967,100,101046,100,99966,100,101049,100,99955,100,101158,100,99954,100,101346,100,99936,100,101348,100,99928,100
2019-06-28 09:53:25.131829187,100723,443,100098,343,100724,343,100038,343,100820,100,99987,100,100890,100,99975,100,101036,100,99967,100,101046,100,99966,100,101049,100,99955,100,101158,100,99954,100,101323,100,99936,100,101346,100,99928,100
2019-06-28 09:53:25.487113148,100723,443,100098,243,100724,343,100038,343,100820,100,99987,100,100890,100,99975,100,101036,100,99967,100,101046,100,99966,100,101049,100,99955,100,101158,100,99954,100,101323,100,99936,100,101346,100,99928,100
2019-06-28 09:53:30.000000000,100723,686,100038,586,100724,100,99987,100,100820,100,99975,100,100890,100,99967,100,101036,100,99966,100,101046,100,99955,100,101049,100,99954,100,101158,100,99936,100,101323,100,99928,100,101346,100,99925,100
2019-06-28 09:53:31.789460385,100723,686,100287,100,100724,100,100038,586,100820,100,99987,100,100890,100,99975,100,101036,100,99967,100,101046,100,99966,100,101049,100,99955,100,101158,100,99954,100,101323,100,99936,100,101346,100,99928,100
2019-06-28 09:53:33.380961592,100723,686,100287,100,100724,100,100038,586,100820,100,99987,100,100890,100,99975,100,101036,100,99967,100,101046,100,99966,100,101049,100,99955,100,101158,100,99954,100,101270,100,99936,100,101323,100,99928,100
2019-06-28 09:53:40.000000000,100723,297,100287,197,100724,197,100038,197,100820,197,99987,197,100890,197,99975,197,101036,197,99967,197,101046,100,99966,100,101049,100,99955,100,101158,100,99954,100,101270,100,99936,100,101323,100,99928,100
2019-06-28 09:53:50.000000000,100723,297,100287,197,100724,197,100038,197,100820,197,99987,197,100890,197,99975,197,101036,197,99967,197,101046,100,99966,100,101049,100,99955,100,101158,100,99954,100,101270,100,99936,100,101323,100,99928,100
2019-06-28 09:54:00.000000000,100723,686,100287,586,100724,100,100038,100,100820,100,99987,100,100890,100,99975,100,101036,100,99967,100,101046,100,99966,100,101049,100,99955,100,101158,100,99954,100,101270,100,99936,100,101323,100,99928,100
2019-06-28 09:54:09.237753011,100723,586,100287,586,100724,100,100038,100,100820,100,99987,100,100890,100,99975,100,101036,100,99967,100,101046,100,99966,100,101049,100,99954,100,101158,100,99936,100,101270,100,99928,100,101323,100,99925,100
2019-06-28 09:54:10.000000000,100723,222,100287,222,100724,222,100038,222,100820,222,99987,222,100890,222,99975,222,101036,100,99967,100,101046,100,99966,100,101049,100,99954,100,101158,100,99936,100,101270,100,99928,100,101323,100,99925,100
2019-06-28 09:54:15.446032312,100723,122,100287,222,100724,222,100038,222,100820,222,99987,222,100890,222,99975,222,101036,100,99967,100,101046,100,99966,100,101049,100,99954,100,101158,100,99936,100,101270,100,99928,100,101323,100,99925,100
2019-06-28 09:54:20.000000000,100724,343,100287,343,100820,343,100038,343,100890,100,99987,100,101036,100,99975,100,101046,100,99967,100,101049,100,99966,100,101158,100,99954,100,101270,100,99936,100,101323,100,99928,100,101346,100,99925,100
2019-06-28 09:54:30.000000000,100724,222,100287,222,100820,222,100038,222,100890,222,99987,222,101036,222,99975,222,101046,100,99967,100,101049,100,99966,100,101158,100,99954,100,101270,100,99936,100,101323,100,99928,100,101346,100,99925,100
2019-06-28 09:54:40.000000000,100724,197,100287,197,100820,197,100038,197,100890,197,99987,197,101036,197,99975,197,101046,197,99967,197,101049,100,99966,100,101158,100,99954,100,101270,100,99936,100,101323,100,99928,100,101346,100,99925,100
2019-06-28 09:54:41.634870745,100724,197,100287,197,100820,197,100038,197,100890,197,99987,197,101036,197,99975,197,101046,197,99967,197,101049,100,99966,100,101089,100,99954,100,101158,100,99936,100,101270,100,99928,100,101323,100,99925,100
2019-06-28 09:54:47.741498375,100724,197,100287,197,100820,197,100038,197,100825,100,99987,197,100890,197,99975,197,101036,197,99967,197,101046,197,99966,100,101049,100,99954,100,101089,100,99936,100,101158,100,99928,100,101270,100,99925,100
2019-06-28 09:54:50.000000000,100724,586,100287,586,100820,100,100038,100,100825,100,99987,100,100890,100,99975,100,101036,100,99967,100,101046,100,99966,100,101049,100,99954,100,101089,100,99936,100,101158,100,99928,100,101270,100,99925,100
2019-06-28 09:54:51.542584921,100724,586,100655,100,100820,100,100287,586,100825,100,100038,100,100890,100,99987,100,101036,100,99975,100,101046,100,99967,100,101049,100,99966,100,101089,100,99954,100,101158,100,99936,100,101270,100,99928,100
2019-06-28 09:55:00.000000000,100724,586,100655,586,100820,100,100287,100,100825,100,100038,100,100890,100,99987,100,101036,100,99975,100,101046,100,99967,100,101049,100,99966,100,101089,100,99954,100,101158,100,99936,100,101270,100,99928,100
2019-06-28 09:55:00.970500946,100724,486,100655,586,100820,100,100287,100,100825,100,100038,100,100890,100,99987,100,101036,100,99975,100,101046,100,99967,100,101049,100,99966,100,101089,100,99954,100,101158,100,99936,100,101270,100,99928,100
2019-06-28 09:55:06.395877146,100724,486,100655,586,100820,100,100287,100,100825,100,100038,100,100860,100,99987,100,100890,100,99975,100,101036,100,99967,100,101046,100,99966,100,101049,100,99954,100,101089,100,99936,100,101158,100,99928,100
2019-06-28 09:55:10.000000000,100820,197,100655,197,100825,197,100287,197,100860,197,100038,197,100890,197,99987,197,101036,197,99975,197,101046,100,99967,100,101049,100,99966,100,101089,100,99954,100,101158,100,99936,100,101270,100,99928,100
2019-06-28 09:55:10.667354866,100820,197,100655,197,100825,197,100287,197,100860,197,100038,197,100890,197,99987,197,100901,100,99975,197,101036,197,99967,100,101046,100,99966,100,101049,100,99954,100,101089,100,99936,100,101158,100,99928,100
2019-06-28 09:55:18.152615336,100820,197,100655,197,100825,197,100287,197,100860,197,100038,197,100890,197,99987,197,100901,100,99975,197,100935,100,99967,100,101036,197,99966,100,101046,100,99954,100,101049,100,99936,100,101089,100,99928,100
2019-06-28 09:55:20.000000000,100820,265,100655,265,100825,260,100287,260,100860,260,100038,260,100890,100,99987,100,100901,100,99975,100,100935,100,99967,100,101036,100,99966,100,101046,100,99954,100,101049,100,99936,100,101089,100,99928,100
2019-06-28 09:55:24.570006936,100820,265,100655,265,100825,260,100287,260,100860,260,100038,260,100890,100,99987,100,100901,100,99975,100,100935,100,99967,100,101036,100,99966,100,101046,100,99954,100,101049,100,99936,100,101089,100,99925,100
2019-06-28 09:55:30.000000000,100820,586,100655,586,100825,100,100287,100,100860,100,100038,100,100890,100,99987,100,100901,100,99975,100,100935,100,99967,100,101036,100,99966,100,101046,100,99954,100,101049,100,99936,100,101089,100,99925,100
2019-06-28 09:55:40.000000000,100820,586,100655,586,100825,100,100287,100,100860,100,100038,100,100890,100,99987,100,100901,100,99975,100,100935,100,99967,100,101036,100,99966,100,101046,100,99954,100,101049,100,99936,100,101089,100,99925,100
2019-06-28 09:55:45.499741355,100820,586,100655,486,100825,100,100287,100,100860,100,100038,100,100890,100,99987,100,100901,100,99975,100,100935,100,99967,100,101036,100,99966,100,101046,100,99954,100,101049,100,99936,100,101089,100,99925,100
2019-06-28 09:55:50.000000000,100820,586,100287,586,100825,100,100038,100,100860,100,99987,100,100890,100,99975,100,100901,100,99967,100,100935,100,99966,100,101036,100,99954,100,101046,100,99936,100,101049,100,99925,100,101089,100,99919,100
2019-06-28 09:56:00.000000000,100820,222,100287,222,100825,222,100038,222,100860,222,99987,222,100890,222,99975,222,100901,100,99967,100,100935,100,99966,100,101036,100,99954,100,101046,100,99936,100,101049,100,99925,100,101089,100,99919,100
2019-06-28 09:56:10.000000000,100820,197,100287,197,100825,197,100038,197,100860,197,99987,197,100890,197,99975,197,100901,197,99967,197,100935,100,99966,100,101036,100,99954,100,101046,100,99936,100,101049,100,99925,100,101089,100,99919,100
2019-06-28 09:56:20.000000000,100820,222,100287,222,100825,222,100038,222,100860,222,99987,222,100890,222,99975,222,100901,100,99967,100,100935,100,99966,100,101036,100,99954,100,101046,100,99936,100,101049,100,99925,100,101089,100,99919,100
2019-06-28 09:56:30.000000000,100820,265,100287,265,100825,260,100038,260,100860,260,99987,260,100890,100,99975,100,100901,100,99967,100,100935,100,99966,100,101036,100,99954,100,101046,100,99936,100,101049,100,99925,100,101089,100,99919,100
2019-06-28 09:56:38.131942657,100820,265,100656,100,100825,260,100287,265,100860,260,100038,260,100890,100,99987,260,100901,100,99975,100,100935,100,99967,100,101036,100,99966,100,101046,100,99954,100,101049,100,99936,100,101089,100,99925,100
2019-06-28 09:56:39.903536102,100820,265,100287,265,100825,260,100038,260,100860,260,99987,260,100890,100,99975,100,100901,100,99967,100,100935,100,99966,100,101036,100,99954,100,101046,100,99936,100,101049,100,99925,100,101089,100,99919,100
2019-06-28 09:56:40.000000000,100820,586,100287,586,100825,100,100038,100,100860,100,99987,100,100890,100,99975,100,100901,100,99967,100,100935,100,99966,100,101036,100,99954,100,101046,100,99936,100,101049,100,99925,100,101089,100,99919,100
2019-06-28 09:56:44.981635970,100820,586,100287,586,100825,100,100038,100,100860,100,99987,100,100890,100,99975,100,100901,100,99967,100,100935,100,99966,100,101036,100,99954,100,101046,100,99936,100,101049,100,99925,100,101089,100,99915,100
2019-06-28 09:56:50.000000000,100820,265,100287,265,100825,260,100038,260,100860,260,99987,260,100890,100,99975,100,100901,100,99967,100,100935,100,99966,100,101036,100,99954,100,101046,100,99936,100,101049,100,99925,100,101089,100,99915,100
2019-06-28 09:57:00.000000000,100820,586,100287,586,100825,100,100038,100,100860,100,99987,100,100890,100,99975,100,100901,100,99967,100,100935,100,99966,100,101036,100,99954,100,101046,100,99936,100,101049,100,99925,100,101089,100,99915,100
2019-06-28 09:57:10.000000000,100820,343,100287,343,100825,343,100038,343,100860,100,99987,100,100890,100,99975,100,100901,100,99967,100,100935,100,99966,100,101036,100,99954,100,101046,100,99936,100,101049,100,99925,100,101089,100,99915,100
2019-06-28 09:57:20.000000000,100820,343,100287,343,100825,343,100038,343,100860,100,99987,100,100890,100,99975,100,100901,100,99967,100,100935,100,99966,100,101036,100,99954,100,101046,100,99936,100,101049,100,99925,100,101089,100,99915,100
2019-06-28 09:57:23.628686861,100820,243,100287,343,100825,343,100038,343,100860,100,99987,100,100890,100,99975,100,100901,100,99967,100,100935,100,99966,100,101036,100,99954,100,101046,100,99936,100,101049,100,99925,100,101089,100,99915,100
2019-06-28 09:57:27.758835336,100820,243,100657,100,100825,343,100287,343,100860,100,100038,343,100890,100,99987,100,100901,100,99975,100,100935,100,99967,100,101036,100,99966,100,101046,100,99954,100,101049,100,99936,100,101089,100,99925,100
2019-06-28 09:57:30.000000000,100825,197,100657,197,100860,197,100287,197,100890,197,100038,197,100901,197,99987,197,100935,197,99975,197,101036,100,99967,100,101046,100,99966,100,101049,100,99954,100,101089,100,99936,100,101158,100,99925,100
2019-06-28 09:57:40.000000000,100825,197,100657,197,100860,197,100287,197,100890,197,100038,197,100901,197,99987,197,100935,197,99975,197,101036,100,99967,100,101046,100,99966,100,101049,100,99954,100,101089,100,99936,100,101158,100,99925,100
2019-06-28 09:57:50.000000000,100825,222,100657,222,100860,222,100287,222,100890,222,100038,222,100901,222,99987,222,100935,100,99975,100,101036,100,99967,100,101046,100,99966,100,101049,100,99954,100,101089,100,99936,100,101158,100,99925,100
2019-06-28 09:58:00.000000000,100825,197,100657,197,100860,197,100287,197,100890,197,100038,197,100901,197,99987,197,100935,197,99975,197,101036,100,99967,100,101046,100,99966,100,101049,100,99954,100,101089,100,99936,100,101158,100,99925,100
2019-06-28 09:58:08.729645695,100825,197,100657,297,100860,197,100287,197,100890,197,100038,197,100901,197,99987,197,100935,197,99975,197,101036,100,99967,100,101046,100,99966,100,101049,100,99954,100,101089,100,99936,100,101158,100,99925,100
2019-06-28 09:58:10.000000000,100825,586,100657,686,100860,100,100287,100,100890,100,100038,100,100901,100,99987,100,100935,100,99975,100,101036,100,99967,100,101046,100,99966,100,101049,100,99954,100,101089,100,99936,100,101158,100,99925,100
2019-06-28 09:58:20.000000000,100825,222,100657,322,100860,222,100287,222,100890,222,100038,222,100901,222,99987,222,100935,100,99975,100,101036,100,99967,100,101046,100,99966,100,101049,100,99954,100,101089,100,99936,100,101158,100,99925,100
2019-06-28 09:58:29.651638874,100825,122,100657,322,100860,222,100287,222,100890,222,100038,222,100901,222,99987,222,100935,100,99975,100,101036,100,99967,100,101046,100,99954,100,101049,100,99936,100,101089,100,99925,100,101158,100,99915,100
2019-06-28 09:58:30.000000000,100860,265,100657,365,100890,260,100287,260,100901,260,100038,260,100935,100,99987,100,101036,100,99975,100,101046,100,99967,100,101049,100,99954,100,101089,100,99936,100,101158,100,99925,100,101270,100,99915,100
2019-06-28 09:58:40.000000000,100860,197,100657,297,100890,197,100287,197,100901,197,100038,197,100935,197,99987,197,101036,197,99975,197,101046,100,99967,100,101049,100,99954,100,101089,100,99936,100,101158,100,99925,100,101270,100,99915,100
2019-06-28 09:58:46.449402175,100860,197,100657,297,100890,197,100287,197,100901,197,100038,197,100935,197,99987,197,101036,197,99975,197,101046,100,99967,100,101049,100,99954,100,101089,100,99936,100,101158,100,99925,100,101270,100,99915,100
2019-06-28 09:58:50.000000000,100860,586,100657,686,100890,100,100287,100,100901,100,100038,100,100935,100,99987,100,101036,100,99975,100,101046,100,99967,100,101049,100,99954,100,101089,100,99936,100,101158,100,99925,100,101270,100,99915,100
2019-06-28 09:59:00.000000000,100860,222,100657,322,100890,222,100287,222,100901,222,100038,222,100935,222,99987,222,101036,100,99975,100,101046,100,99967,100,101049,100,99954,100,101089,100,99936,100,101158,100,99925,100,101270,100,99915,100
2019-06-28 09:59:05.385898876,100860,222,100820,100,100890,222,100657,322,100901,222,100287,222,100935,222,100038,222,101036,100,99987,222,101046,100,99975,100,101049,100,99967,100,101089,100,99954,100,101158,100,99936,100,101270,100,99925,100
2019-06-28 09:59:10.000000000,100860,197,100820,197,100890,197,100657,297,100901,197,100287,197,100935,197,100038,197,101036,197,99987,197,101046,100,99975,100,101049,100,99967,100,101089,100,99954,100,101158,100,99936,100,101270,100,99925,100
2019-06-28 09:59:17.399778371,100860,197,100820,197,100890,197,100657,297,100901,197,100287,197,100935,197,100038,197,101036,197,99987,197,101046,100,99975,100,101089,100,99967,100,101158,100,99954,100,101270,100,99936,100,101346,100,99925,100
2019-06-28 09:59:19.383791941,100860,197,100820,197,100890,97,100657,297,100901,197,100287,197,100935,197,100038,197,101036,197,99987,197,101046,100,99975,100,101089,100,99967,100,101158,100,99954,100,101270,100,99936,100,101346,100,99925,100
2019-06-28 09:59:20.000000000,100860,265,100820,265,100901,260,100657,360,100935,260,100287,260,101036,100,100038,100,101046,100,99987,100,101089,100,99975,100,101158,100,99967,100,101270,100,99954,100,101346,100,99936,100,101348,100,99925,100
2019-06-28 09:59:30.000000000,100860,586,100820,586,100901,100,100657,200,100935,100,100287,100,101036,100,100038,100,101046,100,99987,100,101089,100,99975,100,101158,100,99967,100,101270,100,99954,100,101346,100,99936,100,101348,100,99925,100
2019-06-28 09:59:40.000000000,100860,222,100820,222,100901,222,100657,322,100935,222,100287,222,101036,222,100038,222,101046,100,99987,100,101089,100,99975,100,101158,100,99967,100,101270,100,99954,100,101346,100,99936,100,101348,100,99925,100
2019-06-28 09:59:41.001256197,100860,222,100820,222,100901,222,100657,322,100935,222,100287,222,101036,222,100038,222,101046,100,99987,100,101089,100,99975,100,101158,100,99967,100,101270,100,99954,100,101346,100,99936,100,101348,100,99925,100
2019-06-28 09:59:41.843477658,100860,222,100820,222,100901,222,100657,322,100935,222,100287,222,101036,222,100038,222,101046,100,99987,100,101089,100,99975,100,101158,100,99967,100,101270,100,99954,100,101346,100,99936,100,101348,100,99925,100
2019-06-28 09:59:50.000000000,100860,343,100820,343,100901,343,100657,443,100935,100,100287,100,101036,100,100038,100,101046,100,99987,100,101089,100,99975,100,101158,100,99967,100,101270,100,99954,100,101346,100,99936,100,101348,100,99925,100
2019-06-28 09:59:54.944027856,100860,343,100820,443,100901,343,100657,443,100935,100,100287,100,101036,100,100038,100,101046,100,99987,100,101089,100,99975,100,101158,100,99967,100,101270,100,99954,100,101346,100,99936,100,101348,100,99925,100
2019-06-28 10:00:00.000000000,100860,197,100820,297,100901,197,100657,297,100935,197,100287,197,101036,197,100038,197,101046,197,99987,197,101089,100,99975,100,101158,100,99967,100,101270,100,99954,100,101346,100,99936,100,101348,100,99925,100
2019-06-28 10:00:10.000000000,100860,222,100820,322,100901,222,100657,322,100935,222,100287,222,101036,222,100038,222,101046,100,99987,100,101089,100,99975,100,101158,100,99967,100,101270,100,99954,100,101346,100,99936,100,101348,100,99925,100
2019-06-28 10:00:20.000000000,100860,222,100820,322,100901,222,100657,322,100935,222,100287,222,101036,222,100038,222,101046,100,99987,100,101089,100,99975,100,101158,100,99967,100,101270,100,99954,100,101346,100,99936,100,101348,100,99925,100
2019-06-28 10:00:25.191299905,100860,122,100820,322,100901,122,100657,322,100935,222,100287,222,101036,222,100038,222,101046,100,99987,100,101089,100,99975,100,101158,100,99967,100,101270,100,99954,100,101346,100,99936,100,101348,100,99925,100
2019-06-28 10:00:30.000000000,100935,222,100820,322,101036,222,100657,322,101046,222,100287,222,101089,222,100038,222,101158,100,99987,100,101270,100,99975,100,101346,100,99967,100,101348,100,99954,100,101406,100,99936,100,101665,100,99925,100
2019-06-28 10:00:40.000000000,100935,222,100820,322,101036,222,100657,322,101046,222,100287,222,101089,222,100038,222,101158,100,99987,100,101270,100,99975,100,101346,100,99967,100,101348,100,99954,100,101406,100,99936,100,101665,100,99925,100
2019-06-28 10:00:49.641951373,100935,122,100820,322,101036,222,100657,322,101046,222,100287,222,101089,222,100038,222,101158,100,99987,100,101270,100,99975,100,101346,100,99967,100,101348,100,99954,100,101406,100,99936,100,101665,100,99925,100
2019-06-28 10:00:50.000000000,101036,343,100820,443,101046,343,100657,443,101089,100,100287,100,101158,100,100038,100,101270,100,99987,100,101346,100,99975,100,101348,100,99967,100,101406,100,99954,100,101665,100,99936,100,101714,100,99925,100
2019-06-28 10:00:56.873691010,101036,243,100820,443,101046,343,100657,443,101089,100,100287,100,101158,100,100038,100,101270,100,99987,100,101346,100,99975,100,101406,100,99967,100,101665,100,99954,100,101714,100,99936,100,101760,100,99925,100
2019-06-28 10:01:00.000000000,101046,586,100820,686,101089,100,100657,200,101158,100,100287,100,101270,100,100038,100,101346,100,99987,100,101406,100,99975,100,101665,100,99967,100,101714,100,99954,100,101760,100,99936,100,101778,100,99925,100
2019-06-28 10:01:10.000000000,101046,265,100820,365,101089,260,100657,360,101158,260,100287,260,101270,100,100038,100,101346,100,99987,100,101406,100,99975,100,101665,100,99967,100,101714,100,99954,100,101760,100,99936,100,101778,100,99925,100
2019-06-28 10:01:20.000000000,101046,586,100820,686,101089,100,100657,200,101158,100,100287,100,101270,100,100038,100,101346,100,99987,100,101406,100,99975,100,101665,100,99967,100,101714,100,99954,100,101760,100,99936,100,101778,100,99925,100
2019-06-28 10:01:26.594698104,101046,586,100820,686,101089,100,100657,200,101158,100,100287,100,101270,100,100038,100,101346,100,99987,100,101406,100,99975,100,101665,100,99967,100,101714,100,99954,100,101760,100,99936,100,101778,100,99925,100
2019-06-28 10:01:30.000000000,101046,222,100820,322,101089,222,100657,322,101158,222,100287,222,101270,222,100038,222,101346,100,99987,100,101406,100,99975,100,101665,100,99967,100,101714,100,99954,100,101760,100,99936,100,101778,100,99925,100
2019-06-28 10:01:38.580070483,101046,222,100820,322,101089,222,100657,322,101158,222,100287,222,101270,122,100038,222,101346,100,99987,100,101406,100,99975,100,101665,100,99967,100,101714,100,99954,100,101760,100,99936,100,101778,100,99925,100
2019-06-28 10:01:40.000000000,101046,197,100820,297,101089,197,100657,297,101158,197,100287,197,101346,197,100038,197,101406,197,99987,197,101665,100,99975,100,101714,100,99967,100,101760,100,99954,100,101778,100,99936,100,101794,100,99925,100
2019-06-28 10:01:46.759738051,101046,197,100820,297,101089,197,100657,297,101158,197,100287,197,101346,197,100038,197,101406,197,99987,97,101665,100,99975,100,101714,100,99967,100,101760,100,99954,100,101778,100,99936,100,101794,100,99925,100
2019-06-28 10:01:50.000000000,101046,222,100820,322,101089,222,100657,322,101158,222,100287,222,101346,222,100038,222,101406,100,99975,100,101665,100,99967,100,101714,100,99954,100,101760,100,99936,100,101778,100,99925,100,101794,100,99915,100
2019-06-28 10:01:55.236220471,101046,222,100935,100,101089,222,100820,322,101158,222,100657,322,101346,222,100287,222,101406,100,100038,222,101665,100,99975,100,101714,100,99967,100,101760,100,99954,100,101778,100,99936,100,101794,100,99925,100
2019-06-28 10:02:00.000000000,101046,343,100935,343,101089,343,100820,443,101158,100,100657,200,101346,100,100287,100,101406,100,100038,100,101665,100,99975,100,101714,100,99967,100,101760,100,99954,100,101778,100,99936,100,101794,100,99925,100
2019-06-28 10:02:02.645242202,101046,343,100935,443,101089,343,100820,443,101158,100,100657,200,101346,100,100287,100,101406,100,100038,100,101665,100,99975,100,101714,100,99967,100,101760,100,99954,100,101778,100,99936,100,101794,100,99925,100
2019-06-28 10:02:10.000000000,101046,197,100935,297,101089,197,100820,297,101158,197,100657,297,101346,197,100287,197,101406,197,100038,197,101665,100,99975,100,101714,100,99967,100,101760,100,99954,100,101778,100,99936,100,101794,100,99925,100
2019-06-28 10:02:20.000000000,101046,265,100935,365,101089,260,100820,360,101158,260,100657,360,101346,100,100287,100,101406,100,100038,100,101665,100,99975,100,101714,100,99967,100,101760,100,99954,100,101778,100,99936,100,101794,100,99925,100
2019-06-28 10:02:30.000000000,101046,265,100935,365,101089,260,100820,360,101158,260,100657,360,101346,100,100287,100,101406,100,100038,100,101665,100,99975,100,101714,100,99967,100,101760,100,99954,100,101778,100,99936,100,101794,100,99925,100
2019-06-28 10:02:40.000000000,101046,265,100935,365,101089,260,100820,360,101158,260,100657,360,101346,100,100287,100,101406,100,100038,100,101665,100,99975,100,101714,100,99967,100,101760,100,99954,100,101778,100,99936,100,101794,100,99925,100
2019-06-28 10:02:50.000000000,101046,197,100935,297,101089,197,100820,297,101158,197,100657,297,101346,197,100287,197,101406,197,100038,197,101665,100,99975,100,101714,100,99967,100,101760,100,99954,100,101778,100,99936,100,101794,100,99925,100
2019-06-28 10:02:50.379481621,101046,197,100935,297,101089,197,100820,197,101158,197,100657,297,101346,197,100287,197,101406,197,100038,197,101665,100,99975,100,101714,100,99967,100,101760,100,99954,100,101778,100,99936,100,101794,100,99925,100
2019-06-28 10:03:00.000000000,101046,265,100935,365,101089,260,100820,260,101158,260,100657,360,101346,100,100287,100,101406,100,100038,100,101665,100,99975,100,101714,100,99967,100,101760,100,99954,100,101778,100,99936,100,101794,100,99925,100
2019-06-28 10:03:10.000000000,101046,197,100935,297,101089,197,100820,197,101158,197,100657,297,101346,197,100287,197,101406,197,100038,197,101665,100,99975,100,101714,100,99967,100,101760,100,99954,100,101778,100,99936,100,101794,100,99925,100
2019-06-28 10:03:16.674686547,101046,197,100935,297,101089,197,100820,197,101158,197,100657,297,101346,197,100287,197,101406,197,100038,197,101665,100,99975,100,101714,100,99967,100,101760,100,99954,100,101778,100,99936,100,101794,100,99925,100
2019-06-28 10:03:20.000000000,101046,197,100935,297,101089,197,100820,197,101158,197,100657,297,101346,197,100287,197,101406,197,100038,197,101665,100,99975,100,101714,100,99967,100,101760,100,99954,100,101778,100,99936,100,101794,100,99925,100
2019-06-28 10:03:26.653822958,101046,197,100935,297,101089,197,100820,197,101158,197,100657,297,101346,197,100287,197,101406,197,100038,197,101665,100,99975,100,101714,100,99967,100,101760,100,99954,100,101778,100,99936,100,101794,100,99925,100
2019-06-28 10:03:29.631561425,101046,197,100935,297,101089,197,100820,197,101158,197,100657,297,101346,197,100287,197,101406,197,100038,197,101665,100,99975,100,101714,100,99967,100,101760,100,99954,100,101778,100,99936,100,101794,100,99925,100
2019-06-28 10:03:30.000000000,101046,586,100935,686,101089,100,100820,100,101158,100,100657,200,101346,100,100287,100,101406,100,100038,100,101665,100,99975,100,101714,100,99967,100,101760,100,99954,100,101778,100,99936,100,101794,100,99925,100
2019-06-28 10:03:40.000000000,101046,343,100935,443,101089,343,100820,343,101158,100,100657,200,101346,100,100287,100,101406,100,100038,100,101665,100,99975,100,101714,100,99967,100,101760,100,99954,100,101778,100,99936,100,101794,100,99925,100
2019-06-28 10:03:50.000000000,101046,343,100935,443,101089,343,100820,343,101158,100,100657,200,101346,100,100287,100,101406,100,100038,100,101665,100,99975,100,101714,100,99967,100,101760,100,99954,100,101778,100,99936,100,101794,100,99925,100
2019-06-28 10:04:00.000000000,101046,197,100935,297,101089,197,100820,197,101158,197,100657,297,101346,197,100287,197,101406,197,100038,197,101665,100,99975,100,101714,100,99967,100,101760,100,99954,100,101778,100,99936,100,101794,100,99925,100
2019-06-28 10:04:10.000000000,101046,265,100935,365,101089,260,100820,260,101158,260,100657,360,101346,100,100287,100,101406,100,100038,100,101665,100,99975,100,101714,100,99967,100,101760,100,99954,100,101778,100,99936,100,101794,100,99925,100
2019-06-28 10:04:20.000000000,101046,265,100935,365,101089,260,100820,260,101158,260,100657,360,101346,100,100287,100,101406,100,100038,100,101665,100,99975,100,101714,100,99967,100,101760,100,99954,100,101778,100,99936,100,101794,100,99925,100
2019-06-28 10:04:24.852794688,101046,265,100935,465,101089,260,100820,260,101158,260,100657,260,101346,100,100287,100,101406,100,100038,100,101665,100,99975,100,101714,100,99967,100,101760,100,99954,100,101778,100,99936,100,101794,100,99925,100
2019-06-28 10:04:30.000000000,101046,343,100935,543,101089,343,100820,343,101158,100,100657,100,101346,100,100287,100,101406,100,100038,100,101665,100,99975,100,101714,100,99967,100,101760,100,99954,100,101778,100,99936,100,101794,100,99925,100
2019-06-28 10:04:32.205293021,101046,343,100935,643,101089,343,100820,243,101158,100,100657,100,101346,100,100287,100,101406,100,100038,100,101665,100,99975,100,101714,100,99967,100,101760,100,99954,100,101778,100,99936,100,101794,100,99925,100
2019-06-28 10:04:40.000000000,101046,222,100935,522,101089,222,100657,222,101158,222,100287,222,101346,222,100038,222,101406,100,99975,100,101665,100,99967,100,101714,100,99954,100,101760,100,99936,100,101778,100,99925,100,101794,100,99915,100
2019-06-28 10:04:50.000000000,101046,222,100935,522,101089,222,100657,222,101158,222,100287,222,101346,222,100038,222,101406,100,99975,100,101665,100,99967,100,101714,100,99954,100,101760,100,99936,100,101778,100,99925,100,101794,100,99915,100
2019-06-28 10:04:58.987319717,101046,222,100935,522,101089,222,100657,222,101158,222,100287,222,101346,222,100038,222,101406,100,99975,100,101498,100,99954,100,101665,100,99936,100,101714,100,99925,100,101760,100,99915,100,101778,100,99884,100
2019-06-28 10:05:00.000000000,101046,197,100935,497,101089,197,100657,197,101158,197,100287,197,101346,197,100038,197,101406,197,99975,197,101498,100,99954,100,101665,100,99936,100,101714,100,99925,100,101760,100,99915,100,101778,100,99884,100
2019-06-28 10:05:10.000000000,101046,222,100935,522,101089,222,100657,222,101158,222,100287,222,101346,222,100038,222,101406,100,99975,100,101498,100,99954,100,101665,100,99936,100,101714,100,99925,100,101760,100,99915,100,101778,100,99884,100
2019-06-28 10:05:13.196196808,101046,122,100935,522,101089,222,100657,222,101158,222,100287,222,101346,222,100038,222,101406,100,99975,100,101498,100,99954,100,101665,100,99936,100,101714,100,99925,100,101760,100,99915,100,101778,100,99884,100
2019-06-28 10:05:15.958084317,101046,22,100935,522,101089,222,100657,222,101158,222,100287,222,101346,222,100038,222,101406,100,99975,100,101498,100,99954,100,101665,100,99936,100,101714,100,99925,100,101760,100,99915,100,101778,100,99884,100
2019-06-28 10:05:20.000000000,101089,265,100935,565,101158,260,100657,260,101346,260,100287,260,101406,100,100038,100,101498,100,99975,100,101665,100,99954,100,101714,100,99936,100,101760,100,99925,100,101778,100,99915,100,101937,100,99884,100
2019-06-28 10:05:30.000000000,101089,343,100935,643,101158,343,100657,343,101346,100,100287,100,101406,100,100038,100,101498,100,99975,100,101665,100,99954,100,101714,100,99936,100,101760,100,99925,100,101778,100,99915,100,101937,100,99884,100
2019-06-28 10:05:34.040355685,101089,343,100935,643,101158,343,100657,343,101346,100,100287,100,101358,100,100038,100,101406,100,99975,100,101498,100,99954,100,101665,100,99936,100,101714,100,99925,100,101760,100,99915,100,101778,100,99884,100
2019-06-28 10:05:40.000000000,101089,197,100935,497,101158,197,100657,197,101346,197,100287,197,101358,197,100038,197,101406,197,99975,197,101498,100,99954,100,101665,100,99936,100,101714,100,99925,100,101760,100,99915,100,101778,100,99884,100
2019-06-28 10:05:50.000000000,101089,222,100935,522,101158,222,100657,222,101346,222,100287,222,101358,222,100038,222,101406,100,99975,100,101498,100,99954,100,101665,100,99936,100,101714,100,99925,100,101760,100,99915,100,101778,100,99884,100
2019-06-28 10:06:00.000000000,101089,343,100935,643,101158,343,100657,343,101346,100,100287,100,101358,100,100038,100,101406,100,99975,100,101498,100,99954,100,101665,100,99936,100,101714,100,99925,100,101760,100,99915,100,101778,100,99884,100
2019-06-28 10:06:07.908699773,101072,100,100935,643,101089,343,100657,343,101158,343,100287,100,101346,100,100038,100,101358,100,99975,100,101406,100,99954,100,101498,100,99936,100,101665,100,99925,100,101714,100,99915,100,101760,100,,
2019-06-28 10:06:10.000000000,101072,343,100935,643,101089,343,100657,343,101158,100,100287,100,101346,100,100038,100,101358,100,99975,100,101406,100,99954,100,101498,100,99936,100,101665,100,99925,100,101714,100,99915,100,101760,100,,
2019-06-28 10:06:11.074134093,101045,100,100935,543,101072,343,100657,343,101089,343,100287,100,101158,100,100038,100,101346,100,99975,100,101358,100,99954,100,101406,100,99936,100,101498,100,99925,100,101665,100,99915,100,101714,100,,
2019-06-28 10:06:11.460568237,101072,343,100935,543,101089,343,100657,343,101158,100,100287,100,101346,100,100038,100,101358,100,99975,100,101406,100,99954,100,101498,100,99936,100,101665,100,99925,100,101714,100,99915,100,101760,100,,
2019-06-28 10:06:12.222530573,101046,100,100935,543,101072,343,100657,343,101089,343,100287,100,101158,100,100038,100,101346,100,99975,100,101358,100,99954,100,101406,100,99936,100,101498,100,99925,100,101665,100,99915,100,101714,100,,
2019-06-28 10:06:20.000000000,101046,222,100935,422,101072,222,100657,222,101089,222,100287,222,101158,222,100038,222,101346,100,99975,100,101358,100,99954,100,101406,100,99936,100,101498,100,99925,100,101665,100,99915,100,101714,100,,
2019-06-28 10:06:21.954707043,101046,222,100935,422,101072,222,100657,222,101089,222,100287,222,101158,222,100038,222,101281,100,99975,100,101346,100,99954,100,101358,100,99936,100,101406,100,99925,100,101498,100,99915,100,101714,100,,
2019-06-28 10:06:30.000000000,101046,343,100935,543,101072,343,100657,343,101089,100,100287,100,101158,100,100038,100,101281,100,99975,100,101346,100,99954,100,101358,100,99936,100,101406,100,99925,100,101498,100,99915,100,101714,100,,
2019-06-28 10:06:40.000000000,101046,265,100935,465,101072,260,100657,260,101089,260,100287,260,101158,100,100038,100,101281,100,99975,100,101346,100,99954,100,101358,100,99936,100,101406,100,99925,100,101498,100,99915,100,101714,100,,
2019-06-28 10:06:50.000000000,101046,343,100935,543,101072,343,100657,343,101089,100,100287,100,101158,100,100038,100,101281,100,99975,100,101346,100,99954,100,101358,100,99936,100,101406,100,99925,100,101498,100,99915,100,101714,100,,
2019-06-28 10:06:54.783666159,101029,100,100935,543,101046,343,100657,343,101072,243,100287,100,101089,100,100038,100,101158,100,99975,100,101281,100,99954,100,101346,100,99936,100,101358,100,99925,100,101406,100,99915,100,101498,100,,
2019-06-28 10:07:00.000000000,101029,343,100935,543,101046,343,100657,343,101089,100,100287,100,101158,100,100038,100,101281,100,99975,100,101346,100,99954,100,101358,100,99936,100,101406,100,99925,100,101498,100,99915,100,101714,100,,
2019-06-28 10:07:08.709982384,101029,343,100935,543,101046,343,100709,100,101089,100,100657,343,101158,100,100287,100,101281,100,100038,100,101346,100,99975,100,101358,100,99954,100,101406,100,99936,100,101498,100,99925,100,101714,100,99915,100
2019-06-28 10:07:10.000000000,101029,222,100935,422,101046,222,100709,222,101089,222,100657,222,101158,222,100287,222,101281,100,100038,100,101346,100,99975,100,101358,100,99954,100,101406,100,99936,100,101498,100,99925,100,101714,100,99915,100
2019-06-28 10:07:20.000000000,101029,265,100935,465,101046,260,100709,260,101089,260,100657,260,101158,100,100287,100,101281,100,100038,100,101346,100,99975,100,101358,100,99954,100,101406,100,99936,100,101498,100,99925,100,101714,100,99915,100
2019-06-28 10:07:30.000000000,101029,586,100935,786,101046,100,100709,100,101089,100,100657,100,101158,100,100287,100,101281,100,100038,100,101346,100,99975,100,101358,100,99954,100,101406,100,99936,100,101498,100,99925,100,101714,100,99915,100
2019-06-28 10:07:34.702504149,101029,586,100935,786,101046,100,100709,100,101089,100,100657,100,101158,100,100339,100,101281,100,100287,100,101346,100,100038,100,101358,100,99975,100,101406,100,99954,100,101498,100,99936,100,101714,100,99925,100
2019-06-28 10:07:35.927658580,101029,586,100935,686,101046,100,100709,100,101089,100,100657,100,101158,100,100339,100,101281,100,100287,100,101346,100,100038,100,101358,100,99975,100,101406,100,99954,100,101498,100,99936,100,101714,100,99925,100
2019-06-28 10:07:40.000000000,101029,586,100935,686,101046,100,100709,100,101089,100,100657,100,101158,100,100339,100,101281,100,100287,100,101346,100,100038,100,101358,100,99975,100,101406,100,99954,100,101498,100,99936,100,101714,100,99925,100
2019-06-28 10:07:43.593809576,101029,586,100935,686,101046,100,100709,100,101089,100,100657,100,101158,100,100511,100,101281,100,100339,100,101346,100,100287,100,101358,100,100038,100,101406,100,99975,100,101498,100,99954,100,101714,100,99936,100
2019-06-28 10:07:50.000000000,101029,265,100935,365,101046,260,100709,260,101089,260,100657,260,101158,100,100511,100,101281,100,100339,100,101346,100,100287,100,101358,100,100038,100,101406,100,99975,100,101498,100,99954,100,101714,100,99936,100
2019-06-28 10:07:54.623598694,101029,265,100935,265,101046,260,100709,260,101089,260,100657,260,101158,100,100339,100,101281,100,100287,100,101346,100,100038,100,101358,100,99975,100,101406,100,99954,100,101498,100,99936,100,101714,100,99925,100
