,ask_price_1,ask_size_1,bid_price_1,bid_size_1,ask_price_2,ask_size_2,bid_price_2,bid_size_2,ask_price_3,ask_size_3,bid_price_3,bid_size_3,ask_price_4,ask_size_4,bid_price_4,bid_size_4,ask_price_5,ask_size_5,bid_price_5,bid_size_5,ask_price_6,ask_size_6,bid_price_6,bid_size_6,ask_price_7,ask_size_7,bid_price_7,bid_size_7,ask_price_8,ask_size_8,bid_price_8,bid_size_8,ask_price_9,ask_size_9,bid_price_9,bid_size_9,ask_price_10,ask_size_10,bid_price_10,bid_size_10
2019-06-28 09:30:00.000000000,,,100002,100,,,99829,100,,,,,,,,,,,,,,,,,,,,,,,,,,,,,,,,
2019-06-28 09:30:00.000000005,100036,100,100002,100,100053,100,99829,100,100076,100,,,,,,,,,,,,,,,,,,,,,,,,,,,,,,
2019-06-28 09:30:00.000000006,100036,100,100004,100,100053,100,100002,100,100076,100,99886,100,,,99876,100,,,99829,100,,,,,,,,,,,,,,,,,,,,
2019-06-28 09:30:00.000000007,100036,100,100004,100,100053,100,100002,100,100076,100,99946,100,,,99886,100,,,99876,100,,,99829,100,,,,,,,,,,,,,,,,
2019-06-28 09:30:00.000000012,100036,100,100004,100,100053,100,100002,100,100076,100,99946,100,100197,100,99886,100,,,99876,100,,,99829,100,,,,,,,,,,,,,,,,
2019-06-28 09:30:00.000000013,100036,100,100004,100,100053,100,100002,100,100060,100,99946,100,100076,100,99886,100,100105,100,99876,100,100197,100,99829,100,,,,,,,,,,,,,,,,
2019-06-28 09:30:00.000000016,100036,100,100004,100,100053,100,100002,100,100060,100,99946,100,100070,100,99886,100,100076,100,99876,100,100105,100,99829,100,100197,100,,,,,,,,,,,,,,
2019-06-28 09:30:00.000000017,100036,100,100004,100,100053,100,100002,100,100060,100,99955,100,100070,100,99946,100,100076,100,99886,100,100105,100,99876,100,100115,100,99829,100,100197,100,,,,,,,,,,
2019-06-28 09:30:00.000000019,100015,100,100004,100,100036,100,100002,100,100053,100,99955,100,100060,100,99946,100,100070,100,99886,100,100076,100,99876,100,100105,100,99865,100,100115,100,99829,100,100197,100,,,,,,
2019-06-28 09:30:00.000000021,100015,100,100002,100,100036,100,99955,100,100053,100,99946,100,100060,100,99886,100,100062,100,99876,100,100070,100,99865,100,100076,100,99829,100,100105,100,,,100115,100,,,100197,100,,
2019-06-28 09:30:00.000000022,100014,100,100002,100,100015,100,99955,100,100036,100,99946,100,100053,100,99886,100,100060,100,99876,100,100062,100,99865,100,100070,100,99829,100,100076,100,,,100105,100,,,100115,100,,
2019-06-28 09:30:00.000000024,100014,100,100002,100,100015,100,99955,100,100036,100,99946,100,100053,100,99886,100,100060,100,99876,100,100062,100,99872,100,100070,100,99865,100,100076,100,99829,100,100105,100,,,100115,100,,
2019-06-28 09:30:00.000000025,100014,100,100002,200,100015,100,99955,100,100036,100,99946,100,100053,100,99886,100,100060,100,99876,100,100062,100,99872,100,100070,100,99865,100,100076,100,99829,100,100105,100,,,100115,100,,
2019-06-28 09:30:00.000000026,100014,100,100003,100,100015,100,100002,100,100036,100,99955,100,100053,100,99946,100,100060,100,99886,100,100062,100,99876,100,100070,100,99872,100,100076,100,99865,100,100105,100,99829,100,100115,100,,
2019-06-28 09:30:00.000000029,100014,100,100003,100,100015,100,100002,100,100036,100,99997,100,100053,100,99955,100,100060,100,99946,100,100062,100,99886,100,100070,100,99876,100,100076,100,99872,100,100105,100,99865,100,100115,100,99829,100
2019-06-28 09:30:00.000000031,100015,100,100003,100,100036,100,100002,100,100053,100,99997,100,100060,100,99955,100,100062,100,99946,100,100070,100,99886,100,100076,100,99876,100,100105,100,99872,100,100115,100,99865,100,100153,100,99855,100
2019-06-28 09:30:00.000000035,100036,100,100003,100,100049,100,100002,100,100053,100,99997,100,100060,100,99955,100,100062,100,99946,100,100070,100,99886,100,100076,100,99876,100,100105,100,99872,100,100115,100,99865,100,100153,100,99855,100
2019-06-28 09:30:00.000000036,100036,100,100003,100,100049,100,100002,100,100053,100,99997,100,100060,100,99955,100,100062,100,99946,100,100070,100,99886,100,100076,100,99876,100,100105,100,99872,100,100115,100,99865,100,100134,100,99855,100
2019-06-28 09:30:00.000000042,100036,100,100003,100,100049,100,100002,100,100053,100,99997,100,100060,100,99955,100,100062,100,99946,100,100070,100,99886,100,100076,100,99876,100,100105,100,99872,100,100115,100,99865,100,100134,100,99855,100
2019-06-28 09:30:00.000000043,100036,100,100022,100,100049,100,100003,100,100053,100,100002,100,100060,100,99997,100,100062,100,99955,100,100070,100,99946,100,100076,100,99886,100,100105,100,99876,100,100115,100,99872,100,100134,100,99865,100
2019-06-28 09:30:00.000000044,100036,100,100003,100,100049,100,100002,100,100053,100,99997,100,100060,100,99964,100,100062,100,99955,100,100070,100,99946,100,100076,100,99886,100,100105,100,99876,100,100115,100,99872,100,100134,100,99865,100
2019-06-28 09:30:00.000000047,100036,100,100003,100,100049,100,100002,100,100053,100,99997,100,100060,100,99981,100,100062,100,99964,100,100070,100,99955,100,100076,100,99946,100,100105,100,99886,100,100115,100,99876,100,100134,100,99872,100
2019-06-28 09:30:00.000000048,100036,100,100003,100,100049,100,100002,100,100053,100,99997,100,100060,100,99981,100,100062,100,99964,100,100070,100,99955,100,100076,100,99950,100,100105,100,99946,100,100115,100,99886,100,100119,100,99876,100
2019-06-28 09:30:00.000000049,100036,100,100003,100,100049,100,100002,100,100053,100,99997,100,100060,100,99994,100,100062,100,99981,100,100070,100,99964,100,100076,100,99955,100,100105,100,99950,100,100115,100,99946,100,100119,100,99886,100
2019-06-28 09:30:00.000000050,100049,100,100003,100,100053,100,100002,100,100060,100,99997,100,100062,100,99994,100,100070,100,99981,100,100076,100,99964,100,100105,100,99955,100,100115,100,99950,100,100119,100,99946,100,100134,100,99886,100
2019-06-28 09:30:00.000000053,100049,100,100003,100,100053,100,100002,100,100060,100,99997,100,100062,100,99994,100,100070,100,99990,100,100076,100,99981,100,100105,100,99964,100,100115,100,99955,100,100119,100,99950,100,100134,100,99946,100
2019-06-28 09:30:00.000000055,100005,100,100003,100,100049,100,100002,100,100053,100,99997,100,100060,100,99994,100,100062,100,99990,100,100070,100,99981,100,100076,100,99964,100,100105,100,99955,100,100115,100,99950,100,100119,100,99946,100
2019-06-28 09:30:00.000000056,100005,100,100003,100,100049,100,100002,100,100053,100,99997,100,100060,100,99994,100,100062,100,99990,100,100070,100,99981,100,100076,100,99964,100,100105,100,99955,100,100110,100,99950,100,100115,100,99946,100
2019-06-28 09:30:00.000000059,100005,100,100002,100,100049,100,99997,100,100053,100,99994,100,100060,100,99990,100,100062,100,99981,100,100070,100,99964,100,100076,100,99955,100,100105,100,99950,100,100110,100,99946,100,100115,100,99886,100
2019-06-28 09:30:00.000000061,100005,100,100002,100,100049,100,99997,100,100053,100,99994,100,100060,100,99990,100,100062,100,99981,100,100070,100,99964,100,100076,100,99955,100,100105,100,99950,100,100110,100,99946,100,100115,100,99886,100
2019-06-28 09:30:00.000000062,100005,100,100002,100,100049,100,99997,100,100053,100,99994,100,100060,100,99990,100,100062,100,99981,100,100068,100,99964,100,100070,100,99955,100,100076,100,99950,100,100105,100,99946,100,100110,100,99886,100
2019-06-28 09:30:00.000000063,100005,100,100002,100,100049,100,99997,100,100053,100,99994,100,100060,100,99990,100,100062,100,99981,100,100068,100,99964,100,100070,100,99955,100,100076,100,99950,100,100095,100,99946,100,100105,100,99922,100
2019-06-28 09:30:00.000000065,100005,100,100003,100,100049,100,100002,100,100053,100,99997,100,100060,100,99994,100,100062,100,99990,100,100068,100,99981,100,100070,100,99964,100,100076,100,99955,100,100095,100,99950,100,100105,100,99946,100
2019-06-28 09:30:00.000000066,100005,100,100003,100,100049,100,100002,100,100051,100,99997,100,100053,100,99994,100,100060,100,99990,100,100062,100,99981,100,100068,100,99964,100,100070,100,99955,100,100076,100,99950,100,100095,100,99946,100
2019-06-28 09:30:00.000000071,100005,100,100003,200,100049,100,100002,100,100051,100,99997,100,100053,100,99994,100,100060,100,99990,100,100062,100,99981,100,100068,100,99964,100,100070,100,99955,100,100076,100,99950,100,100095,100,99946,100
2019-06-28 09:30:00.000000072,100005,100,100003,200,100018,100,100002,100,100049,100,99997,100,100051,100,99994,100,100053,100,99990,100,100060,100,99981,100,100062,100,99964,100,100068,100,99955,100,100070,100,99950,100,100076,100,99946,100
2019-06-28 09:30:00.000000075,100005,100,100003,200,100009,100,100002,100,100018,100,99997,100,100045,100,99994,100,100049,100,99990,100,100051,100,99981,100,100053,100,99964,100,100060,100,99955,100,100062,100,99950,100,100068,100,99946,100
2019-06-28 09:30:00.000000076,100005,100,100003,200,100009,100,100002,100,100018,100,99997,100,100036,100,99994,100,100045,100,99990,100,100049,100,99981,100,100051,100,99964,100,100053,100,99955,100,100060,100,99950,100,100062,100,99946,100
2019-06-28 09:30:00.000000078,100005,100,100003,200,100009,100,100002,100,100018,100,99997,100,100036,100,99994,100,100045,100,99990,100,100049,100,99981,100,100051,100,99964,100,100053,100,99955,100,100060,100,99950,100,100062,100,99946,100
2019-06-28 09:30:00.000000083,100005,100,100003,200,100009,100,100002,100,100018,100,99997,100,100036,100,99994,100,100045,100,99990,100,100049,100,99981,100,100051,100,99964,100,100053,100,99955,100,100060,100,99950,100,100062,100,99946,100
2019-06-28 09:30:00.000000089,100005,100,100003,100,100009,100,100002,100,100018,100,99997,100,100036,100,99994,100,100045,100,99990,100,100049,100,99981,100,100051,100,99964,100,100053,100,99955,100,100060,100,99950,100,100062,100,99946,100
2019-06-28 09:30:00.000000090,100005,100,100004,100,100009,100,100003,100,100018,100,100002,100,100036,100,99997,100,100045,100,99994,100,100049,100,99990,100,100051,100,99981,100,100053,100,99964,100,100058,100,99955,100,100060,100,99950,100
2019-06-28 09:30:10.000000000,100005,340,100004,340,100009,340,100003,340,100018,100,100002,100,100036,100,99997,100,100045,100,99994,100,100049,100,99990,100,100051,100,99981,100,100053,100,99964,100,100058,100,99955,100,100060,100,99950,100
2019-06-28 09:30:10.365056129,100005,340,100004,240,100009,340,100003,340,100018,100,100002,100,100036,100,99997,100,100045,100,99994,100,100049,100,99990,100,100051,100,99981,100,100053,100,99964,100,100058,100,99955,100,100060,100,99950,100
2019-06-28 09:30:12.019886494,100005,340,100004,140,100009,340,100003,340,100018,100,100002,100,100036,100,99997,100,100045,100,99994,100,100049,100,99990,100,100051,100,99981,100,100053,100,99964,100,100058,100,99955,100,100060,100,99950,100
2019-06-28 09:30:14.265347807,100005,340,100004,40,100009,340,100003,240,100018,100,100002,100,100036,100,99997,100,100045,100,99994,100,100049,100,99990,100,100051,100,99981,100,100053,100,99964,100,100058,100,99955,100,100060,100,99950,100
2019-06-28 09:30:20.000000000,100005,263,100002,263,100009,258,99997,258,100018,258,99994,258,100036,100,99990,100,100045,100,99981,100,100049,100,99964,100,100051,100,99955,100,100053,100,99950,100,100058,100,99938,100,100060,100,99922,100
2019-06-28 09:30:29.666030655,100005,263,100002,263,100009,258,99997,258,100018,258,99994,258,100036,100,99990,100,100045,100,99981,100,100049,100,99964,100,100051,100,99955,100,100053,100,99950,100,100058,100,99938,100,100060,100,99922,100
2019-06-28 09:30:30.000000000,100005,196,100002,196,100009,196,99997,196,100018,196,99994,196,100036,196,99990,196,100045,196,99981,196,100049,100,99964,100,100051,100,99955,100,100053,100,99950,100,100058,100,99938,100,100060,100,99922,100
2019-06-28 09:30:40.000000000,100005,340,100002,340,100009,340,99997,340,100018,100,99994,100,100036,100,99990,100,100045,100,99981,100,100049,100,99964,100,100051,100,99955,100,100053,100,99950,100,100058,100,99938,100,100060,100,99922,100
2019-06-28 09:30:50.000000000,100005,263,100002,263,100009,258,99997,258,100018,258,99994,258,100036,100,99990,100,100045,100,99981,100,100049,100,99964,100,100051,100,99955,100,100053,100,99950,100,100058,100,99938,100,100060,100,99922,100
2019-06-28 09:31:00.000000000,100005,220,100002,220,100009,220,99997,220,100018,220,99994,220,100036,220,99990,220,100045,100,99981,100,100049,100,99964,100,100051,100,99955,100,100053,100,99950,100,100058,100,99938,100,100060,100,99922,100
2019-06-28 09:31:10.000000000,100005,340,100002,340,100009,340,99997,340,100018,100,99994,100,100036,100,99990,100,100045,100,99981,100,100049,100,99964,100,100051,100,99955,100,100053,100,99950,100,100058,100,99938,100,100060,100,99922,100
2019-06-28 09:31:16.978596274,100004,100,100002,340,100005,340,99997,340,100009,340,99994,100,100018,100,99990,100,100036,100,99981,100,100045,100,99964,100,100049,100,99955,100,100051,100,99950,100,100053,100,99938,100,100058,100,99922,100
2019-06-28 09:31:20.000000000,100004,580,100002,580,100005,100,99997,100,100009,100,99994,100,100018,100,99990,100,100036,100,99981,100,100045,100,99964,100,100049,100,99955,100,100051,100,99950,100,100053,100,99938,100,100058,100,99922,100
2019-06-28 09:31:29.228481758,100004,680,100002,580,100005,100,99997,100,100009,100,99994,100,100018,100,99990,100,100036,100,99981,100,100045,100,99964,100,100049,100,99955,100,100051,100,99950,100,100053,100,99938,100,100058,100,99922,100
2019-06-28 09:31:30.000000000,100004,680,100002,580,100005,100,99997,100,100009,100,99994,100,100018,100,99990,100,100036,100,99981,100,100045,100,99964,100,100049,100,99955,100,100051,100,99950,100,100053,100,99938,100,100058,100,99922,100
2019-06-28 09:31:38.352213403,100004,680,100002,580,100005,100,99997,100,100009,100,99994,100,100018,100,99990,100,100045,100,99981,100,100049,100,99964,100,100051,100,99955,100,100053,100,99950,100,100058,100,99938,100,100060,100,99922,100
2019-06-28 09:31:40.000000000,100004,296,100002,196,100005,196,99997,196,100009,196,99994,196,100018,196,99990,196,100045,196,99981,196,100049,100,99964,100,100051,100,99955,100,100053,100,99950,100,100058,100,99938,100,100060,100,99922,100
2019-06-28 09:31:40.668829173,100004,296,100002,196,100005,196,99997,196,100009,196,99994,196,100018,196,99990,196,100045,196,99981,196,100049,100,99964,100,100051,100,99955,100,100053,100,99950,100,100058,100,99938,100,100060,100,99922,100
2019-06-28 09:31:50.000000000,100004,440,100002,340,100005,340,99997,340,100009,100,99994,100,100018,100,99990,100,100045,100,99981,100,100049,100,99964,100,100051,100,99955,100,100053,100,99950,100,100058,100,99938,100,100060,100,99922,100
2019-06-28 09:31:56.363597438,100004,440,100002,340,100005,340,99997,340,100009,100,99994,100,100018,100,99990,100,100045,100,99981,100,100049,100,99964,100,100051,100,99955,100,100053,100,99950,100,100058,100,99938,100,100060,100,99922,100
2019-06-28 09:32:00.000000000,100004,440,100002,340,100005,340,99997,340,100009,100,99994,100,100018,100,99990,100,100045,100,99981,100,100049,100,99964,100,100051,100,99955,100,100053,100,99950,100,100058,100,99938,100,100060,100,99922,100
2019-06-28 09:32:06.534141928,100004,340,100002,340,100005,340,99997,340,100009,100,99994,100,100018,100,99990,100,100045,100,99981,100,100049,100,99964,100,100051,100,99955,100,100053,100,99950,100,100058,100,99938,100,100060,100,99922,100
2019-06-28 09:32:09.500862784,100004,140,100002,340,100005,340,99997,340,100009,100,99994,100,100018,100,99990,100,100045,100,99981,100,100049,100,99964,100,100051,100,99955,100,100053,100,99950,100,100058,100,99938,100,100060,100,99922,100
2019-06-28 09:32:10.000000000,100005,340,100002,340,100009,340,99997,340,100018,100,99994,100,100045,100,99990,100,100049,100,99981,100,100051,100,99964,100,100053,100,99955,100,100058,100,99950,100,100060,100,99938,100,100062,100,99922,100
2019-06-28 09:32:20.000000000,100005,263,100002,263,100009,258,99997,258,100018,258,99994,258,100045,100,99990,100,100049,100,99981,100,100051,100,99964,100,100053,100,99955,100,100058,100,99950,100,100060,100,99938,100,100062,100,99922,100
2019-06-28 09:32:30.000000000,100005,580,100002,580,100009,100,99997,100,100018,100,99994,100,100045,100,99990,100,100049,100,99981,100,100051,100,99964,100,100053,100,99955,100,100058,100,99950,100,100060,100,99938,100,100062,100,99922,100
2019-06-28 09:32:36.846087646,100005,580,100002,580,100009,100,99997,100,100018,100,99994,100,100045,100,99990,100,100049,100,99981,100,100051,100,99964,100,100053,100,99955,100,100058,100,99950,100,100060,100,99938,100,100062,100,99922,100
2019-06-28 09:32:40.000000000,100005,580,100002,580,100009,100,99997,100,100018,100,99994,100,100045,100,99990,100,100049,100,99981,100,100051,100,99964,100,100053,100,99955,100,100058,100,99950,100,100060,100,99938,100,100062,100,99922,100
2019-06-28 09:32:50.000000000,100005,263,100002,263,100009,258,99997,258,100018,258,99994,258,100045,100,99990,100,100049,100,99981,100,100051,100,99964,100,100053,100,99955,100,100058,100,99950,100,100060,100,99938,100,100062,100,99922,100
2019-06-28 09:32:50.366287749,100005,263,100002,263,100009,258,99997,258,100018,258,99994,258,100045,100,99990,100,100049,100,99981,100,100051,100,99964,100,100053,100,99955,100,100058,100,99950,100,100060,100,99938,100,100062,100,99922,100
2019-06-28 09:33:00.000000000,100005,340,100002,340,100009,340,99997,340,100018,100,99994,100,100045,100,99990,100,100049,100,99981,100,100051,100,99964,100,100053,100,99955,100,100058,100,99950,100,100060,100,99938,100,100062,100,99922,100
2019-06-28 09:33:10.000000000,100005,340,100002,340,100009,340,99997,340,100018,100,99994,100,100045,100,99990,100,100049,100,99981,100,100051,100,99964,100,100053,100,99955,100,100058,100,99950,100,100060,100,99938,100,100062,100,99922,100
2019-06-28 09:33:20.000000000,100005,220,100002,220,100009,220,99997,220,100018,220,99994,220,100045,220,99990,220,100049,100,99981,100,100051,100,99964,100,100053,100,99955,100,100058,100,99950,100,100060,100,99938,100,100062,100,99922,100
2019-06-28 09:33:30.000000000,100005,580,100002,580,100009,100,99997,100,100018,100,99994,100,100045,100,99990,100,100049,100,99981,100,100051,100,99964,100,100053,100,99955,100,100058,100,99950,100,100060,100,99938,100,100062,100,99922,100
2019-06-28 09:33:40.000000000,100005,340,100002,340,100009,340,99997,340,100018,100,99994,100,100045,100,99990,100,100049,100,99981,100,100051,100,99964,100,100053,100,99955,100,100058,100,99950,100,100060,100,99938,100,100062,100,99922,100
2019-06-28 09:33:43.582232899,100005,340,100002,240,100009,340,99997,340,100018,100,99994,100,100045,100,99990,100,100049,100,99981,100,100051,100,99955,100,100053,100,99950,100,100058,100,99938,100,100060,100,99922,100,100062,100,99886,100
2019-06-28 09:33:50.000000000,100005,340,99997,340,100009,340,99994,340,100018,100,99990,100,100045,100,99981,100,100049,100,99955,100,100051,100,99950,100,100053,100,99938,100,100058,100,99922,100,100060,100,99886,100,100062,100,99872,100
2019-06-28 09:33:52.813249483,100004,100,99997,340,100005,340,99994,340,100009,340,99990,100,100018,100,99981,100,100045,100,99955,100,100049,100,99950,100,100051,100,99938,100,100053,100,99922,100,100058,100,99886,100,100060,100,99872,100
2019-06-28 09:33:59.209510644,100004,100,99997,340,100005,340,99994,340,100009,340,99990,100,100018,100,99981,100,100045,100,99955,100,100049,100,99950,100,100051,100,99938,100,100053,100,99922,100,100058,100,99886,100,100060,100,99872,100
2019-06-28 09:34:00.000000000,100004,580,99997,580,100005,100,99994,100,100009,100,99990,100,100018,100,99981,100,100045,100,99955,100,100049,100,99950,100,100051,100,99938,100,100053,100,99922,100,100058,100,99886,100,100060,100,99872,100
2019-06-28 09:34:10.000000000,100004,196,99997,196,100005,196,99994,196,100009,196,99990,196,100018,196,99981,196,100045,196,99955,196,100049,100,99950,100,100051,100,99938,100,100053,100,99922,100,100058,100,99886,100,100060,100,99872,100
2019-06-28 09:34:15.145242973,100004,196,99997,196,100005,96,99994,196,100009,196,99990,196,100018,196,99981,196,100045,196,99955,196,100049,100,99950,100,100051,100,99938,100,100053,100,99922,100,100058,100,99886,100,100060,100,99872,100
2019-06-28 09:34:20.000000000,100004,263,99997,263,100009,258,99994,258,100018,258,99990,258,100045,100,99981,100,100049,100,99955,100,100051,100,99950,100,100053,100,99938,100,100058,100,99922,100,100060,100,99886,100,100062,100,99872,100
2019-06-28 09:34:30.000000000,100004,580,99997,580,100009,100,99994,100,100018,100,99990,100,100045,100,99981,100,100049,100,99955,100,100051,100,99950,100,100053,100,99938,100,100058,100,99922,100,100060,100,99886,100,100062,100,99872,100
2019-06-28 09:34:30.250772415,100004,580,99997,580,100009,100,99994,100,100018,100,99990,100,100045,100,99981,100,100049,100,99955,100,100051,100,99950,100,100053,100,99938,100,100058,100,99922,100,100060,100,99886,100,100062,100,99872,100
2019-06-28 09:34:39.284565467,100004,580,99997,480,100009,100,99994,100,100018,100,99990,100,100045,100,99981,100,100049,100,99955,100,100051,100,99950,100,100053,100,99938,100,100058,100,99922,100,100060,100,99886,100,100062,100,99872,100
2019-06-28 09:34:40.000000000,100004,340,99994,340,100009,340,99990,340,100018,100,99981,100,100045,100,99955,100,100049,100,99950,100,100051,100,99938,100,100053,100,99922,100,100058,100,99886,100,100060,100,99872,100,100062,100,99865,100
2019-06-28 09:34:42.417911414,100004,340,99994,340,100009,340,99990,340,100018,100,99981,100,100045,100,99955,100,100049,100,99950,100,100051,100,99938,100,100053,100,99922,100,100058,100,99886,100,100060,100,99872,100,100062,100,99865,100
2019-06-28 09:34:50.000000000,100004,196,99994,196,100009,196,99990,196,100018,196,99981,196,100045,196,99955,196,100049,196,99950,196,100051,100,99938,100,100053,100,99922,100,100058,100,99886,100,100060,100,99872,100,100062,100,99865,100
2019-06-28 09:34:55.949841537,100004,196,99994,96,100009,196,99990,196,100018,196,99981,196,100045,196,99955,96,100049,196,99950,196,100051,100,99938,100,100053,100,99922,100,100058,100,99886,100,100060,100,99872,100,100062,100,99865,100
2019-06-28 09:35:00.000000000,100004,220,99990,220,100009,220,99981,220,100018,220,99950,220,100045,220,99938,220,100049,100,99922,100,100051,100,99886,100,100053,100,99872,100,100058,100,99865,100,100060,100,99855,100,100062,100,99763,100
2019-06-28 09:35:10.000000000,100004,340,99990,340,100009,340,99981,340,100018,100,99950,100,100045,100,99938,100,100049,100,99922,100,100051,100,99886,100,100053,100,99872,100,100058,100,99865,100,100060,100,99855,100,100062,100,99763,100
2019-06-28 09:35:14.175126313,100004,340,99990,340,100009,340,99981,340,100018,100,99950,100,100045,100,99938,100,100049,100,99922,100,100051,100,99886,100,100053,100,99872,100,100058,100,99865,100,100060,100,99855,100,100062,100,99763,100
2019-06-28 09:35:20.000000000,100004,340,99990,340,100009,340,99981,340,100018,100,99950,100,100045,100,99938,100,100049,100,99922,100,100051,100,99886,100,100053,100,99872,100,100058,100,99865,100,100060,100,99855,100,100062,100,99763,100
2019-06-28 09:35:30.000000000,100004,263,99990,263,100009,258,99981,258,100018,258,99950,258,100045,100,99938,100,100049,100,99922,100,100051,100,99886,100,100053,100,99872,100,100058,100,99865,100,100060,100,99855,100,100062,100,99763,100
2019-06-28 09:35:30.574536025,100004,263,99990,163,100009,258,99981,258,100018,258,99950,258,100045,100,99938,100,100049,100,99922,100,100051,100,99886,100,100053,100,99872,100,100058,100,99865,100,100060,100,99855,100,100062,100,99763,100
2019-06-28 09:35:35.930623861,100004,263,99990,163,100009,258,99981,258,100018,258,99950,258,100045,100,99938,100,100049,100,99922,100,100051,100,99886,100,100053,100,99865,100,100058,100,99855,100,100060,100,99763,100,100062,100,99683,100
2019-06-28 09:35:36.335758063,99994,100,99990,163,100004,263,99981,258,100009,258,99950,258,100018,258,99938,100,100045,100,99922,100,100049,100,99886,100,100051,100,99865,100,100053,100,99855,100,100058,100,99763,100,100060,100,99683,100
2019-06-28 09:35:38.358797228,99994,100,99990,63,100004,263,99981,258,100009,258,99950,258,100018,258,99938,100,100045,100,99922,100,100049,100,99886,100,100051,100,99865,100,100053,100,99855,100,100058,100,99763,100,100060,100,99683,100
2019-06-28 09:35:40.000000000,99994,220,99981,220,100004,220,99950,220,100009,220,99938,220,100018,220,99922,220,100045,100,99886,100,100049,100,99865,100,100051,100,99855,100,100053,100,99763,100,100058,100,99683,100,100060,100,99652,100
2019-06-28 09:35:50.000000000,99994,220,99981,220,100004,220,99950,220,100009,220,99938,220,100018,220,99922,220,100045,100,99886,100,100049,100,99865,100,100051,100,99855,100,100053,100,99763,100,100058,100,99683,100,100060,100,99652,100
2019-06-28 09:35:55.585845133,99984,100,99981,120,99994,220,99950,220,100004,220,99938,220,100009,220,99922,220,100018,220,99886,100,100045,100,99865,100,100049,100,99855,100,100051,100,99763,100,100053,100,99683,100,100058,100,99652,100
2019-06-28 09:35:58.354224230,99994,220,99981,120,100004,220,99950,220,100009,220,99938,220,100018,220,99922,220,100045,100,99886,100,100049,100,99865,100,100051,100,99855,100,100053,100,99763,100,100058,100,99683,100,100060,100,99652,100
2019-06-28 09:36:00.000000000,99994,340,99950,340,100004,340,99938,340,100009,100,99922,100,100018,100,99886,100,100045,100,99865,100,100049,100,99855,100,100051,100,99763,100,100053,100,99683,100,100058,100,99652,100,100060,100,99610,100
2019-06-28 09:36:10.000000000,99994,263,99950,263,100004,258,99938,258,100009,258,99922,258,100018,100,99886,100,100045,100,99865,100,100049,100,99855,100,100051,100,99763,100,100053,100,99683,100,100058,100,99652,100,100060,100,99610,100
2019-06-28 09:36:20.000000000,99994,263,99950,263,100004,258,99938,258,100009,258,99922,258,100018,100,99886,100,100045,100,99865,100,100049,100,99855,100,100051,100,99763,100,100053,100,99683,100,100058,100,99652,100,100060,100,99610,100
2019-06-28 09:36:29.362531953,99994,263,99984,100,100004,158,99950,263,100009,258,99938,258,100018,100,99922,258,100045,100,99886,100,100049,100,99865,100,100051,100,99855,100,100053,100,99763,100,100058,100,99683,100,100060,100,99652,100
2019-06-28 09:36:30.000000000,99994,580,99984,580,100009,100,99950,100,100018,100,99938,100,100045,100,99922,100,100049,100,99886,100,100051,100,99865,100,100053,100,99855,100,100058,100,99763,100,100060,100,99683,100,100062,100,99652,100
2019-06-28 09:36:38.440028009,99994,480,99984,580,100009,100,99950,100,100018,100,99938,100,100045,100,99922,100,100049,100,99886,100,100051,100,99865,100,100053,100,99855,100,100058,100,99763,100,100060,100,99683,100,100062,100,99652,100
2019-06-28 09:36:39.946941408,99994,480,99984,580,100009,100,99950,100,100018,100,99938,100,100045,100,99922,100,100049,100,99886,100,100051,100,99865,100,100053,100,99855,100,100058,100,99763,100,100060,100,99683,100,100062,100,99652,100
2019-06-28 09:36:40.000000000,100009,340,99984,340,100018,340,99950,340,100045,100,99938,100,100049,100,99922,100,100051,100,99886,100,100053,100,99865,100,100058,100,99855,100,100060,100,99763,100,100062,100,99683,100,100068,100,99652,100
2019-06-28 09:36:47.757013270,100009,340,99984,340,100018,340,99950,340,100045,100,99938,100,100049,100,99922,100,100051,100,99886,100,100053,100,99855,100,100058,100,99763,100,100060,100,99683,100,100062,100,99652,100,100068,100,99610,100
2019-06-28 09:36:50.000000000,100009,340,99984,340,100018,340,99950,340,100045,100,99938,100,100049,100,99922,100,100051,100,99886,100,100053,100,99855,100,100058,100,99763,100,100060,100,99683,100,100062,100,99652,100,100068,100,99610,100
2019-06-28 09:36:51.508834356,100009,340,99984,340,100018,340,99950,340,100045,100,99938,100,100049,100,99922,100,100051,100,99886,100,100053,100,99855,100,100058,100,99763,100,100060,100,99683,100,100062,100,99610,100,100068,100,99589,100
2019-06-28 09:37:00.000000000,100009,220,99984,220,100018,220,99950,220,100045,220,99938,220,100049,220,99922,220,100051,100,99886,100,100053,100,99855,100,100058,100,99763,100,100060,100,99683,100,100062,100,99610,100,100068,100,99589,100
2019-06-28 09:37:08.762810095,100009,120,99984,220,100018,220,99950,220,100045,220,99938,220,100049,220,99922,220,100051,100,99886,100,100053,100,99855,100,100058,100,99763,100,100060,100,99683,100,100062,100,99610,100,100068,100,99589,100
2019-06-28 09:37:09.137678108,100009,20,99984,220,100018,220,99950,220,100045,220,99938,220,100049,220,99922,220,100051,100,99886,100,100053,100,99855,100,100058,100,99763,100,100060,100,99683,100,100062,100,99610,100,100068,100,99589,100
2019-06-28 09:37:10.000000000,100018,196,99984,196,100045,196,99950,196,100049,196,99938,196,100051,196,99922,196,100053,196,99886,196,100058,100,99855,100,100060,100,99763,100,100062,100,99683,100,100068,100,99610,100,100115,100,99589,100
2019-06-28 09:37:19.444748763,100018,196,99984,196,100045,196,99950,196,100049,196,99938,196,100051,196,99922,196,100053,196,99886,196,100058,100,99855,100,100060,100,99763,100,100062,100,99683,100,100068,100,99610,100,100115,100,99589,100
2019-06-28 09:37:20.000000000,100018,220,99984,220,100045,220,99950,220,100049,220,99938,220,100051,220,99922,220,100053,100,99886,100,100058,100,99855,100,100060,100,99763,100,100062,100,99683,100,100068,100,99610,100,100115,100,99589,100
2019-06-28 09:37:30.000000000,100018,340,99984,340,100045,340,99950,340,100049,100,99938,100,100051,100,99922,100,100053,100,99886,100,100058,100,99855,100,100060,100,99763,100,100062,100,99683,100,100068,100,99610,100,100115,100,99589,100
2019-06-28 09:37:33.232993903,100018,240,99984,340,100045,340,99950,340,100049,100,99938,100,100051,100,99922,100,100053,100,99886,100,100058,100,99855,100,100060,100,99763,100,100062,100,99683,100,100068,100,99610,100,100115,100,99589,100
2019-06-28 09:37:38.477325904,100018,140,99984,340,100045,340,99950,340,100049,100,99938,100,100051,100,99922,100,100053,100,99886,100,100058,100,99855,100,100060,100,99763,100,100062,100,99683,100,100068,100,99610,100,100115,100,99589,100
2019-06-28 09:37:38.853260568,100018,40,99984,340,100045,340,99950,340,100049,100,99938,100,100051,100,99922,100,100053,100,99886,100,100058,100,99855,100,100060,100,99763,100,100062,100,99683,100,100068,100,99610,100,100115,100,99589,100
2019-06-28 09:37:40.000000000,100045,196,99984,196,100049,196,99950,196,100051,196,99938,196,100053,196,99922,196,100058,196,99886,196,100060,100,99855,100,100062,100,99763,100,100068,100,99683,100,100115,100,99610,100,100134,100,99589,100
2019-06-28 09:37:50.000000000,100045,196,99984,196,100049,196,99950,196,100051,196,99938,196,100053,196,99922,196,100058,196,99886,196,100060,100,99855,100,100062,100,99763,100,100068,100,99683,100,100115,100,99610,100,100134,100,99589,100
2019-06-28 09:37:55.447713563,100045,196,100018,100,100049,196,99984,196,100051,196,99950,196,100053,196,99938,196,100058,196,99922,196,100060,100,99886,196,100062,100,99855,100,100068,100,99763,100,100115,100,99683,100,100134,100,99610,100
2019-06-28 09:37:58.786022509,100045,96,100018,100,100049,196,99984,196,100051,196,99950,196,100053,196,99938,196,100058,196,99922,196,100060,100,99886,196,100062,100,99855,100,100068,100,99763,100,100115,100,99683,100,100134,100,99610,100
2019-06-28 09:38:00.000000000,100049,340,100018,340,100051,340,99984,340,100053,100,99950,100,100058,100,99938,100,100060,100,99922,100,100062,100,99886,100,100068,100,99855,100,100115,100,99763,100,100134,100,99683,100,100152,100,99610,100
2019-06-28 09:38:01.343834944,100049,340,100019,100,100051,340,100018,340,100053,100,99984,340,100058,100,99950,100,100060,100,99938,100,100062,100,99922,100,100068,100,99886,100,100115,100,99855,100,100134,100,99763,100,100152,100,99683,100
2019-06-28 09:38:10.000000000,100049,340,100019,340,100051,340,100018,340,100053,100,99984,100,100058,100,99950,100,100060,100,99938,100,100062,100,99922,100,100068,100,99886,100,100115,100,99855,100,100134,100,99763,100,100152,100,99683,100
2019-06-28 09:38:12.132361979,100049,240,100019,340,100051,340,100018,340,100053,100,99984,100,100058,100,99950,100,100060,100,99938,100,100062,100,99922,100,100068,100,99886,100,100115,100,99855,100,100134,100,99763,100,100152,100,99683,100
2019-06-28 09:38:20.000000000,100051,263,100019,263,100053,258,100018,258,100058,258,99984,258,100060,100,99950,100,100062,100,99938,100,100068,100,99922,100,100115,100,99886,100,100134,100,99855,100,100152,100,99763,100,100197,100,99683,100
2019-06-28 09:38:30.000000000,100051,340,100019,340,100053,340,100018,340,100058,100,99984,100,100060,100,99950,100,100062,100,99938,100,100068,100,99922,100,100115,100,99886,100,100134,100,99855,100,100152,100,99763,100,100197,100,99683,100
2019-06-28 09:38:40.000000000,100051,220,100019,220,100053,220,100018,220,100058,220,99984,220,100060,220,99950,220,100062,100,99938,100,100068,100,99922,100,100115,100,99886,100,100134,100,99855,100,100152,100,99763,100,100197,100,99683,100
2019-06-28 09:38:49.897297379,100051,120,100019,220,100053,220,100018,220,100058,220,99984,220,100060,220,99950,220,100062,100,99938,100,100068,100,99922,100,100115,100,99886,100,100134,100,99855,100,100197,100,99763,100,100500,100,99683,100
2019-06-28 09:38:50.000000000,100053,340,100019,340,100058,340,100018,340,100060,100,99984,100,100062,100,99950,100,100068,100,99938,100,100115,100,99922,100,100134,100,99886,100,100197,100,99855,100,100500,100,99763,100,100513,100,99683,100
2019-06-28 09:38:53.178839626,100053,240,100019,340,100058,340,100018,340,100060,100,99984,100,100062,100,99950,100,100068,100,99938,100,100115,100,99922,100,100134,100,99886,100,100197,100,99855,100,100500,100,99763,100,100513,100,99683,100
2019-06-28 09:39:00.000000000,100058,263,100019,263,100060,258,100018,258,100062,258,99984,258,100068,100,99950,100,100115,100,99938,100,100134,100,99922,100,100197,100,99886,100,100500,100,99855,100,100513,100,99763,100,,,99683,100
2019-06-28 09:39:10.000000000,100058,263,100019,263,100060,258,100018,258,100062,258,99984,258,100068,100,99950,100,100115,100,99938,100,100134,100,99922,100,100197,100,99886,100,100500,100,99855,100,100513,100,99763,100,,,99683,100
2019-06-28 09:39:19.710122267,100058,163,100019,263,100060,258,100018,258,100062,258,99984,258,100068,100,99950,100,100115,100,99938,100,100134,100,99922,100,100197,100,99886,100,100500,100,99855,100,100513,100,99763,100,,,99683,100
2019-06-28 09:39:20.000000000,100060,340,100019,340,100062,340,100018,340,100068,100,99984,100,100115,100,99950,100,100134,100,99938,100,100197,100,99922,100,100500,100,99886,100,100513,100,99855,100,,,99763,100,,,99683,100
2019-06-28 09:39:27.454903591,100060,340,100019,340,100062,340,100018,340,100068,100,99984,100,100115,100,99950,100,100134,100,99938,100,100197,100,99922,100,100500,100,99886,100,100513,100,99855,100,101327,100,99763,100,,,99683,100
2019-06-28 09:39:30.000000000,100060,263,100019,263,100062,258,100018,258,100068,258,99984,258,100115,100,99950,100,100134,100,99938,100,100197,100,99922,100,100500,100,99886,100,100513,100,99855,100,101327,100,99763,100,,,99683,100
2019-06-28 09:39:33.307870667,100060,263,100019,263,100062,258,100018,258,100068,258,99984,258,100115,100,99950,100,100134,100,99938,100,100197,100,99922,100,100500,100,99886,100,100513,100,99855,100,101327,100,99763,100,101392,100,99683,100
2019-06-28 09:39:40.000000000,100060,263,100019,263,100062,258,100018,258,100068,258,99984,258,100115,100,99950,100,100134,100,99938,100,100197,100,99922,100,100500,100,99886,100,100513,100,99855,100,101327,100,99763,100,101392,100,99683,100
2019-06-28 09:39:50.000000000,100060,340,100019,340,100062,340,100018,340,100068,100,99984,100,100115,100,99950,100,100134,100,99938,100,100197,100,99922,100,100500,100,99886,100,100513,100,99855,100,101327,100,99763,100,101392,100,99683,100
2019-06-28 09:40:00.000000000,100060,340,100019,340,100062,340,100018,340,100068,100,99984,100,100115,100,99950,100,100134,100,99938,100,100197,100,99922,100,100500,100,99886,100,100513,100,99855,100,101327,100,99763,100,101392,100,99683,100
2019-06-28 09:40:10.000000000,100060,580,100019,580,100062,100,100018,100,100068,100,99984,100,100115,100,99950,100,100134,100,99938,100,100197,100,99922,100,100500,100,99886,100,100513,100,99855,100,101327,100,99763,100,101392,100,99683,100
2019-06-28 09:40:20.000000000,100060,340,100019,340,100062,340,100018,340,100068,100,99984,100,100115,100,99950,100,100134,100,99938,100,100197,100,99922,100,100500,100,99886,100,100513,100,99855,100,101327,100,99763,100,101392,100,99683,100
2019-06-28 09:40:30.000000000,100060,196,100019,196,100062,196,100018,196,100068,196,99984,196,100115,196,99950,196,100134,196,99938,196,100197,100,99922,100,100500,100,99886,100,100513,100,99855,100,101327,100,99763,100,101392,100,99683,100
2019-06-28 09:40:40.000000000,100060,340,100019,340,100062,340,100018,340,100068,100,99984,100,100115,100,99950,100,100134,100,99938,100,100197,100,99922,100,100500,100,99886,100,100513,100,99855,100,101327,100,99763,100,101392,100,99683,100
2019-06-28 09:40:50.000000000,100060,263,100019,263,100062,258,100018,258,100068,258,99984,258,100115,100,99950,100,100134,100,99938,100,100197,100,99922,100,100500,100,99886,100,100513,100,99855,100,101327,100,99763,100,101392,100,99683,100
2019-06-28 09:41:00.000000000,100060,263,100019,263,100062,258,100018,258,100068,258,99984,258,100115,100,99950,100,100134,100,99938,100,100197,100,99922,100,100500,100,99886,100,100513,100,99855,100,101327,100,99763,100,101392,100,99683,100
2019-06-28 09:41:07.046463606,100060,263,100019,263,100062,258,100018,258,100068,258,99984,258,100115,100,99950,100,100134,100,99938,100,100197,100,99922,100,100500,100,99886,100,100513,100,99855,100,100928,100,99763,100,101327,100,99683,100
2019-06-28 09:41:10.000000000,100060,220,100019,220,100062,220,100018,220,100068,220,99984,220,100115,220,99950,220,100134,100,99938,100,100197,100,99922,100,100500,100,99886,100,100513,100,99855,100,100928,100,99763,100,101327,100,99683,100
2019-06-28 09:41:20.000000000,100060,220,100019,220,100062,220,100018,220,100068,220,99984,220,100115,220,99950,220,100134,100,99938,100,100197,100,99922,100,100500,100,99886,100,100513,100,99855,100,100928,100,99763,100,101327,100,99683,100
2019-06-28 09:41:30.000000000,100060,263,100019,263,100062,258,100018,258,100068,258,99984,258,100115,100,99950,100,100134,100,99938,100,100197,100,99922,100,100500,100,99886,100,100513,100,99855,100,100928,100,99763,100,101327,100,99683,100
2019-06-28 09:41:40.000000000,100060,196,100019,196,100062,196,100018,196,100068,196,99984,196,100115,196,99950,196,100134,196,99938,196,100197,100,99922,100,100500,100,99886,100,100513,100,99855,100,100928,100,99763,100,101327,100,99683,100
2019-06-28 09:41:40.996530922,100060,96,100019,196,100062,196,100018,196,100068,196,99984,196,100115,196,99950,196,100134,196,99938,196,100197,100,99886,100,100500,100,99855,100,100513,100,99763,100,100928,100,99683,100,101327,100,99610,100
2019-06-28 09:41:47.252607048,100060,96,100019,196,100062,196,100018,196,100068,196,99984,196,100115,196,99950,196,100134,196,99938,196,100197,100,99886,100,100497,100,99855,100,100500,100,99763,100,100513,100,99683,100,100928,100,99610,100
2019-06-28 09:41:48.335798933,100062,196,100060,4,100068,196,100019,196,100115,196,100018,196,100134,196,99984,196,100197,100,99950,196,100497,100,99938,196,100500,100,99886,100,100513,100,99855,100,100928,100,99763,100,101392,100,99683,100
2019-06-28 09:41:50.000000000,100062,263,100060,167,100068,258,100019,258,100115,258,100018,258,100134,100,99984,100,100197,100,99950,100,100497,100,99938,100,100500,100,99886,100,100513,100,99855,100,100928,100,99763,100,101392,100,99683,100
2019-06-28 09:41:50.625032957,100062,263,100060,167,100068,258,100019,258,100115,258,100018,258,100134,100,99984,100,100197,100,99950,100,100234,100,99886,100,100497,100,99855,100,100500,100,99763,100,100513,100,99683,100,100928,100,99610,100
2019-06-28 09:41:53.004963124,100062,163,100060,167,100068,258,100019,258,100115,258,100018,258,100134,100,99984,100,100197,100,99950,100,100234,100,99886,100,100497,100,99855,100,100500,100,99763,100,100513,100,99683,100,100928,100,99589,100
2019-06-28 09:41:59.041358495,100062,163,100060,167,100068,258,100019,258,100115,258,100018,258,100134,100,99984,100,100197,100,99950,100,100234,100,99886,100,100391,100,99855,100,100497,100,99763,100,100500,100,99683,100,100513,100,99589,100
2019-06-28 09:42:00.000000000,100068,263,100060,167,100115,258,100019,258,100134,258,100018,258,100197,100,99984,100,100234,100,99950,100,100391,100,99886,100,100497,100,99855,100,100500,100,99763,100,100513,100,99683,100,100928,100,99589,100
2019-06-28 09:42:05.566968784,100068,263,100061,100,100115,258,100060,167,100134,258,100019,258,100197,100,100018,258,100234,100,99984,100,100391,100,99950,100,100497,100,99886,100,100500,100,99855,100,100513,100,99763,100,100928,100,99683,100
2019-06-28 09:42:05.606883551,100068,263,100061,100,100115,258,100060,167,100134,258,100019,258,100197,100,100018,258,100234,100,99984,100,100391,100,99950,100,100497,100,99886,100,100500,100,99855,100,100513,100,99763,100,100928,100,99683,100
2019-06-28 09:42:10.000000000,100068,340,100061,340,100115,340,100060,244,100134,100,100019,100,100197,100,100018,100,100234,100,99984,100,100391,100,99950,100,100497,100,99886,100,100500,100,99855,100,100513,100,99763,100,100928,100,99683,100
2019-06-28 09:42:16.263925112,100068,340,100061,440,100115,340,100060,244,100134,100,100018,100,100197,100,99984,100,100234,100,99950,100,100391,100,99886,100,100497,100,99855,100,100500,100,99763,100,100513,100,99683,100,100928,100,99589,100
2019-06-28 09:42:20.000000000,100068,220,100061,320,100115,220,100060,124,100134,220,100018,220,100197,220,99984,220,100234,100,99950,100,100391,100,99886,100,100497,100,99855,100,100500,100,99763,100,100513,100,99683,100,100928,100,99589,100
2019-06-28 09:42:30.000000000,100068,263,100061,363,100115,258,100060,162,100134,258,100018,258,100197,100,99984,100,100234,100,99950,100,100391,100,99886,100,100497,100,99855,100,100500,100,99763,100,100513,100,99683,100,100928,100,99589,100
2019-06-28 09:42:40.000000000,100068,196,100061,296,100115,196,100060,100,100134,196,100018,196,100197,196,99984,196,100234,196,99950,196,100391,100,99886,100,100497,100,99855,100,100500,100,99763,100,100513,100,99683,100,100928,100,99589,100
2019-06-28 09:42:46.614043383,100068,196,100061,296,100115,196,100060,100,100120,100,100018,196,100134,196,99984,196,100197,196,99950,196,100234,196,99886,100,100391,100,99855,100,100497,100,99763,100,100500,100,99683,100,100513,100,99589,100
2019-06-28 09:42:50.000000000,100068,263,100061,363,100115,258,100060,162,100120,258,100018,258,100134,100,99984,100,100197,100,99950,100,100234,100,99886,100,100391,100,99855,100,100497,100,99763,100,100500,100,99683,100,100513,100,99589,100
2019-06-28 09:43:00.000000000,100068,263,100061,363,100115,258,100060,162,100120,258,100018,258,100134,100,99984,100,100197,100,99950,100,100234,100,99886,100,100391,100,99855,100,100497,100,99763,100,100500,100,99683,100,100513,100,99589,100
2019-06-28 09:43:10.000000000,100068,340,100061,440,100115,340,100060,244,100120,100,100018,100,100134,100,99984,100,100197,100,99950,100,100234,100,99886,100,100391,100,99855,100,100497,100,99763,100,100500,100,99683,100,100513,100,99589,100
2019-06-28 09:43:16.726672346,100068,340,100061,440,100115,340,100060,240,100120,100,100045,100,100134,100,100018,100,100197,100,99984,100,100234,100,99950,100,100391,100,99886,100,100497,100,99855,100,100500,100,99763,100,100513,100,99683,100
2019-06-28 09:43:18.835786581,100068,340,100061,440,100115,340,100060,240,100120,100,100045,100,100134,100,100018,100,100197,100,99984,100,100234,100,99950,100,100391,100,99886,100,100497,100,99855,100,100500,100,99834,100,100513,100,99763,100
2019-06-28 09:43:20.000000000,100068,263,100061,363,100115,258,100045,258,100120,258,100018,258,100134,100,99984,100,100197,100,99950,100,100234,100,99886,100,100391,100,99855,100,100497,100,99834,100,100500,100,99763,100,100513,100,99683,100
2019-06-28 09:43:23.630637266,100068,263,100061,263,100115,258,100045,258,100120,258,100018,258,100134,100,99984,100,100197,100,99950,100,100234,100,99886,100,100391,100,99855,100,100497,100,99834,100,100500,100,99763,100,100513,100,99683,100
2019-06-28 09:43:28.053637055,100068,263,100061,163,100115,258,100045,258,100120,258,100018,258,100134,100,99984,100,100197,100,99950,100,100234,100,99886,100,100391,100,99855,100,100497,100,99834,100,100500,100,99763,100,100513,100,99683,100
2019-06-28 09:43:28.626121392,100068,263,100061,63,100115,258,100045,258,100120,258,100018,158,100134,100,99984,100,100197,100,99950,100,100234,100,99886,100,100391,100,99855,100,100497,100,99834,100,100500,100,99763,100,100513,100,99683,100
2019-06-28 09:43:30.000000000,100068,220,100045,220,100115,220,99984,220,100120,220,99950,220,100134,220,99886,220,100197,100,99855,100,100234,100,99834,100,100391,100,99763,100,100497,100,99683,100,100500,100,99589,100,100513,100,99588,100
2019-06-28 09:43:40.000000000,100068,263,100045,263,100115,258,99984,258,100120,258,99950,258,100134,100,99886,100,100197,100,99855,100,100234,100,99834,100,100391,100,99763,100,100497,100,99683,100,100500,100,99589,100,100513,100,99588,100
2019-06-28 09:43:40.054668139,100068,263,100045,263,100115,258,99984,258,100120,258,99968,100,100134,100,99950,258,100197,100,99886,100,100234,100,99855,100,100391,100,99834,100,100497,100,99763,100,100500,100,99683,100,100513,100,99589,100
2019-06-28 09:43:50.000000000,100068,263,100045,263,100115,258,99984,258,100120,258,99968,258,100134,100,99950,100,100197,100,99886,100,100234,100,99855,100,100391,100,99834,100,100497,100,99763,100,100500,100,99683,100,100513,100,99589,100
2019-06-28 09:43:50.913703497,100068,263,100045,163,100115,258,99984,258,100120,258,99968,258,100134,100,99950,100,100197,100,99886,100,100234,100,99855,100,100391,100,99834,100,100497,100,99763,100,100500,100,99683,100,100513,100,99589,100
2019-06-28 09:44:00.000000000,100068,580,99984,580,100115,100,99968,100,100120,100,99950,100,100134,100,99886,100,100197,100,99855,100,100234,100,99834,100,100391,100,99763,100,100497,100,99683,100,100500,100,99589,100,100513,100,99588,100
2019-06-28 09:44:09.322560365,99996,100,99984,580,100068,580,99968,100,100115,100,99950,100,100120,100,99886,100,100134,100,99855,100,100197,100,99834,100,100234,100,99763,100,100391,100,99683,100,100497,100,99588,100,100500,100,99306,100
2019-06-28 09:44:10.000000000,99996,263,99984,263,100068,258,99968,258,100115,258,99950,258,100120,100,99886,100,100134,100,99855,100,100197,100,99834,100,100234,100,99763,100,100391,100,99683,100,100497,100,99588,100,100500,100,99306,100
2019-06-28 09:44:20.000000000,99996,263,99984,263,100068,258,99968,258,100115,258,99950,258,100120,100,99886,100,100134,100,99855,100,100197,100,99834,100,100234,100,99763,100,100391,100,99683,100,100497,100,99588,100,100500,100,99306,100
2019-06-28 09:44:30.000000000,99996,340,99984,340,100068,340,99968,340,100115,100,99950,100,100120,100,99886,100,100134,100,99855,100,100197,100,99834,100,100234,100,99763,100,100391,100,99683,100,100497,100,99588,100,100500,100,99306,100
2019-06-28 09:44:40.000000000,99996,220,99984,220,100068,220,99968,220,100115,220,99950,220,100120,220,99886,220,100134,100,99855,100,100197,100,99834,100,100234,100,99763,100,100391,100,99683,100,100497,100,99588,100,100500,100,99306,100
2019-06-28 09:44:47.546214495,99996,220,99984,120,100068,220,99968,220,100115,220,99950,220,100120,220,99886,220,100134,100,99855,100,100197,100,99834,100,100234,100,99763,100,100391,100,99683,100,100497,100,99588,100,100500,100,99306,100
2019-06-28 09:44:50.000000000,99996,580,99968,580,100068,100,99950,100,100115,100,99886,100,100120,100,99855,100,100134,100,99834,100,100197,100,99763,100,100234,100,99683,100,100391,100,99588,100,100497,100,99306,100,100500,100,99165,100
2019-06-28 09:45:00.000000000,99996,580,99968,580,100068,100,99950,100,100115,100,99886,100,100120,100,99855,100,100134,100,99834,100,100197,100,99763,100,100234,100,99683,100,100391,100,99588,100,100497,100,99306,100,100500,100,99165,100
2019-06-28 09:45:10.000000000,99996,263,99968,263,100068,258,99950,258,100115,258,99886,258,100120,100,99855,100,100134,100,99834,100,100197,100,99763,100,100234,100,99683,100,100391,100,99588,100,100497,100,99306,100,100500,100,99165,100
2019-06-28 09:45:20.000000000,99996,196,99968,196,100068,196,99950,196,100115,196,99886,196,100120,196,99855,196,100134,196,99834,196,100197,100,99763,100,100234,100,99683,100,100391,100,99588,100,100497,100,99306,100,100500,100,99165,100
2019-06-28 09:45:30.000000000,99996,196,99968,196,100068,196,99950,196,100115,196,99886,196,100120,196,99855,196,100134,196,99834,196,100197,100,99763,100,100234,100,99683,100,100391,100,99588,100,100497,100,99306,100,100500,100,99165,100
2019-06-28 09:45:38.594770978,99996,196,99968,196,100068,196,99950,196,100115,196,99886,196,100120,196,99855,196,100134,96,99834,196,100197,100,99763,100,100234,100,99683,100,100277,100,99588,100,100391,100,99306,100,100497,100,99165,100
2019-06-28 09:45:39.397478198,99996,96,99968,196,100068,196,99950,196,100115,196,99886,196,100120,196,99855,196,100134,96,99834,196,100197,100,99763,100,100234,100,99683,100,100277,100,99588,100,100391,100,99306,100,100497,100,99165,100
2019-06-28 09:45:40.000000000,100068,220,99968,220,100115,220,99950,220,100120,220,99886,220,100197,220,99855,220,100234,100,99834,100,100277,100,99763,100,100391,100,99683,100,100497,100,99588,100,100500,100,99306,100,100513,100,99165,100
2019-06-28 09:45:48.904353170,100068,220,99968,220,100115,220,99950,220,100120,220,99886,220,100197,220,99855,220,100234,100,99763,100,100265,100,99683,100,100277,100,99588,100,100391,100,99306,100,100497,100,99165,100,100500,100,99139,100
2019-06-28 09:45:50.000000000,100068,580,99968,580,100115,100,99950,100,100120,100,99886,100,100197,100,99855,100,100234,100,99763,100,100265,100,99683,100,100277,100,99588,100,100391,100,99306,100,100497,100,99165,100,100500,100,99139,100
2019-06-28 09:45:56.237849358,100068,580,99968,580,100115,100,99950,100,100120,100,99886,100,100197,100,99855,100,100234,100,99763,100,100265,100,99683,100,100277,100,99588,100,100391,100,99306,100,100406,100,99165,100,100497,100,99139,100
2019-06-28 09:46:00.000000000,100068,340,99968,340,100115,340,99950,340,100120,100,99886,100,100197,100,99855,100,100234,100,99763,100,100265,100,99683,100,100277,100,99588,100,100391,100,99306,100,100406,100,99165,100,100497,100,99139,100
2019-06-28 09:46:10.000000000,100068,340,99968,340,100115,340,99950,340,100120,100,99886,100,100197,100,99855,100,100234,100,99763,100,100265,100,99683,100,100277,100,99588,100,100391,100,99306,100,100406,100,99165,100,100497,100,99139,100
2019-06-28 09:46:17.556069578,100068,340,99985,100,100115,340,99968,340,100120,100,99950,340,100197,100,99886,100,100234,100,99855,100,100265,100,99763,100,100277,100,99683,100,100391,100,99588,100,100406,100,99306,100,100497,100,99165,100
2019-06-28 09:46:18.506280754,100068,340,99985,100,100115,340,99968,340,100120,100,99950,340,100197,100,99886,100,100234,100,99855,100,100265,100,99763,100,100277,100,99683,100,100293,100,99588,100,100391,100,99306,100,100406,100,99165,100
2019-06-28 09:46:20.000000000,100068,263,99985,263,100115,258,99968,258,100120,258,99950,258,100197,100,99886,100,100234,100,99855,100,100265,100,99763,100,100277,100,99683,100,100293,100,99588,100,100391,100,99306,100,100406,100,99165,100
2019-06-28 09:46:30.000000000,100068,220,99985,220,100115,220,99968,220,100120,220,99950,220,100197,220,99886,220,100234,100,99855,100,100265,100,99763,100,100277,100,99683,100,100293,100,99588,100,100391,100,99306,100,100406,100,99165,100
2019-06-28 09:46:34.495551077,100068,220,99985,320,100115,220,99968,220,100120,220,99950,220,100197,220,99886,220,100234,100,99855,100,100265,100,99763,100,100277,100,99683,100,100293,100,99588,100,100391,100,99306,100,100406,100,99165,100
2019-06-28 09:46:40.000000000,100068,580,99985,680,100115,100,99968,100,100120,100,99950,100,100197,100,99886,100,100234,100,99855,100,100265,100,99763,100,100277,100,99683,100,100293,100,99588,100,100391,100,99306,100,100406,100,99165,100
2019-06-28 09:46:50.000000000,100068,340,99985,440,100115,340,99968,340,100120,100,99950,100,100197,100,99886,100,100234,100,99855,100,100265,100,99763,100,100277,100,99683,100,100293,100,99588,100,100391,100,99306,100,100406,100,99165,100
2019-06-28 09:47:00.000000000,100068,220,99985,320,100115,220,99968,220,100120,220,99950,220,100197,220,99886,220,100234,100,99855,100,100265,100,99763,100,100277,100,99683,100,100293,100,99588,100,100391,100,99306,100,100406,100,99165,100
2019-06-28 09:47:10.000000000,100068,263,99985,363,100115,258,99968,258,100120,258,99950,258,100197,100,99886,100,100234,100,99855,100,100265,100,99763,100,100277,100,99683,100,100293,100,99588,100,100391,100,99306,100,100406,100,99165,100
2019-06-28 09:47:14.148886811,100068,263,99985,363,100115,258,99968,258,100120,258,99950,258,100197,100,99886,100,100234,100,99855,100,100265,100,99763,100,100277,100,99683,100,100293,100,99588,100,100334,100,99306,100,100391,100,99165,100
2019-06-28 09:47:18.314460596,100068,163,99985,363,100115,258,99968,258,100120,258,99950,258,100197,100,99886,100,100234,100,99855,100,100265,100,99763,100,100277,100,99683,100,100293,100,99588,100,100334,100,99306,100,100391,100,99165,100
2019-06-28 09:47:20.000000000,100115,220,99985,320,100120,220,99968,220,100197,220,99950,220,100234,220,99886,220,100265,100,99855,100,100277,100,99763,100,100293,100,99683,100,100334,100,99588,100,100391,100,99306,100,100406,100,99165,100
2019-06-28 09:47:23.768251968,100067,100,99985,320,100115,220,99968,220,100120,220,99950,220,100197,220,99886,220,100234,220,99855,100,100265,100,99763,100,100277,100,99683,100,100293,100,99588,100,100334,100,99306,100,100391,100,99165,100
2019-06-28 09:47:28.309221354,100115,220,99985,320,100120,220,99968,220,100197,220,99950,220,100234,220,99886,220,100277,100,99855,100,100293,100,99763,100,100334,100,99683,100,100391,100,99588,100,100406,100,99306,100,100497,100,99165,100
2019-06-28 09:47:30.000000000,100115,196,99985,296,100120,196,99968,196,100197,196,99950,196,100234,196,99886,196,100277,196,99855,196,100293,100,99763,100,100334,100,99683,100,100391,100,99588,100,100406,100,99306,100,100497,100,99165,100
2019-06-28 09:47:40.000000000,100115,196,99985,296,100120,196,99968,196,100197,196,99950,196,100234,196,99886,196,100277,196,99855,196,100293,100,99763,100,100334,100,99683,100,100391,100,99588,100,100406,100,99306,100,100497,100,99165,100
2019-06-28 09:47:50.000000000,100115,220,99985,320,100120,220,99968,220,100197,220,99950,220,100234,220,99886,220,100277,100,99855,100,100293,100,99763,100,100334,100,99683,100,100391,100,99588,100,100406,100,99306,100,100497,100,99165,100
2019-06-28 09:48:00.000000000,100115,263,99985,363,100120,258,99968,258,100197,258,99950,258,100234,100,99886,100,100277,100,99855,100,100293,100,99763,100,100334,100,99683,100,100391,100,99588,100,100406,100,99306,100,100497,100,99165,100
2019-06-28 09:48:10.000000000,100115,263,99985,363,100120,258,99968,258,100197,258,99950,258,100234,100,99886,100,100277,100,99855,100,100293,100,99763,100,100334,100,99683,100,100391,100,99588,100,100406,100,99306,100,100497,100,99165,100
2019-06-28 09:48:16.241859644,100115,63,99985,363,100120,258,99968,258,100197,258,99950,258,100234,100,99886,100,100277,100,99855,100,100293,100,99763,100,100334,100,99683,100,100391,100,99588,100,100406,100,99306,100,100497,100,99165,100
2019-06-28 09:48:18.683089852,100120,258,100115,37,100197,258,99985,363,100234,100,99968,258,100277,100,99950,258,100293,100,99886,100,100334,100,99855,100,100391,100,99763,100,100406,100,99683,100,100497,100,99588,100,100500,100,99306,100
2019-06-28 09:48:20.000000000,100120,340,100115,277,100197,340,99985,440,100234,100,99968,100,100277,100,99950,100,100293,100,99886,100,100334,100,99855,100,100391,100,99763,100,100406,100,99683,100,100497,100,99588,100,100500,100,99306,100
2019-06-28 09:48:30.000000000,100120,196,100115,133,100197,196,99985,296,100234,196,99968,196,100277,196,99950,196,100293,196,99886,196,100334,100,99855,100,100391,100,99763,100,100406,100,99683,100,100497,100,99588,100,100500,100,99306,100
2019-06-28 09:48:31.188909736,100120,196,100115,133,100197,196,99985,296,100234,196,99968,196,100277,196,99950,196,100293,196,99886,196,100334,100,99855,100,100391,100,99763,100,100406,100,99683,100,100497,100,99588,100,100500,100,99306,100
2019-06-28 09:48:34.123497185,100120,196,100115,233,100197,196,99985,296,100234,196,99968,196,100277,196,99950,196,100293,196,99886,196,100334,100,99855,100,100391,100,99763,100,100406,100,99683,100,100497,100,99588,100,100500,100,99306,100
2019-06-28 09:48:36.330903163,100120,196,100115,196,100197,196,99985,296,100234,196,99968,196,100277,196,99950,196,100293,196,99886,196,100334,100,99855,100,100391,100,99763,100,100406,100,99683,100,100497,100,99588,100,100500,100,99306,100
2019-06-28 09:48:40.000000000,100120,196,100115,196,100197,196,99985,296,100234,196,99968,196,100277,196,99950,196,100293,196,99886,196,100334,100,99855,100,100391,100,99763,100,100406,100,99683,100,100497,100,99588,100,100500,100,99306,100
2019-06-28 09:48:50.000000000,100120,580,100115,580,100197,100,99985,200,100234,100,99968,100,100277,100,99950,100,100293,100,99886,100,100334,100,99855,100,100391,100,99763,100,100406,100,99683,100,100497,100,99588,100,100500,100,99306,100
2019-06-28 09:48:53.009701329,100120,580,100115,580,100197,100,99985,200,100234,100,99968,100,100277,100,99950,100,100293,100,99886,100,100334,100,99855,100,100391,100,99763,100,100406,100,99683,100,100497,100,99588,100,100500,100,99306,100
2019-06-28 09:49:00.000000000,100120,196,100115,196,100197,196,99985,296,100234,196,99968,196,100277,196,99950,196,100293,196,99886,196,100334,100,99855,100,100391,100,99763,100,100406,100,99683,100,100497,100,99588,100,100500,100,99306,100
2019-06-28 09:49:10.000000000,100120,340,100115,340,100197,340,99985,440,100234,100,99968,100,100277,100,99950,100,100293,100,99886,100,100334,100,99855,100,100391,100,99763,100,100406,100,99683,100,100497,100,99588,100,100500,100,99306,100
2019-06-28 09:49:17.866833767,100120,240,100115,340,100197,340,99985,440,100234,100,99968,100,100277,100,99950,100,100293,100,99886,100,100334,100,99855,100,100391,100,99763,100,100497,100,99683,100,100500,100,99588,100,100513,100,99306,100
2019-06-28 09:49:20.000000000,100197,196,100115,196,100234,196,99985,296,100277,196,99968,196,100293,196,99950,196,100334,196,99886,196,100391,100,99855,100,100497,100,99763,100,100500,100,99683,100,100513,100,99588,100,100711,100,99306,100
2019-06-28 09:49:30.000000000,100197,196,100115,196,100234,196,99985,296,100277,196,99968,196,100293,196,99950,196,100334,196,99886,196,100391,100,99855,100,100497,100,99763,100,100500,100,99683,100,100513,100,99588,100,100711,100,99306,100
2019-06-28 09:49:33.295387150,100197,196,100115,196,100234,196,99985,296,100277,196,99968,196,100293,196,99950,196,100334,196,99886,96,100391,100,99855,100,100497,100,99763,100,100500,100,99683,100,100513,100,99588,100,100711,100,99306,100
2019-06-28 09:49:40.000000000,100197,220,100115,220,100234,220,99985,320,100277,220,99968,220,100293,220,99950,220,100334,100,99855,100,100391,100,99763,100,100497,100,99683,100,100500,100,99588,100,100513,100,99306,100,100711,100,99165,100
2019-06-28 09:49:50.000000000,100197,263,100115,263,100234,258,99985,358,100277,258,99968,258,100293,100,99950,100,100334,100,99855,100,100391,100,99763,100,100497,100,99683,100,100500,100,99588,100,100513,100,99306,100,100711,100,99165,100
2019-06-28 09:49:58.787115261,100197,163,100115,263,100234,258,99985,358,100277,258,99968,258,100293,100,99950,100,100334,100,99855,100,100391,100,99763,100,100497,100,99683,100,100500,100,99588,100,100513,100,99306,100,100711,100,99165,100
2019-06-28 09:50:00.000000000,100234,580,100115,580,100277,100,99985,200,100293,100,99968,100,100334,100,99950,100,100391,100,99855,100,100497,100,99763,100,100500,100,99683,100,100513,100,99588,100,100711,100,99306,100,100928,100,99165,100
2019-06-28 09:50:09.894939034,100234,580,100120,100,100277,100,100115,580,100293,100,99985,200,100334,100,99968,100,100391,100,99950,100,100497,100,99855,100,100500,100,99763,100,100513,100,99683,100,100711,100,99588,100,100928,100,99306,100
2019-06-28 09:50:10.000000000,100234,263,100120,263,100277,258,100115,258,100293,258,99985,358,100334,100,99968,100,100391,100,99950,100,100497,100,99855,100,100500,100,99763,100,100513,100,99683,100,100711,100,99588,100,100928,100,99306,100
2019-06-28 09:50:17.957477609,100234,263,100120,263,100277,258,100115,258,100293,258,99985,358,100334,100,99968,100,100391,100,99950,100,100497,100,99855,100,100500,100,99763,100,100513,100,99683,100,100613,100,99588,100,100711,100,99306,100
2019-06-28 09:50:20.000000000,100234,340,100120,340,100277,340,100115,340,100293,100,99985,200,100334,100,99968,100,100391,100,99950,100,100497,100,99855,100,100500,100,99763,100,100513,100,99683,100,100613,100,99588,100,100711,100,99306,100
2019-06-28 09:50:30.000000000,100234,340,100120,340,100277,340,100115,340,100293,100,99985,200,100334,100,99968,100,100391,100,99950,100,100497,100,99855,100,100500,100,99763,100,100513,100,99683,100,100613,100,99588,100,100711,100,99306,100
2019-06-28 09:50:40.000000000,100234,263,100120,263,100277,258,100115,258,100293,258,99985,358,100334,100,99968,100,100391,100,99950,100,100497,100,99855,100,100500,100,99763,100,100513,100,99683,100,100613,100,99588,100,100711,100,99306,100
2019-06-28 09:50:43.610218260,100234,163,100120,263,100277,258,100115,258,100293,258,99985,358,100334,100,99968,100,100391,100,99950,100,100497,100,99855,100,100500,100,99763,100,100513,100,99683,100,100613,100,99588,100,100711,100,99306,100
2019-06-28 09:50:50.000000000,100277,263,100120,263,100293,258,100115,258,100334,258,99985,358,100391,100,99968,100,100497,100,99950,100,100500,100,99855,100,100513,100,99763,100,100613,100,99683,100,100711,100,99588,100,100928,100,99306,100
2019-06-28 09:51:00.000000000,100277,220,100120,220,100293,220,100115,220,100334,220,99985,320,100391,220,99968,220,100497,100,99950,100,100500,100,99855,100,100513,100,99763,100,100613,100,99683,100,100711,100,99588,100,100928,100,99306,100
2019-06-28 09:51:10.000000000,100277,263,100120,263,100293,258,100115,258,100334,258,99985,358,100391,100,99968,100,100497,100,99950,100,100500,100,99855,100,100513,100,99763,100,100613,100,99683,100,100711,100,99588,100,100928,100,99306,100
2019-06-28 09:51:18.731941372,100277,263,100120,263,100293,258,100115,258,100334,258,99985,358,100391,100,99968,100,100469,100,99950,100,100497,100,99855,100,100500,100,99763,100,100513,100,99683,100,100613,100,99588,100,100711,100,99306,100
2019-06-28 09:51:20.000000000,100277,340,100120,340,100293,340,100115,340,100334,100,99985,200,100391,100,99968,100,100469,100,99950,100,100497,100,99855,100,100500,100,99763,100,100513,100,99683,100,100613,100,99588,100,100711,100,99306,100
2019-06-28 09:51:30.000000000,100277,580,100120,580,100293,100,100115,100,100334,100,99985,200,100391,100,99968,100,100469,100,99950,100,100497,100,99855,100,100500,100,99763,100,100513,100,99683,100,100613,100,99588,100,100711,100,99306,100
2019-06-28 09:51:34.154678432,100277,480,100120,580,100293,100,100115,100,100334,100,99985,200,100391,100,99968,100,100469,100,99950,100,100497,100,99855,100,100500,100,99763,100,100513,100,99683,100,100613,100,99588,100,100711,100,99306,100
2019-06-28 09:51:40.000000000,100293,263,100120,263,100334,258,100115,258,100391,258,99985,358,100469,100,99968,100,100497,100,99950,100,100500,100,99855,100,100513,100,99763,100,100613,100,99683,100,100711,100,99588,100,100928,100,99306,100
2019-06-28 09:51:50.000000000,100293,340,100120,340,100334,340,100115,340,100391,100,99985,200,100469,100,99968,100,100497,100,99950,100,100500,100,99855,100,100513,100,99763,100,100613,100,99683,100,100711,100,99588,100,100928,100,99306,100
2019-06-28 09:51:57.449195866,100233,100,100120,340,100293,340,100115,340,100334,340,99985,200,100391,100,99968,100,100469,100,99950,100,100497,100,99855,100,100500,100,99763,100,100513,100,99683,100,100613,100,99588,100,100711,100,99306,100
2019-06-28 09:52:00.000000000,100233,220,100120,220,100293,220,100115,220,100334,220,99985,320,100391,220,99968,220,100469,100,99950,100,100497,100,99855,100,100500,100,99763,100,100513,100,99683,100,100613,100,99588,100,100711,100,99306,100
2019-06-28 09:52:01.450609849,100233,220,100120,220,100256,100,100115,220,100293,220,99985,320,100334,220,99968,220,100391,220,99950,100,100469,100,99855,100,100497,100,99763,100,100500,100,99683,100,100513,100,99588,100,100613,100,99306,100
2019-06-28 09:52:02.085860195,100233,220,100120,220,100256,100,100117,100,100293,220,100115,220,100334,220,99985,320,100391,220,99968,220,100469,100,99950,100,100497,100,99855,100,100500,100,99763,100,100513,100,99683,100,100613,100,99588,100
2019-06-28 09:52:10.000000000,100233,340,100120,340,100256,340,100117,340,100293,100,100115,100,100334,100,99985,200,100391,100,99968,100,100469,100,99950,100,100497,100,99855,100,100500,100,99763,100,100513,100,99683,100,100613,100,99588,100
2019-06-28 09:52:11.920793955,100233,340,100120,240,100256,340,100117,340,100293,100,100115,100,100334,100,99985,200,100391,100,99968,100,100469,100,99950,100,100497,100,99855,100,100500,100,99763,100,100513,100,99683,100,100613,100,99588,100
2019-06-28 09:52:18.398211226,100233,340,100120,240,100256,340,100117,340,100293,100,100115,100,100334,100,100066,100,100391,100,99985,200,100469,100,99950,100,100497,100,99855,100,100500,100,99763,100,100513,100,99683,100,100613,100,99588,100
2019-06-28 09:52:20.000000000,100233,263,100117,263,100256,258,100115,258,100293,258,100066,258,100334,100,99985,200,100391,100,99950,100,100469,100,99855,100,100497,100,99763,100,100500,100,99683,100,100513,100,99588,100,100613,100,99306,100
2019-06-28 09:52:30.000000000,100233,340,100117,340,100256,340,100115,340,100293,100,100066,100,100334,100,99985,200,100391,100,99950,100,100469,100,99855,100,100497,100,99763,100,100500,100,99683,100,100513,100,99588,100,100613,100,99306,100
2019-06-28 09:52:30.367212473,100233,340,100117,340,100256,340,100115,340,100293,100,100066,100,100334,100,99985,200,100348,100,99950,100,100391,100,99855,100,100469,100,99763,100,100497,100,99683,100,100500,100,99588,100,100513,100,99306,100
2019-06-28 09:52:40.000000000,100233,220,100117,220,100256,220,100115,220,100293,220,100066,220,100334,220,99985,320,100348,100,99950,100,100391,100,99855,100,100469,100,99763,100,100497,100,99683,100,100500,100,99588,100,100513,100,99306,100
2019-06-28 09:52:45.699468236,100233,220,100117,220,100256,220,100115,220,100293,220,100066,220,100331,100,99985,320,100334,220,99950,100,100348,100,99855,100,100391,100,99763,100,100469,100,99683,100,100497,100,99588,100,100500,100,99306,100
2019-06-28 09:52:50.000000000,100233,196,100117,196,100256,196,100115,196,100293,196,100066,196,100331,196,99985,296,100334,196,99950,196,100348,100,99855,100,100391,100,99763,100,100469,100,99683,100,100497,100,99588,100,100500,100,99306,100
2019-06-28 09:52:56.357634235,100233,196,100117,196,100256,196,100115,196,100293,196,100066,196,100331,196,100029,100,100334,196,99985,296,100348,100,99950,196,100391,100,99855,100,100469,100,99763,100,100497,100,99683,100,100500,100,99588,100
2019-06-28 09:53:00.000000000,100233,220,100117,220,100256,220,100115,220,100293,220,100066,220,100331,220,100029,220,100334,100,99985,200,100348,100,99950,100,100391,100,99855,100,100469,100,99763,100,100497,100,99683,100,100500,100,99588,100
2019-06-28 09:53:10.000000000,100233,196,100117,196,100256,196,100115,196,100293,196,100066,196,100331,196,100029,196,100334,196,99985,296,100348,100,99950,100,100391,100,99855,100,100469,100,99763,100,100497,100,99683,100,100500,100,99588,100
2019-06-28 09:53:20.000000000,100233,340,100117,340,100256,340,100115,340,100293,100,100066,100,100331,100,100029,100,100334,100,99985,200,100348,100,99950,100,100391,100,99855,100,100469,100,99763,100,100497,100,99683,100,100500,100,99588,100
2019-06-28 09:53:30.000000000,100233,340,100117,340,100256,340,100115,340,100293,100,100066,100,100331,100,100029,100,100334,100,99985,200,100348,100,99950,100,100391,100,99855,100,100469,100,99763,100,100497,100,99683,100,100500,100,99588,100
2019-06-28 09:53:39.660194986,100233,340,100117,340,100256,340,100115,340,100293,100,100066,100,100331,100,99985,200,100334,100,99950,100,100348,100,99855,100,100391,100,99763,100,100469,100,99683,100,100497,100,99588,100,100500,100,99444,100
2019-06-28 09:53:40.000000000,100233,220,100117,220,100256,220,100115,220,100293,220,100066,220,100331,220,99985,320,100334,100,99950,100,100348,100,99855,100,100391,100,99763,100,100469,100,99683,100,100497,100,99588,100,100500,100,99444,100
2019-06-28 09:53:50.000000000,100233,580,100117,580,100256,100,100115,100,100293,100,100066,100,100331,100,99985,200,100334,100,99950,100,100348,100,99855,100,100391,100,99763,100,100469,100,99683,100,100497,100,99588,100,100500,100,99444,100
2019-06-28 09:54:00.000000000,100233,580,100117,580,100256,100,100115,100,100293,100,100066,100,100331,100,99985,200,100334,100,99950,100,100348,100,99855,100,100391,100,99763,100,100469,100,99683,100,100497,100,99588,100,100500,100,99444,100
2019-06-28 09:54:10.000000000,100233,580,100117,580,100256,100,100115,100,100293,100,100066,100,100331,100,99985,200,100334,100,99950,100,100348,100,99855,100,100391,100,99763,100,100469,100,99683,100,100497,100,99588,100,100500,100,99444,100
2019-06-28 09:54:20.000000000,100233,263,100117,263,100256,258,100115,258,100293,258,100066,258,100331,100,99985,200,100334,100,99950,100,100348,100,99855,100,100391,100,99763,100,100469,100,99683,100,100497,100,99588,100,100500,100,99444,100
2019-06-28 09:54:30.000000000,100233,196,100117,196,100256,196,100115,196,100293,196,100066,196,100331,196,99985,296,100334,196,99950,196,100348,100,99855,100,100391,100,99763,100,100469,100,99683,100,100497,100,99588,100,100500,100,99444,100
2019-06-28 09:54:34.819426081,100233,196,100117,196,100256,196,100115,196,100293,196,100066,196,100331,196,99985,296,100334,196,99950,196,100348,100,99855,100,100391,100,99763,100,100469,100,99683,100,100497,100,99588,100,100500,100,99444,100
2019-06-28 09:54:37.210048759,100233,196,100117,96,100256,196,100115,196,100293,196,100066,196,100331,196,99985,296,100334,196,99950,196,100348,100,99855,100,100391,100,99763,100,100469,100,99683,100,100497,100,99588,100,100500,100,99444,100
2019-06-28 09:54:40.000000000,100233,196,100115,196,100256,196,100066,196,100293,196,99985,296,100331,196,99950,196,100334,196,99855,196,100348,100,99763,100,100391,100,99683,100,100469,100,99588,100,100497,100,99444,100,100500,100,99306,100
2019-06-28 09:54:48.451988167,100233,196,100115,96,100256,196,100066,196,100293,196,99985,296,100331,196,99950,196,100334,196,99855,196,100348,100,99683,100,100391,100,99588,100,100469,100,99444,100,100497,100,99306,100,100500,100,99246,100
2019-06-28 09:54:50.000000000,100233,263,100066,263,100256,258,99985,358,100293,258,99950,258,100331,100,99855,100,100334,100,99683,100,100348,100,99588,100,100391,100,99444,100,100469,100,99306,100,100497,100,99246,100,100500,100,99165,100
2019-06-28 09:54:55.130315388,100233,263,100066,163,100256,258,99985,358,100293,258,99950,258,100334,100,99855,100,100348,100,99683,100,100391,100,99588,100,100469,100,99444,100,100497,100,99306,100,100500,100,99246,100,100513,100,99165,100
2019-06-28 09:55:00.000000000,100233,196,99985,296,100256,196,99950,196,100293,196,99855,196,100334,196,99683,196,100348,196,99588,196,100391,100,99444,100,100469,100,99306,100,100497,100,99246,100,100500,100,99165,100,100513,100,99139,100
2019-06-28 09:55:10.000000000,100233,340,99985,440,100256,340,99950,340,100293,100,99855,100,100334,100,99683,100,100348,100,99588,100,100391,100,99444,100,100469,100,99306,100,100497,100,99246,100,100500,100,99165,100,100513,100,99139,100
2019-06-28 09:55:20.000000000,100233,340,99985,440,100256,340,99950,340,100293,100,99855,100,100334,100,99683,100,100348,100,99588,100,100391,100,99444,100,100469,100,99306,100,100497,100,99246,100,100500,100,99165,100,100513,100,99139,100
2019-06-28 09:55:30.000000000,100233,340,99985,440,100256,340,99950,340,100293,100,99855,100,100334,100,99683,100,100348,100,99588,100,100391,100,99444,100,100469,100,99306,100,100497,100,99246,100,100500,100,99165,100,100513,100,99139,100
2019-06-28 09:55:34.261972955,100233,340,99985,440,100256,340,99950,340,100293,100,99855,100,100334,100,99683,100,100348,100,99588,100,100391,100,99444,100,100469,100,99306,100,100497,100,99246,100,100500,100,99165,100,100513,100,99139,100
2019-06-28 09:55:40.000000000,100233,220,99985,320,100256,220,99950,220,100293,220,99855,220,100334,220,99683,220,100348,100,99588,100,100391,100,99444,100,100469,100,99306,100,100497,100,99246,100,100500,100,99165,100,100513,100,99139,100
2019-06-28 09:55:40.643443944,100115,100,99985,320,100233,220,99950,220,100256,220,99855,220,100293,220,99683,220,100334,220,99588,100,100348,100,99444,100,100391,100,99306,100,100469,100,99246,100,100497,100,99165,100,100500,100,99139,100
2019-06-28 09:55:50.000000000,100115,580,99985,680,100233,100,99950,100,100256,100,99855,100,100293,100,99683,100,100334,100,99588,100,100348,100,99444,100,100391,100,99306,100,100469,100,99246,100,100497,100,99165,100,100500,100,99139,100
2019-06-28 09:55:58.858284104,100115,680,99985,680,100233,100,99950,100,100256,100,99855,100,100293,100,99683,100,100334,100,99588,100,100348,100,99444,100,100391,100,99306,100,100469,100,99246,100,100497,100,99165,100,100500,100,99139,100
2019-06-28 09:56:00.000000000,100115,320,99985,320,100233,220,99950,220,100256,220,99855,220,100293,220,99683,220,100334,100,99588,100,100348,100,99444,100,100391,100,99306,100,100469,100,99246,100,100497,100,99165,100,100500,100,99139,100
2019-06-28 09:56:10.000000000,100115,363,99985,363,100233,258,99950,258,100256,258,99855,258,100293,100,99683,100,100334,100,99588,100,100348,100,99444,100,100391,100,99306,100,100469,100,99246,100,100497,100,99165,100,100500,100,99139,100
2019-06-28 09:56:16.440909697,100115,363,99985,263,100233,258,99950,258,100256,258,99855,258,100293,100,99683,100,100334,100,99588,100,100348,100,99444,100,100391,100,99306,100,100469,100,99246,100,100497,100,99165,100,100500,100,99139,100
2019-06-28 09:56:20.000000000,100115,363,99985,263,100233,258,99950,258,100256,258,99855,258,100293,100,99683,100,100334,100,99588,100,100348,100,99444,100,100391,100,99306,100,100469,100,99246,100,100497,100,99165,100,100500,100,99139,100
2019-06-28 09:56:30.000000000,100115,296,99985,196,100233,196,99950,196,100256,196,99855,196,100293,196,99683,196,100334,196,99588,196,100348,100,99444,100,100391,100,99306,100,100469,100,99246,100,100497,100,99165,100,100500,100,99139,100
2019-06-28 09:56:40.000000000,100115,440,99985,340,100233,340,99950,340,100256,100,99855,100,100293,100,99683,100,100334,100,99588,100,100348,100,99444,100,100391,100,99306,100,100469,100,99246,100,100497,100,99165,100,100500,100,99139,100
2019-06-28 09:56:50.000000000,100115,320,99985,220,100233,220,99950,220,100256,220,99855,220,100293,220,99683,220,100334,100,99588,100,100348,100,99444,100,100391,100,99306,100,100469,100,99246,100,100497,100,99165,100,100500,100,99139,100
2019-06-28 09:57:00.000000000,100115,440,99985,340,100233,340,99950,340,100256,100,99855,100,100293,100,99683,100,100334,100,99588,100,100348,100,99444,100,100391,100,99306,100,100469,100,99246,100,100497,100,99165,100,100500,100,99139,100
2019-06-28 09:57:00.555420797,100115,440,99985,340,100233,340,99950,340,100256,100,99855,100,100293,100,99683,100,100334,100,99588,100,100348,100,99444,100,100391,100,99306,100,100469,100,99246,100,100497,100,99165,100,100513,100,99139,100
2019-06-28 09:57:10.000000000,100115,440,99985,340,100233,340,99950,340,100256,100,99855,100,100293,100,99683,100,100334,100,99588,100,100348,100,99444,100,100391,100,99306,100,100469,100,99246,100,100497,100,99165,100,100513,100,99139,100
2019-06-28 09:57:20.000000000,100115,440,99985,340,100233,340,99950,340,100256,100,99855,100,100293,100,99683,100,100334,100,99588,100,100348,100,99444,100,100391,100,99306,100,100469,100,99246,100,100497,100,99165,100,100513,100,99139,100
2019-06-28 09:57:30.000000000,100115,363,99985,263,100233,258,99950,258,100256,258,99855,258,100293,100,99683,100,100334,100,99588,100,100348,100,99444,100,100391,100,99306,100,100469,100,99246,100,100497,100,99165,100,100513,100,99139,100
2019-06-28 09:57:37.970191514,100115,363,99985,163,100233,258,99950,258,100256,258,99855,258,100293,100,99683,100,100334,100,99588,100,100348,100,99444,100,100391,100,99306,100,100469,100,99246,100,100497,100,99165,100,100513,100,99139,100
2019-06-28 09:57:39.552044452,100115,363,99985,163,100233,258,99950,258,100256,258,99855,258,100293,100,99683,100,100334,100,99588,100,100348,100,99444,100,100391,100,99306,100,100469,100,99246,100,100497,100,99165,100,100513,100,99139,100
2019-06-28 09:57:40.000000000,100115,363,99950,263,100233,258,99855,258,100256,258,99683,258,100293,100,99588,100,100334,100,99444,100,100348,100,99306,100,100391,100,99246,100,100469,100,99165,100,100497,100,99139,100,100513,100,98933,100
2019-06-28 09:57:50.000000000,100115,296,99950,196,100233,196,99855,196,100256,196,99683,196,100293,196,99588,196,100334,196,99444,196,100348,100,99306,100,100391,100,99246,100,100469,100,99165,100,100497,100,99139,100,100513,100,98933,100
2019-06-28 09:58:00.000000000,100115,440,99950,340,100233,340,99855,340,100256,100,99683,100,100293,100,99588,100,100334,100,99444,100,100348,100,99306,100,100391,100,99246,100,100469,100,99165,100,100497,100,99139,100,100513,100,98933,100
2019-06-28 09:58:10.000000000,100115,320,99950,220,100233,220,99855,220,100256,220,99683,220,100293,220,99588,220,100334,100,99444,100,100348,100,99306,100,100391,100,99246,100,100469,100,99165,100,100497,100,99139,100,100513,100,98933,100
2019-06-28 09:58:20.000000000,100115,296,99950,196,100233,196,99855,196,100256,196,99683,196,100293,196,99588,196,100334,196,99444,196,100348,100,99306,100,100391,100,99246,100,100469,100,99165,100,100497,100,99139,100,100513,100,98933,100
2019-06-28 09:58:30.000000000,100115,363,99950,263,100233,258,99855,258,100256,258,99683,258,100293,100,99588,100,100334,100,99444,100,100348,100,99306,100,100391,100,99246,100,100469,100,99165,100,100497,100,99139,100,100513,100,98933,100
2019-06-28 09:58:40.000000000,100115,320,99950,220,100233,220,99855,220,100256,220,99683,220,100293,220,99588,220,100334,100,99444,100,100348,100,99306,100,100391,100,99246,100,100469,100,99165,100,100497,100,99139,100,100513,100,98933,100
2019-06-28 09:58:50.000000000,100115,680,99950,580,100233,100,99855,100,100256,100,99683,100,100293,100,99588,100,100334,100,99444,100,100348,100,99306,100,100391,100,99246,100,100469,100,99165,100,100497,100,99139,100,100513,100,98933,100
2019-06-28 09:58:51.507173666,100115,680,99950,580,100256,100,99855,100,100293,100,99683,100,100334,100,99588,100,100348,100,99444,100,100391,100,99306,100,100469,100,99246,100,100497,100,99165,100,100513,100,99139,100,100613,100,98933,100
2019-06-28 09:59:00.000000000,100115,296,99950,196,100256,196,99855,196,100293,196,99683,196,100334,196,99588,196,100348,196,99444,196,100391,100,99306,100,100469,100,99246,100,100497,100,99165,100,100513,100,99139,100,100613,100,98933,100
2019-06-28 09:59:10.000000000,100115,440,99950,340,100256,340,99855,340,100293,100,99683,100,100334,100,99588,100,100348,100,99444,100,100391,100,99306,100,100469,100,99246,100,100497,100,99165,100,100513,100,99139,100,100613,100,98933,100
2019-06-28 09:59:19.961682993,100115,440,99950,340,100256,340,99855,340,100293,100,99683,100,100334,100,99588,100,100348,100,99444,100,100391,100,99306,100,100469,100,99246,100,100497,100,99165,100,100513,100,99139,100,100613,100,98933,100
2019-06-28 09:59:20.000000000,100115,296,99950,196,100256,196,99855,196,100293,196,99683,196,100334,196,99588,196,100348,196,99444,196,100391,100,99306,100,100469,100,99246,100,100497,100,99165,100,100513,100,99139,100,100613,100,98933,100
2019-06-28 09:59:30.000000000,100115,680,99950,580,100256,100,99855,100,100293,100,99683,100,100334,100,99588,100,100348,100,99444,100,100391,100,99306,100,100469,100,99246,100,100497,100,99165,100,100513,100,99139,100,100613,100,98933,100
2019-06-28 09:59:38.286598466,100115,680,99950,480,100256,100,99855,100,100293,100,99683,100,100334,100,99588,100,100348,100,99444,100,100391,100,99306,100,100469,100,99246,100,100497,100,99165,100,100513,100,99139,100,100613,100,98933,100
2019-06-28 09:59:40.000000000,100115,680,99855,580,100256,100,99683,100,100293,100,99588,100,100334,100,99444,100,100348,100,99306,100,100391,100,99246,100,100469,100,99165,100,100497,100,99139,100,100513,100,98933,100,100613,100,98741,100
2019-06-28 09:59:50.000000000,100115,440,99855,340,100256,340,99683,340,100293,100,99588,100,100334,100,99444,100,100348,100,99306,100,100391,100,99246,100,100469,100,99165,100,100497,100,99139,100,100513,100,98933,100,100613,100,98741,100
2019-06-28 09:59:58.922399723,100115,440,99855,340,100256,340,99683,340,100293,100,99588,100,100334,100,99444,100,100348,100,99328,100,100391,100,99306,100,100469,100,99246,100,100497,100,99165,100,100513,100,99139,100,100613,100,98933,100
2019-06-28 10:00:00.000000000,100115,680,99855,580,100256,100,99683,100,100293,100,99588,100,100334,100,99444,100,100348,100,99328,100,100391,100,99306,100,100469,100,99246,100,100497,100,99165,100,100513,100,99139,100,100613,100,98933,100
2019-06-28 10:00:10.000000000,100115,320,99855,220,100256,220,99683,220,100293,220,99588,220,100334,220,99444,220,100348,100,99328,100,100391,100,99306,100,100469,100,99246,100,100497,100,99165,100,100513,100,99139,100,100613,100,98933,100
2019-06-28 10:00:16.851590300,100115,220,99855,220,100256,220,99683,220,100293,220,99588,220,100334,220,99444,220,100348,100,99328,100,100391,100,99306,100,100469,100,99246,100,100497,100,99165,100,100513,100,99139,100,100613,100,98933,100
2019-06-28 10:00:20.000000000,100115,580,99855,580,100256,100,99683,100,100293,100,99588,100,100334,100,99444,100,100348,100,99328,100,100391,100,99306,100,100469,100,99246,100,100497,100,99165,100,100513,100,99139,100,100613,100,98933,100
2019-06-28 10:00:20.580054430,99985,100,99855,580,100115,580,99683,100,100256,100,99588,100,100293,100,99444,100,100334,100,99328,100,100348,100,99306,100,100391,100,99246,100,100469,100,99165,100,100497,100,99139,100,100513,100,98933,100
2019-06-28 10:00:30.000000000,99985,580,99855,580,100115,100,99683,100,100256,100,99588,100,100293,100,99444,100,100334,100,99328,100,100348,100,99306,100,100391,100,99246,100,100469,100,99165,100,100497,100,99139,100,100513,100,98933,100
2019-06-28 10:00:38.614899802,99985,580,99855,480,100115,100,99683,100,100256,100,99588,100,100293,100,99444,100,100334,100,99328,100,100348,100,99306,100,100391,100,99246,100,100469,100,99165,100,100497,100,99139,100,100513,100,99074,100
2019-06-28 10:00:39.945226536,99985,580,99855,380,100115,100,99683,100,100256,100,99588,100,100293,100,99444,100,100334,100,99328,100,100348,100,99306,100,100391,100,99246,100,100469,100,99165,100,100497,100,99139,100,100513,100,99074,100
2019-06-28 10:00:40.000000000,99985,220,99683,220,100115,220,99588,220,100256,220,99444,220,100293,220,99328,220,100334,100,99306,100,100348,100,99246,100,100391,100,99165,100,100469,100,99139,100,100497,100,99074,100,100513,100,98933,100
2019-06-28 10:00:45.793909586,99985,220,99683,120,100115,220,99588,220,100256,220,99444,220,100293,220,99328,220,100334,100,99306,100,100348,100,99246,100,100391,100,99165,100,100469,100,99139,100,100497,100,99074,100,100513,100,98933,100
2019-06-28 10:00:50.000000000,99985,580,99588,580,100115,100,99444,100,100256,100,99328,100,100293,100,99306,100,100334,100,99246,100,100348,100,99165,100,100391,100,99139,100,100469,100,99074,100,100497,100,98933,100,100513,100,98741,100
2019-06-28 10:00:53.648754845,99985,580,99588,480,100115,100,99444,100,100256,100,99328,100,100293,100,99306,100,100334,100,99246,100,100348,100,99165,100,100391,100,99139,100,100469,100,99074,100,100497,100,98933,100,100513,100,98741,100
2019-06-28 10:00:59.684862654,99985,580,99588,480,100115,100,99444,100,100256,100,99328,100,100334,100,99306,100,100348,100,99246,100,100391,100,99165,100,100469,100,99139,100,100497,100,99074,100,100513,100,98953,100,100613,100,98933,100
2019-06-28 10:01:00.000000000,99985,340,99444,340,100115,340,99328,340,100256,100,99306,100,100334,100,99246,100,100348,100,99165,100,100391,100,99139,100,100469,100,99074,100,100497,100,98953,100,100513,100,98933,100,100613,100,98741,100
2019-06-28 10:01:08.820084053,99985,340,99444,240,100115,340,99328,340,100256,100,99306,100,100334,100,99246,100,100348,100,99165,100,100391,100,99139,100,100469,100,99074,100,100497,100,98953,100,100513,100,98933,100,100613,100,98741,100
2019-06-28 10:01:10.000000000,99985,580,99328,580,100115,100,99306,100,100256,100,99246,100,100334,100,99165,100,100348,100,99139,100,100391,100,99074,100,100469,100,98953,100,100497,100,98933,100,100513,100,98741,100,100613,100,98723,100
2019-06-28 10:01:17.525801101,99985,580,99328,480,100115,100,99306,100,100256,100,99246,100,100334,100,99165,100,100348,100,99139,100,100391,100,99074,100,100469,100,98953,100,100497,100,98933,100,100613,100,98741,100,100711,100,98723,100
2019-06-28 10:01:20.000000000,99985,580,99306,580,100115,100,99246,100,100256,100,99165,100,100334,100,99139,100,100348,100,99074,100,100391,100,98953,100,100469,100,98933,100,100497,100,98741,100,100613,100,98723,100,100711,100,98710,100
2019-06-28 10:01:30.000000000,99985,196,99306,196,100115,196,99246,196,100256,196,99165,196,100334,196,99139,196,100348,196,99074,196,100391,100,98953,100,100469,100,98933,100,100497,100,98741,100,100613,100,98723,100,100711,100,98710,100
2019-06-28 10:01:40.000000000,99985,263,99306,263,100115,258,99246,258,100256,258,99165,258,100334,100,99139,100,100348,100,99074,100,100391,100,98953,100,100469,100,98933,100,100497,100,98741,100,100613,100,98723,100,100711,100,98710,100
2019-06-28 10:01:50.000000000,99985,196,99306,196,100115,196,99246,196,100256,196,99165,196,100334,196,99139,196,100348,196,99074,196,100391,100,98953,100,100469,100,98933,100,100497,100,98741,100,100613,100,98723,100,100711,100,98710,100
2019-06-28 10:01:53.460380098,99985,196,99306,96,100115,196,99246,196,100256,196,99165,196,100334,196,99139,196,100348,196,99074,196,100391,100,98953,100,100469,100,98933,100,100497,100,98741,100,100613,100,98723,100,100711,100,98710,100
2019-06-28 10:02:00.000000000,99985,580,99246,580,100115,100,99165,100,100256,100,99139,100,100334,100,99074,100,100348,100,98953,100,100391,100,98933,100,100469,100,98741,100,100497,100,98723,100,100613,100,98710,100,100711,100,,
2019-06-28 10:02:01.850377705,99985,580,99246,380,100115,100,99165,100,100256,100,99139,100,100334,100,99074,100,100348,100,98953,100,100391,100,98933,100,100469,100,98741,100,100497,100,98723,100,100613,100,98710,100,100711,100,,
2019-06-28 10:02:10.000000000,99985,196,99165,196,100115,196,99139,196,100256,196,99074,196,100334,196,98953,196,100348,196,98933,196,100391,100,98741,100,100469,100,98723,100,100497,100,98710,100,100613,100,,,100711,100,,
2019-06-28 10:02:20.000000000,99985,580,99165,580,100115,100,99139,100,100256,100,99074,100,100334,100,98953,100,100348,100,98933,100,100391,100,98741,100,100469,100,98723,100,100497,100,98710,100,100613,100,,,100711,100,,
2019-06-28 10:02:30.000000000,99985,196,99165,196,100115,196,99139,196,100256,196,99074,196,100334,196,98953,196,100348,196,98933,196,100391,100,98741,100,100469,100,98723,100,100497,100,98710,100,100613,100,,,100711,100,,
2019-06-28 10:02:31.187280204,99985,196,99165,196,100115,196,99139,196,100256,96,99074,196,100334,196,98953,196,100348,196,98933,196,100391,100,98917,100,100469,100,98741,100,100497,100,98723,100,100613,100,98710,100,100711,100,,
2019-06-28 10:02:40.000000000,99985,263,99165,263,100115,258,99139,258,100334,258,99074,258,100348,100,98953,100,100391,100,98933,100,100469,100,98917,100,100497,100,98741,100,100613,100,98723,100,100711,100,98710,100,100928,100,,
2019-06-28 10:02:43.390244577,99985,263,99165,163,100115,258,99139,258,100334,258,99074,258,100348,100,98953,100,100391,100,98933,100,100469,100,98917,100,100497,100,98741,100,100613,100,98723,100,100711,100,98710,100,100928,100,,
2019-06-28 10:02:45.469002709,99285,100,99165,163,99985,263,99139,258,100115,258,99074,258,100334,258,98953,100,100348,100,98933,100,100391,100,98917,100,100469,100,98741,100,100497,100,98723,100,100613,100,98710,100,100711,100,,
2019-06-28 10:02:50.000000000,99285,340,99139,340,99985,340,99074,340,100115,100,98953,100,100334,100,98933,100,100348,100,98917,100,100391,100,98741,100,100469,100,98723,100,100497,100,98710,100,100613,100,,,100711,100,,
2019-06-28 10:03:00.000000000,99285,580,99139,580,99985,100,99074,100,100115,100,98953,100,100334,100,98933,100,100348,100,98917,100,100391,100,98741,100,100469,100,98723,100,100497,100,98710,100,100613,100,,,100711,100,,
2019-06-28 10:03:10.000000000,99285,263,99139,263,99985,258,99074,258,100115,258,98953,258,100334,100,98933,100,100348,100,98917,100,100391,100,98741,100,100469,100,98723,100,100497,100,98710,100,100613,100,,,100711,100,,
2019-06-28 10:03:20.000000000,99285,196,99139,196,99985,196,99074,196,100115,196,98953,196,100334,196,98933,196,100348,196,98917,196,100391,100,98741,100,100469,100,98723,100,100497,100,98710,100,100613,100,,,100711,100,,
2019-06-28 10:03:23.847976831,99285,96,99139,196,99985,196,99074,196,100115,196,98953,196,100334,196,98933,196,100348,196,98917,196,100391,100,98741,100,100469,100,98723,100,100497,100,98710,100,100613,100,,,100711,100,,
2019-06-28 10:03:30.000000000,99985,220,99139,220,100115,220,99074,220,100334,220,98953,220,100348,220,98933,220,100391,100,98917,100,100469,100,98741,100,100497,100,98723,100,100613,100,98710,100,100711,100,,,100928,100,,
2019-06-28 10:03:33.970297280,99985,120,99166,100,100115,220,99139,220,100334,220,99074,220,100348,220,98953,220,100391,100,98933,220,100469,100,98917,100,100497,100,98741,100,100613,100,98723,100,100711,100,98710,100,100928,100,,
2019-06-28 10:03:40.000000000,100115,220,99166,220,100334,220,99139,220,100348,220,99074,220,100391,220,98953,220,100469,100,98933,100,100497,100,98917,100,100613,100,98741,100,100711,100,98723,100,100928,100,98710,100,100994,100,,
2019-06-28 10:03:40.966171101,99384,100,99166,220,100115,220,99139,220,100334,220,99074,220,100348,220,98953,220,100391,220,98933,100,100469,100,98917,100,100497,100,98741,100,100613,100,98723,100,100711,100,98710,100,100928,100,,
2019-06-28 10:03:46.006526407,99384,100,99166,220,99636,100,99139,220,100115,220,99074,220,100334,220,98953,220,100348,220,98933,100,100391,220,98917,100,100469,100,98741,100,100497,100,98723,100,100613,100,98710,100,100711,100,,
2019-06-28 10:03:50.000000000,99384,220,99166,220,99636,220,99139,220,100115,220,99074,220,100334,220,98953,220,100348,100,98933,100,100391,100,98917,100,100469,100,98741,100,100497,100,98723,100,100613,100,98710,100,100711,100,,
2019-06-28 10:04:00.000000000,99384,340,99166,340,99636,340,99139,340,100115,100,99074,100,100334,100,98953,100,100348,100,98933,100,100391,100,98917,100,100469,100,98741,100,100497,100,98723,100,100613,100,98710,100,100711,100,,
2019-06-28 10:04:05.865450267,99384,340,99166,440,99636,340,99139,340,100115,100,99074,100,100334,100,98953,100,100348,100,98933,100,100391,100,98917,100,100469,100,98741,100,100497,100,98723,100,100613,100,98710,100,100711,100,,
2019-06-28 10:04:10.000000000,99384,580,99166,680,99636,100,99139,100,100115,100,99074,100,100334,100,98953,100,100348,100,98933,100,100391,100,98917,100,100469,100,98741,100,100497,100,98723,100,100613,100,98710,100,100711,100,,
2019-06-28 10:04:20.000000000,99384,196,99166,296,99636,196,99139,196,100115,196,99074,196,100334,196,98953,196,100348,196,98933,196,100391,100,98917,100,100469,100,98741,100,100497,100,98723,100,100613,100,98710,100,100711,100,,
2019-06-28 10:04:30.000000000,99384,580,99166,680,99636,100,99139,100,100115,100,99074,100,100334,100,98953,100,100348,100,98933,100,100391,100,98917,100,100469,100,98741,100,100497,100,98723,100,100613,100,98710,100,100711,100,,
2019-06-28 10:04:40.000000000,99384,196,99166,296,99636,196,99139,196,100115,196,99074,196,100334,196,98953,196,100348,196,98933,196,100391,100,98917,100,100469,100,98741,100,100497,100,98723,100,100613,100,98710,100,100711,100,,
2019-06-28 10:04:50.000000000,99384,580,99166,680,99636,100,99139,100,100115,100,99074,100,100334,100,98953,100,100348,100,98933,100,100391,100,98917,100,100469,100,98741,100,100497,100,98723,100,100613,100,98710,100,100711,100,,
2019-06-28 10:04:51.317360268,99384,580,99166,680,99636,100,99139,100,100115,100,99074,100,100199,100,98953,100,100334,100,98933,100,100348,100,98917,100,100391,100,98741,100,100469,100,98723,100,100497,100,98710,100,100613,100,,
2019-06-28 10:05:00.000000000,99384,196,99166,296,99636,196,99139,196,100115,196,99074,196,100199,196,98953,196,100334,196,98933,196,100348,100,98917,100,100391,100,98741,100,100469,100,98723,100,100497,100,98710,100,100613,100,,
2019-06-28 10:05:10.000000000,99384,263,99166,363,99636,258,99139,258,100115,258,99074,258,100199,100,98953,100,100334,100,98933,100,100348,100,98917,100,100391,100,98741,100,100469,100,98723,100,100497,100,98710,100,100613,100,,
2019-06-28 10:05:15.849841251,99384,163,99166,363,99636,258,99139,258,100115,258,99074,258,100199,100,98953,100,100334,100,98933,100,100348,100,98917,100,100391,100,98741,100,100469,100,98723,100,100497,100,98710,100,100613,100,,
2019-06-28 10:05:20.000000000,99636,196,99166,296,100115,196,99139,196,100199,196,99074,196,100334,196,98953,196,100348,196,98933,196,100391,100,98917,100,100469,100,98741,100,100497,100,98723,100,100613,100,98710,100,100711,100,,
2019-06-28 10:05:25.038349165,99636,196,99166,296,100115,196,99139,196,100186,100,99074,196,100199,196,98953,196,100334,196,98933,196,100348,196,98917,100,100391,100,98741,100,100497,100,98723,100,100613,100,98710,100,100711,100,,
2019-06-28 10:05:30.000000000,99636,196,99166,296,100115,196,99139,196,100186,196,99074,196,100199,196,98953,196,100334,196,98933,196,100348,100,98917,100,100391,100,98741,100,100497,100,98723,100,100613,100,98710,100,100711,100,,
2019-06-28 10:05:37.677069184,99636,196,99285,100,100115,196,99166,296,100186,196,99139,196,100199,196,99074,196,100334,196,98953,196,100348,100,98933,196,100391,100,98917,100,100497,100,98741,100,100613,100,98723,100,100711,100,98710,100
2019-06-28 10:05:40.000000000,99636,196,99285,196,100115,196,99166,296,100186,196,99139,196,100199,196,99074,196,100334,196,98953,196,100348,100,98933,100,100391,100,98917,100,100497,100,98741,100,100613,100,98723,100,100711,100,98710,100
2019-06-28 10:05:50.000000000,99636,263,99285,263,100115,258,99166,358,100186,258,99139,258,100199,100,99074,100,100334,100,98953,100,100348,100,98933,100,100391,100,98917,100,100497,100,98741,100,100613,100,98723,100,100711,100,98710,100
2019-06-28 10:06:00.000000000,99636,220,99285,220,100115,220,99166,320,100186,220,99139,220,100199,220,99074,220,100334,100,98953,100,100348,100,98933,100,100391,100,98917,100,100497,100,98741,100,100613,100,98723,100,100711,100,98710,100
2019-06-28 10:06:10.000000000,99636,263,99285,263,100115,258,99166,358,100186,258,99139,258,100199,100,99074,100,100334,100,98953,100,100348,100,98933,100,100391,100,98917,100,100497,100,98741,100,100613,100,98723,100,100711,100,98710,100
2019-06-28 10:06:10.062551459,99636,163,99285,263,100115,258,99166,358,100186,258,99139,258,100199,100,99074,100,100334,100,98953,100,100348,100,98933,100,100391,100,98917,100,100497,100,98741,100,100613,100,98723,100,100711,100,98710,100
2019-06-28 10:06:11.032508793,99636,163,99285,263,100115,258,99166,358,100151,100,99139,258,100186,258,99074,100,100199,100,98953,100,100334,100,98933,100,100348,100,98917,100,100391,100,98741,100,100497,100,98723,100,100613,100,98710,100
2019-06-28 10:06:12.348142644,99636,163,99285,263,100115,258,99166,358,100151,100,99139,258,100186,258,99074,100,100199,100,98933,100,100334,100,98917,100,100340,100,98741,100,100348,100,98723,100,100391,100,98710,100,100497,100,,
2019-06-28 10:06:20.000000000,100115,580,99285,580,100151,100,99166,200,100186,100,99139,100,100199,100,99074,100,100334,100,98933,100,100340,100,98917,100,100348,100,98741,100,100391,100,98723,100,100497,100,98710,100,100613,100,,
2019-06-28 10:06:30.000000000,100115,220,99285,220,100151,220,99166,320,100186,220,99139,220,100199,220,99074,220,100334,100,98933,100,100340,100,98917,100,100348,100,98741,100,100391,100,98723,100,100497,100,98710,100,100613,100,,
2019-06-28 10:06:40.000000000,100115,580,99285,580,100151,100,99166,200,100186,100,99139,100,100199,100,99074,100,100334,100,98933,100,100340,100,98917,100,100348,100,98741,100,100391,100,98723,100,100497,100,98710,100,100613,100,,
2019-06-28 10:06:48.877115698,100115,580,99285,580,100151,100,99166,200,100199,100,99139,100,100295,100,99074,100,100334,100,98933,100,100340,100,98917,100,100348,100,98741,100,100391,100,98723,100,100497,100,98710,100,100613,100,,
2019-06-28 10:06:50.000000000,100115,263,99285,263,100151,258,99166,358,100199,258,99139,258,100295,100,99074,100,100334,100,98933,100,100340,100,98917,100,100348,100,98741,100,100391,100,98723,100,100497,100,98710,100,100613,100,,
2019-06-28 10:07:00.000000000,100115,263,99285,263,100151,258,99166,358,100199,258,99139,258,100295,100,99074,100,100334,100,98933,100,100340,100,98917,100,100348,100,98741,100,100391,100,98723,100,100497,100,98710,100,100613,100,,
2019-06-28 10:07:06.042192748,100115,263,99285,263,100151,258,99166,258,100199,258,99139,258,100295,100,99074,100,100334,100,98933,100,100340,100,98917,100,100348,100,98741,100,100391,100,98723,100,100497,100,98710,100,100613,100,,
2019-06-28 10:07:10.000000000,100115,340,99285,340,100151,340,99166,340,100199,100,99139,100,100295,100,99074,100,100334,100,98933,100,100340,100,98917,100,100348,100,98741,100,100391,100,98723,100,100497,100,98710,100,100613,100,,
2019-06-28 10:07:20.000000000,100115,263,99285,263,100151,258,99166,258,100199,258,99139,258,100295,100,99074,100,100334,100,98933,100,100340,100,98917,100,100348,100,98741,100,100391,100,98723,100,100497,100,98710,100,100613,100,,
2019-06-28 10:07:30.000000000,100115,220,99285,220,100151,220,99166,220,100199,220,99139,220,100295,220,99074,220,100334,100,98933,100,100340,100,98917,100,100348,100,98741,100,100391,100,98723,100,100497,100,98710,100,100613,100,,
2019-06-28 10:07:33.657495232,100115,220,99285,220,100151,220,99166,220,100199,220,99139,220,100295,220,99074,220,100334,100,98933,100,100340,100,98917,100,100348,100,98741,100,100391,100,98723,100,100497,100,98710,100,100536,100,,
2019-06-28 10:07:37.662929389,100115,120,99285,220,100151,220,99166,220,100199,220,99139,220,100295,220,99074,220,100334,100,98933,100,100340,100,98917,100,100348,100,98741,100,100391,100,98723,100,100497,100,98710,100,100536,100,,
2019-06-28 10:07:40.000000000,100151,196,99285,196,100199,196,99166,196,100295,196,99139,196,100334,196,99074,196,100340,196,98933,196,100348,100,98917,100,100391,100,98741,100,100497,100,98723,100,100536,100,98710,100,100613,100,,
2019-06-28 10:07:50.000000000,100151,196,99285,196,100199,196,99166,196,100295,196,99139,196,100334,196,99074,196,100340,196,98933,196,100348,100,98917,100,100391,100,98741,100,100497,100,98723,100,100536,100,98710,100,100613,100,,
2019-06-28 10:07:50.141990766,100151,196,99285,196,100199,196,99166,196,100295,196,99139,196,100334,196,99074,196,100340,196,98933,196,100348,100,98917,100,100391,100,98741,100,100497,100,98723,100,100536,100,98710,100,100553,100,,
2019-06-28 10:08:00.000000000,100151,220,99285,220,100199,220,99166,220,100295,220,99139,220,100334,220,99074,220,100340,100,98933,100,100348,100,98917,100,100391,100,98741,100,100497,100,98723,100,100536,100,98710,100,100553,100,,
2019-06-28 10:08:10.000000000,100151,340,99285,340,100199,340,99166,340,100295,100,99139,100,100334,100,99074,100,100340,100,98933,100,100348,100,98917,100,100391,100,98741,100,100497,100,98723,100,100536,100,98710,100,100553,100,,
