,ask_price_1,ask_size_1,bid_price_1,bid_size_1,ask_price_2,ask_size_2,bid_price_2,bid_size_2,ask_price_3,ask_size_3,bid_price_3,bid_size_3,ask_price_4,ask_size_4,bid_price_4,bid_size_4,ask_price_5,ask_size_5,bid_price_5,bid_size_5,ask_price_6,ask_size_6,bid_price_6,bid_size_6,ask_price_7,ask_size_7,bid_price_7,bid_size_7,ask_price_8,ask_size_8,bid_price_8,bid_size_8,ask_price_9,ask_size_9,bid_price_9,bid_size_9,ask_price_10,ask_size_10,bid_price_10,bid_size_10
2019-06-28 09:30:00.000000000,,,99940,100,,,,,,,,,,,,,,,,,,,,,,,,,,,,,,,,,,,,
2019-06-28 09:30:00.000000005,100107,100,99940,100,,,,,,,,,,,,,,,,,,,,,,,,,,,,,,,,,,,,
2019-06-28 09:30:00.000000007,100037,100,99940,100,100107,100,,,,,,,,,,,,,,,,,,,,,,,,,,,,,,,,,,
2019-06-28 09:30:00.000000008,99979,100,99940,100,100037,100,99854,100,100107,100,,,,,,,,,,,,,,,,,,,,,,,,,,,,,,
2019-06-28 09:30:00.000000012,99979,100,99941,100,100037,100,99940,100,100107,100,99854,100,,,,,,,,,,,,,,,,,,,,,,,,,,,,
2019-06-28 09:30:00.000000015,99979,100,99941,100,100009,100,99940,100,100037,100,99854,100,100107,100,,,100181,100,,,,,,,,,,,,,,,,,,,,,,
2019-06-28 09:30:00.000000016,99979,100,99941,100,100009,100,99940,100,100037,100,99854,100,100068,100,,,100107,100,,,100181,100,,,,,,,,,,,,,,,,,,
2019-06-28 09:30:00.000000018,99974,100,99941,100,99979,100,99940,100,100009,100,99854,100,100037,100,,,100068,100,,,100107,100,,,100181,100,,,,,,,,,,,,,,
2019-06-28 09:30:00.000000021,99974,100,99941,100,99979,100,99940,100,100009,100,99854,100,100037,100,,,100068,100,,,100094,100,,,100107,100,,,100181,100,,,,,,,,,,
2019-06-28 09:30:00.000000022,99969,100,99941,100,99974,100,99940,100,99979,100,99854,100,100009,100,,,100037,100,,,100068,100,,,100094,100,,,100107,100,,,100181,100,,,,,,
2019-06-28 09:30:00.000000023,99969,100,99941,100,99974,100,99940,100,99979,100,99931,100,100009,100,99854,100,100037,100,,,100068,100,,,100094,100,,,100107,100,,,100181,100,,,,,,
2019-06-28 09:30:00.000000026,99969,100,99941,100,99974,100,99940,100,99979,100,99931,100,100009,100,99854,100,100037,100,,,100068,100,,,100094,100,,,100107,100,,,100111,100,,,100181,100,,
2019-06-28 09:30:00.000000028,99974,100,99941,100,99978,100,99940,100,99979,100,99931,100,100009,100,99854,100,100037,100,,,100068,100,,,100094,100,,,100107,100,,,100111,100,,,100181,100,,
2019-06-28 09:30:00.000000030,99974,100,99969,100,99978,100,99941,100,99979,100,99940,100,100009,100,99931,100,100037,100,99854,100,100068,100,,,100094,100,,,100107,100,,,100111,100,,,100181,100,,
2019-06-28 09:30:00.000000031,99974,100,99969,100,99978,100,99941,100,99979,100,99940,100,100009,100,99931,100,100037,100,99898,100,100068,100,99854,100,100094,100,,,100107,100,,,100111,100,,,100181,100,,
2019-06-28 09:30:00.000000032,99974,100,99969,100,99978,100,99941,100,99979,100,99940,100,100009,100,99931,100,100037,100,99898,100,100066,100,99854,100,100068,100,,,100094,100,,,100107,100,,,100111,100,,
2019-06-28 09:30:00.000000033,99974,100,99969,100,99978,100,99941,100,99979,100,99940,100,100009,100,99931,100,100026,100,99916,100,100037,100,99898,100,100066,100,99854,100,100068,100,99818,100,100094,100,,,100107,100,,
2019-06-28 09:30:00.000000034,99978,100,99969,100,99979,100,99941,100,100009,100,99940,100,100026,100,99931,100,100037,100,99916,100,100066,100,99898,100,100068,100,99854,100,100094,100,99818,100,100107,100,,,100111,100,,
2019-06-28 09:30:00.000000038,99978,100,99969,100,99979,100,99941,100,100009,100,99940,100,100026,100,99931,100,100037,100,99916,100,100066,100,99898,100,100068,100,99854,100,100094,100,99818,100,100107,100,99775,100,100111,100,,
2019-06-28 09:30:00.000000041,99978,100,99941,100,99979,100,99940,100,100009,100,99931,100,100026,100,99916,100,100037,100,99898,100,100066,100,99854,100,100068,100,99818,100,100094,100,99775,100,100107,100,,,100111,100,,
2019-06-28 09:30:00.000000042,99978,100,99941,100,99979,100,99940,100,100009,100,99931,100,100026,100,99916,100,100037,100,99898,100,100066,100,99854,100,100068,100,99818,100,100094,100,99775,100,100107,100,,,100111,100,,
2019-06-28 09:30:00.000000043,99978,100,99941,100,99979,100,99940,100,100009,100,99931,100,100026,100,99916,100,100037,100,99898,100,100046,100,99854,100,100066,100,99818,100,100068,100,99775,100,100094,100,,,100107,100,,
2019-06-28 09:30:00.000000045,99979,100,99941,100,100009,100,99940,100,100026,100,99931,100,100037,100,99916,100,100046,100,99898,100,100066,100,99854,100,100068,100,99818,100,100094,100,99775,100,100107,100,,,100111,100,,
2019-06-28 09:30:00.000000049,99979,100,99941,100,100009,100,99940,100,100026,100,99931,100,100037,100,99916,100,100046,100,99898,100,100066,100,99872,100,100068,100,99854,100,100094,100,99818,100,100107,100,99775,100,100111,100,,
2019-06-28 09:30:00.000000053,99979,100,99941,100,100009,100,99940,100,100026,100,99931,100,100037,100,99916,100,100046,100,99907,100,100066,100,99898,100,100068,100,99872,100,100094,100,99854,100,100107,100,99818,100,100111,100,99775,100
2019-06-28 09:30:00.000000056,99979,100,99942,100,100009,100,99941,100,100026,100,99940,100,100037,100,99931,100,100046,100,99916,100,100066,100,99907,100,100068,100,99898,100,100094,100,99872,100,100107,100,99854,100,100111,100,99818,100
2019-06-28 09:30:00.000000060,99979,100,99942,100,100009,100,99941,100,100026,100,99940,100,100037,100,99931,100,100046,100,99916,100,100066,100,99907,100,100068,100,99898,100,100073,100,99872,100,100088,100,99854,100,100094,100,99818,100
2019-06-28 09:30:00.000000061,100009,100,99942,100,100026,100,99941,100,100037,100,99940,100,100038,100,99931,100,100046,100,99916,100,100066,100,99907,100,100068,100,99898,100,100073,100,99872,100,100088,100,99854,100,100094,100,99818,100
2019-06-28 09:30:00.000000064,100009,100,99941,100,100026,100,99940,100,100037,100,99931,100,100038,100,99916,100,100046,100,99907,100,100066,100,99898,100,100068,100,99872,100,100073,100,99854,100,100088,100,99818,100,100094,100,99775,100
2019-06-28 09:30:00.000000065,100009,100,100001,100,100026,100,99941,100,100037,100,99940,100,100038,100,99931,100,100046,100,99916,100,100066,100,99907,100,100068,100,99898,100,100073,100,99872,100,100088,100,99854,100,100094,100,99818,100
2019-06-28 09:30:00.000000067,100009,100,99941,100,100026,100,99940,100,100037,100,99931,100,100038,100,99916,100,100046,100,99907,100,100066,100,99898,100,100068,100,99872,100,100073,100,99854,100,100088,100,99818,100,100094,100,99775,100
2019-06-28 09:30:00.000000070,100009,100,99941,100,100026,100,99940,100,100037,100,99931,100,100038,100,99916,100,100046,100,99907,100,100066,100,99898,100,100068,100,99872,100,100073,100,99854,100,100079,100,99818,100,100088,100,99775,100
2019-06-28 09:30:00.000000071,100009,100,99958,100,100026,100,99941,100,100037,100,99940,100,100038,100,99931,100,100046,100,99916,100,100066,100,99907,100,100068,100,99898,100,100073,100,99872,100,100079,100,99854,100,100088,100,99818,100
2019-06-28 09:30:00.000000072,100009,100,99958,100,100026,100,99941,100,100037,100,99940,100,100038,100,99931,100,100046,100,99916,100,100066,100,99907,100,100068,100,99898,100,100073,100,99872,100,100079,100,99854,100,100088,100,99818,100
2019-06-28 09:30:00.000000073,100009,100,99958,100,100026,100,99941,100,100037,100,99940,100,100038,100,99931,100,100046,100,99916,100,100066,100,99907,100,100068,100,99898,100,100073,100,99872,100,100079,100,99864,100,100088,100,99854,100
2019-06-28 09:30:00.000000076,100009,100,99958,100,100026,100,99942,100,100037,100,99941,100,100038,100,99940,100,100046,100,99931,100,100066,100,99916,100,100068,100,99907,100,100073,100,99898,100,100079,100,99872,100,100088,100,99864,100
2019-06-28 09:30:00.000000077,99990,100,99958,100,100009,100,99942,100,100026,100,99941,100,100037,100,99940,100,100038,100,99931,100,100046,100,99916,100,100066,100,99907,100,100068,100,99898,100,100073,100,99872,100,100079,100,99870,100
2019-06-28 09:30:00.000000083,99990,100,99958,100,100009,100,99942,100,100026,100,99941,200,100037,100,99940,100,100038,100,99931,100,100046,100,99916,100,100066,100,99907,100,100068,100,99898,100,100073,100,99872,100,100079,100,99870,100
2019-06-28 09:30:00.000000084,99990,100,99958,100,100009,100,99942,100,100026,100,99941,200,100037,100,99940,100,100038,100,99931,100,100046,100,99916,100,100066,100,99907,100,100068,100,99898,100,100073,100,99872,100,100079,100,99870,100
2019-06-28 09:30:00.000000085,99990,100,99958,100,100009,100,99942,100,100026,100,99941,200,100037,100,99940,100,100038,100,99931,100,100046,100,99916,100,100066,100,99915,100,100068,100,99907,100,100073,100,99898,100,100079,100,99872,100
2019-06-28 09:30:00.000000087,99990,100,99958,100,100009,100,99942,100,100026,100,99941,200,100037,100,99940,100,100038,100,99931,100,100046,100,99916,100,100066,100,99915,100,100068,100,99907,100,100073,100,99898,100,100079,100,99872,100
2019-06-28 09:30:00.000000091,99990,100,99958,100,100009,100,99942,100,100026,100,99941,200,100037,100,99940,100,100038,100,99931,100,100046,100,99916,100,100066,100,99915,100,100068,100,99909,100,100073,100,99907,100,100079,100,99898,100
2019-06-28 09:30:00.000000093,99990,100,99958,100,100009,100,99942,100,100026,100,99941,200,100037,100,99940,100,100038,100,99931,100,100046,100,99916,100,100066,100,99915,100,100068,100,99909,100,100073,100,99907,100,100079,100,99898,100
2019-06-28 09:30:00.000000098,99990,100,99958,100,100009,100,99942,200,100026,100,99941,200,100037,100,99940,100,100038,100,99931,100,100046,100,99916,100,100066,100,99915,100,100068,100,99909,100,100073,100,99907,100,100079,100,99898,100
2019-06-28 09:30:00.000000099,99990,100,99958,100,100009,100,99942,200,100026,100,99941,200,100037,100,99940,100,100038,100,99931,100,100046,100,99916,100,100066,100,99915,100,100068,100,99909,100,100073,100,99907,100,100079,100,99898,100
2019-06-28 09:30:01.559626344,99990,100,99958,100,100009,100,99942,200,100025,100,99941,200,100026,100,99940,100,100037,100,99931,100,100038,100,99916,100,100046,100,99915,100,100066,100,99909,100,100068,100,99907,100,100073,100,99898,100
2019-06-28 09:30:10.000000000,99990,338,99958,338,100009,338,99942,438,100025,100,99941,200,100026,100,99940,100,100037,100,99931,100,100038,100,99916,100,100046,100,99915,100,100066,100,99909,100,100068,100,99907,100,100073,100,99898,100
2019-06-28 09:30:20.000000000,99990,575,99958,575,100009,100,99942,200,100025,100,99941,200,100026,100,99940,100,100037,100,99931,100,100038,100,99916,100,100046,100,99915,100,100066,100,99909,100,100068,100,99907,100,100073,100,99898,100
2019-06-28 09:30:30.000000000,99990,219,99958,219,100009,219,99942,319,100025,219,99941,319,100026,219,99940,219,100037,100,99931,100,100038,100,99916,100,100046,100,99915,100,100066,100,99909,100,100068,100,99907,100,100073,100,99898,100
2019-06-28 09:30:40.000000000,99990,338,99958,338,100009,338,99942,438,100025,100,99941,200,100026,100,99940,100,100037,100,99931,100,100038,100,99916,100,100046,100,99915,100,100066,100,99909,100,100068,100,99907,100,100073,100,99898,100
2019-06-28 09:30:41.333066950,99990,338,99958,338,100009,338,99942,438,100025,100,99941,200,100026,100,99940,100,100037,100,99931,100,100038,100,99916,100,100046,100,99915,100,100066,100,99909,100,100068,100,99907,100,100073,100,99898,100
2019-06-28 09:30:41.902065654,99990,338,99958,338,100001,100,99942,338,100009,338,99941,200,100025,100,99940,100,100026,100,99931,100,100037,100,99916,100,100038,100,99915,100,100046,100,99909,100,100066,100,99907,100,100068,100,99898,100
2019-06-28 09:30:44.366560242,99990,338,99958,238,100001,100,99942,338,100009,338,99941,200,100025,100,99940,100,100026,100,99931,100,100037,100,99916,100,100038,100,99915,100,100046,100,99909,100,100066,100,99907,100,100068,100,99898,100
2019-06-28 09:30:47.508757341,99989,100,99958,238,99990,338,99942,338,100001,100,99941,200,100009,338,99940,100,100025,100,99931,100,100026,100,99916,100,100037,100,99915,100,100038,100,99909,100,100046,100,99907,100,100066,100,99898,100
2019-06-28 09:30:50.000000000,99989,338,99942,338,99990,338,99941,438,100001,100,99940,100,100009,100,99931,100,100025,100,99916,100,100026,100,99915,100,100037,100,99909,100,100038,100,99907,100,100046,100,99898,100,100066,100,99872,100
2019-06-28 09:30:56.559977822,99989,338,99942,238,99990,338,99941,438,100001,100,99940,100,100009,100,99931,100,100025,100,99916,100,100026,100,99915,100,100037,100,99909,100,100038,100,99907,100,100046,100,99898,100,100066,100,99872,100
2019-06-28 09:31:00.000000000,99989,575,99941,675,99990,100,99940,100,100001,100,99931,100,100009,100,99916,100,100025,100,99915,100,100026,100,99909,100,100037,100,99907,100,100038,100,99898,100,100046,100,99872,100,100066,100,99870,100
2019-06-28 09:31:10.000000000,99989,195,99941,295,99990,195,99940,195,100001,195,99931,195,100009,195,99916,195,100025,195,99915,195,100026,100,99909,100,100037,100,99907,100,100038,100,99898,100,100046,100,99872,100,100066,100,99870,100
2019-06-28 09:31:20.000000000,99989,219,99941,319,99990,219,99940,219,100001,219,99931,219,100009,219,99916,219,100025,100,99915,100,100026,100,99909,100,100037,100,99907,100,100038,100,99898,100,100046,100,99872,100,100066,100,99870,100
2019-06-28 09:31:29.931340153,99989,219,99941,319,99990,219,99940,219,100001,219,99931,219,100009,219,99916,319,100025,100,99915,100,100026,100,99909,100,100037,100,99907,100,100038,100,99898,100,100046,100,99872,100,100066,100,99870,100
2019-06-28 09:31:30.000000000,99989,262,99941,362,99990,257,99940,257,100001,257,99931,257,100009,100,99916,200,100025,100,99915,100,100026,100,99909,100,100037,100,99907,100,100038,100,99898,100,100046,100,99872,100,100066,100,99870,100
2019-06-28 09:31:30.769556189,99989,262,99941,262,99990,257,99940,257,100001,257,99931,257,100009,100,99916,200,100025,100,99915,100,100026,100,99909,100,100037,100,99907,100,100038,100,99898,100,100046,100,99872,100,100066,100,99870,100
2019-06-28 09:31:40.000000000,99989,262,99941,262,99990,257,99940,257,100001,257,99931,257,100009,100,99916,200,100025,100,99915,100,100026,100,99909,100,100037,100,99907,100,100038,100,99898,100,100046,100,99872,100,100066,100,99870,100
2019-06-28 09:31:50.000000000,99989,195,99941,195,99990,195,99940,195,100001,195,99931,195,100009,195,99916,295,100025,195,99915,195,100026,100,99909,100,100037,100,99907,100,100038,100,99898,100,100046,100,99872,100,100066,100,99870,100
2019-06-28 09:31:52.979413729,99989,195,99941,195,99990,195,99940,195,100001,195,99931,195,100009,195,99916,195,100025,195,99915,195,100026,100,99909,100,100037,100,99907,100,100038,100,99898,100,100046,100,99872,100,100066,100,99870,100
2019-06-28 09:31:54.075589716,99989,195,99941,195,99990,195,99940,195,100001,195,99931,95,100009,195,99916,195,100025,195,99915,195,100026,100,99909,100,100037,100,99907,100,100038,100,99898,100,100046,100,99872,100,100066,100,99870,100
2019-06-28 09:31:59.432555693,99989,195,99941,95,99990,195,99940,195,100001,195,99931,95,100009,195,99916,195,100025,195,99915,195,100026,100,99909,100,100037,100,99907,100,100038,100,99898,100,100046,100,99872,100,100066,100,99870,100
2019-06-28 09:32:00.000000000,99989,219,99940,219,99990,219,99916,219,100001,219,99915,219,100009,219,99909,219,100025,100,99907,100,100026,100,99898,100,100037,100,99872,100,100038,100,99870,100,100046,100,99860,100,100066,100,99854,100
2019-06-28 09:32:10.000000000,99989,219,99940,219,99990,219,99916,219,100001,219,99915,219,100009,219,99909,219,100025,100,99907,100,100026,100,99898,100,100037,100,99872,100,100038,100,99870,100,100046,100,99860,100,100066,100,99854,100
2019-06-28 09:32:20.000000000,99989,262,99940,262,99990,257,99916,257,100001,257,99915,257,100009,100,99909,100,100025,100,99907,100,100026,100,99898,100,100037,100,99872,100,100038,100,99870,100,100046,100,99860,100,100066,100,99854,100
2019-06-28 09:32:27.277823791,99941,100,99940,262,99989,262,99916,257,99990,257,99915,257,100001,257,99909,100,100009,100,99907,100,100025,100,99898,100,100026,100,99872,100,100037,100,99870,100,100038,100,99860,100,100046,100,99854,100
2019-06-28 09:32:30.000000000,99941,338,99940,338,99989,338,99916,338,99990,100,99915,100,100001,100,99909,100,100009,100,99907,100,100025,100,99898,100,100026,100,99872,100,100037,100,99870,100,100038,100,99860,100,100046,100,99854,100
2019-06-28 09:32:40.000000000,99941,195,99940,195,99989,195,99916,195,99990,195,99915,195,100001,195,99909,195,100009,195,99907,195,100025,100,99898,100,100026,100,99872,100,100037,100,99870,100,100038,100,99860,100,100046,100,99854,100
2019-06-28 09:32:43.879830767,99941,295,99940,195,99989,195,99916,195,99990,195,99915,195,100001,195,99909,195,100009,195,99907,195,100025,100,99898,100,100026,100,99872,100,100037,100,99870,100,100038,100,99860,100,100046,100,99854,100
2019-06-28 09:32:50.000000000,99941,362,99940,262,99989,257,99916,257,99990,257,99915,257,100001,100,99909,100,100009,100,99907,100,100025,100,99898,100,100026,100,99872,100,100037,100,99870,100,100038,100,99860,100,100046,100,99854,100
2019-06-28 09:33:00.000000000,99941,362,99940,262,99989,257,99916,257,99990,257,99915,257,100001,100,99909,100,100009,100,99907,100,100025,100,99898,100,100026,100,99872,100,100037,100,99870,100,100038,100,99860,100,100046,100,99854,100
2019-06-28 09:33:03.213761853,99941,362,99940,262,99989,257,99916,257,99990,257,99915,257,100001,100,99909,100,100009,100,99907,100,100025,100,99898,100,100026,100,99872,100,100037,100,99870,100,100038,100,99860,100,100046,100,99854,100
2019-06-28 09:33:03.406910817,99941,262,99940,262,99989,257,99916,257,99990,257,99915,257,100001,100,99909,100,100009,100,99907,100,100025,100,99898,100,100026,100,99872,100,100037,100,99870,100,100038,100,99860,100,100046,100,99854,100
2019-06-28 09:33:08.503854344,99941,262,99940,262,99989,257,99916,257,99990,157,99915,257,100001,100,99909,100,100009,100,99907,100,100025,100,99898,100,100026,100,99872,100,100037,100,99870,100,100038,100,99860,100,100046,100,99854,100
2019-06-28 09:33:10.000000000,99941,195,99940,195,99989,195,99916,195,100001,195,99915,195,100009,195,99909,195,100025,195,99907,195,100026,100,99898,100,100037,100,99872,100,100038,100,99870,100,100046,100,99860,100,100066,100,99854,100
2019-06-28 09:33:20.000000000,99941,575,99940,575,99989,100,99916,100,100001,100,99915,100,100009,100,99909,100,100025,100,99907,100,100026,100,99898,100,100037,100,99872,100,100038,100,99870,100,100046,100,99860,100,100066,100,99854,100
2019-06-28 09:33:24.931854789,99941,575,99940,575,99989,100,99916,100,100001,100,99915,100,100009,100,99909,100,100025,100,99907,100,100026,100,99898,100,100037,100,99872,100,100038,100,99870,100,100046,100,99860,100,100066,100,99854,100
2019-06-28 09:33:30.000000000,99941,195,99940,195,99989,195,99916,195,100001,195,99915,195,100009,195,99909,195,100025,195,99907,195,100026,100,99898,100,100037,100,99872,100,100038,100,99870,100,100046,100,99860,100,100066,100,99854,100
2019-06-28 09:33:40.000000000,99941,219,99940,219,99989,219,99916,219,100001,219,99915,219,100009,219,99909,219,100025,100,99907,100,100026,100,99898,100,100037,100,99872,100,100038,100,99870,100,100046,100,99860,100,100066,100,99854,100
2019-06-28 09:33:43.836853020,99941,219,99940,219,99989,219,99916,219,100001,219,99915,219,100009,219,99909,219,100025,100,99907,100,100026,100,99898,100,100037,100,99872,100,100038,100,99870,100,100046,100,99860,100,100066,100,99854,100
2019-06-28 09:33:50.000000000,99941,338,99940,338,99989,338,99916,338,100001,100,99915,100,100009,100,99909,100,100025,100,99907,100,100026,100,99898,100,100037,100,99872,100,100038,100,99870,100,100046,100,99860,100,100066,100,99854,100
2019-06-28 09:33:58.929392735,99941,338,99940,338,99989,238,99916,338,100001,100,99915,100,100009,100,99909,100,100025,100,99907,100,100026,100,99898,100,100037,100,99872,100,100038,100,99870,100,100046,100,99860,100,100066,100,99854,100
2019-06-28 09:33:59.495860267,99941,338,99940,238,99989,238,99916,338,100001,100,99915,100,100009,100,99909,100,100025,100,99907,100,100026,100,99898,100,100037,100,99872,100,100038,100,99870,100,100046,100,99860,100,100066,100,99854,100
2019-06-28 09:34:00.000000000,99941,195,99916,195,100001,195,99915,195,100009,195,99909,195,100025,195,99907,195,100026,195,99898,195,100037,100,99872,100,100038,100,99870,100,100046,100,99860,100,100066,100,99854,100,100068,100,99818,100
2019-06-28 09:34:10.000000000,99941,338,99916,338,100001,338,99915,338,100009,100,99909,100,100025,100,99907,100,100026,100,99898,100,100037,100,99872,100,100038,100,99870,100,100046,100,99860,100,100066,100,99854,100,100068,100,99818,100
2019-06-28 09:34:17.631952612,99941,338,99916,338,100001,338,99915,338,100009,100,99909,100,100025,100,99907,100,100026,100,99898,100,100037,100,99872,100,100038,100,99870,100,100046,100,99860,100,100066,100,99854,100,100068,100,99818,100
2019-06-28 09:34:20.000000000,99941,262,99916,262,100001,257,99915,257,100009,257,99909,257,100025,100,99907,100,100026,100,99898,100,100037,100,99872,100,100038,100,99870,100,100046,100,99860,100,100066,100,99854,100,100068,100,99818,100
2019-06-28 09:34:30.000000000,99941,575,99916,575,100001,100,99915,100,100009,100,99909,100,100025,100,99907,100,100026,100,99898,100,100037,100,99872,100,100038,100,99870,100,100046,100,99860,100,100066,100,99854,100,100068,100,99818,100
2019-06-28 09:34:40.000000000,99941,338,99916,338,100001,338,99915,338,100009,100,99909,100,100025,100,99907,100,100026,100,99898,100,100037,100,99872,100,100038,100,99870,100,100046,100,99860,100,100066,100,99854,100,100068,100,99818,100
2019-06-28 09:34:50.000000000,99941,219,99916,219,100001,219,99915,219,100009,219,99909,219,100025,219,99907,219,100026,100,99898,100,100037,100,99872,100,100038,100,99870,100,100046,100,99860,100,100066,100,99854,100,100068,100,99818,100
2019-06-28 09:34:50.423314162,99941,219,99916,219,100001,219,99915,219,100009,219,99909,219,100025,219,99907,219,100026,100,99898,100,100037,100,99872,100,100038,100,99870,100,100046,100,99860,100,100066,100,99854,100,100068,100,99818,100
2019-06-28 09:34:53.065470608,99941,219,99916,219,100001,219,99915,219,100009,219,99909,219,100025,219,99907,219,100026,100,99898,100,100037,100,99872,100,100038,100,99870,100,100046,100,99860,100,100066,100,99854,100,100068,100,99818,100
2019-06-28 09:35:00.000000000,99941,219,99916,219,100001,219,99915,219,100009,219,99909,219,100025,219,99907,219,100026,100,99898,100,100037,100,99872,100,100038,100,99870,100,100046,100,99860,100,100066,100,99854,100,100068,100,99818,100
2019-06-28 09:35:10.000000000,99941,338,99916,338,100001,338,99915,338,100009,100,99909,100,100025,100,99907,100,100026,100,99898,100,100037,100,99872,100,100038,100,99870,100,100046,100,99860,100,100066,100,99854,100,100068,100,99818,100
2019-06-28 09:35:18.619965100,99941,338,99916,338,100001,338,99915,338,100009,100,99909,100,100025,100,99907,100,100026,100,99898,100,100037,100,99872,100,100038,100,99870,100,100046,100,99860,100,100066,100,99854,100,100068,100,99818,100
2019-06-28 09:35:20.000000000,99941,219,99916,219,100001,219,99915,219,100009,219,99909,219,100025,219,99907,219,100026,100,99898,100,100037,100,99872,100,100038,100,99870,100,100046,100,99860,100,100066,100,99854,100,100068,100,99818,100
2019-06-28 09:35:30.000000000,99941,338,99916,338,100001,338,99915,338,100009,100,99909,100,100025,100,99907,100,100026,100,99898,100,100037,100,99872,100,100038,100,99870,100,100046,100,99860,100,100066,100,99854,100,100068,100,99818,100
2019-06-28 09:35:40.000000000,99941,219,99916,219,100001,219,99915,219,100009,219,99909,219,100025,219,99907,219,100026,100,99898,100,100037,100,99872,100,100038,100,99870,100,100046,100,99860,100,100066,100,99854,100,100068,100,99818,100
2019-06-28 09:35:50.000000000,99941,338,99916,338,100001,338,99915,338,100009,100,99909,100,100025,100,99907,100,100026,100,99898,100,100037,100,99872,100,100038,100,99870,100,100046,100,99860,100,100066,100,99854,100,100068,100,99818,100
2019-06-28 09:35:53.002804838,99941,238,99916,338,100001,338,99915,338,100009,100,99909,100,100025,100,99907,100,100026,100,99898,100,100037,100,99872,100,100038,100,99870,100,100046,100,99860,100,100066,100,99854,100,100068,100,99818,100
2019-06-28 09:35:53.775700617,99941,238,99916,338,100001,338,99915,338,100009,100,99909,100,100025,100,99907,100,100026,100,99898,100,100037,100,99872,100,100038,100,99870,100,100046,100,99860,100,100066,100,99854,100,100068,100,99818,100
2019-06-28 09:36:00.000000000,100001,219,99916,219,100009,219,99915,219,100025,219,99909,219,100026,219,99907,219,100037,100,99898,100,100038,100,99872,100,100046,100,99870,100,100066,100,99860,100,100068,100,99854,100,100081,100,99818,100
2019-06-28 09:36:05.616236205,100001,119,99916,219,100009,219,99915,219,100025,219,99909,219,100026,219,99907,219,100037,100,99898,100,100038,100,99872,100,100046,100,99870,100,100066,100,99860,100,100068,100,99854,100,100081,100,99818,100
2019-06-28 09:36:10.000000000,100009,219,99916,219,100025,219,99915,219,100026,219,99909,219,100037,219,99907,219,100038,100,99898,100,100046,100,99872,100,100066,100,99870,100,100068,100,99860,100,100081,100,99854,100,100088,200,99818,100
2019-06-28 09:36:20.000000000,100009,219,99916,219,100025,219,99915,219,100026,219,99909,219,100037,219,99907,219,100038,100,99898,100,100046,100,99872,100,100066,100,99870,100,100068,100,99860,100,100081,100,99854,100,100088,200,99818,100
2019-06-28 09:36:23.981301223,100009,119,99916,219,100025,219,99915,219,100026,219,99909,219,100037,219,99907,219,100038,100,99898,100,100046,100,99872,100,100066,100,99870,100,100068,100,99860,100,100081,100,99818,100,100088,200,99798,100
2019-06-28 09:36:30.000000000,100025,575,99916,575,100026,100,99915,100,100037,100,99909,100,100038,100,99907,100,100046,100,99898,100,100066,100,99872,100,100068,100,99870,100,100081,100,99860,100,100088,200,99818,100,100094,100,99798,100
2019-06-28 09:36:31.031761768,100025,575,99916,575,100026,100,99915,100,100038,100,99909,100,100046,100,99907,100,100066,100,99898,100,100068,100,99872,100,100081,100,99870,100,100088,200,99860,100,100094,100,99818,100,100104,100,99798,100
2019-06-28 09:36:39.279504315,100025,575,99916,575,100026,100,99915,100,100038,100,99909,100,100046,100,99907,100,100066,100,99898,100,100068,100,99872,100,100081,100,99870,100,100088,200,99860,100,100094,100,99818,100,100104,100,99798,100
2019-06-28 09:36:40.000000000,100025,219,99916,219,100026,219,99915,219,100038,219,99909,219,100046,219,99907,219,100066,100,99898,100,100068,100,99872,100,100081,100,99870,100,100088,200,99860,100,100094,100,99818,100,100104,100,99798,100
2019-06-28 09:36:50.000000000,100025,575,99916,575,100026,100,99915,100,100038,100,99909,100,100046,100,99907,100,100066,100,99898,100,100068,100,99872,100,100081,100,99870,100,100088,200,99860,100,100094,100,99818,100,100104,100,99798,100
2019-06-28 09:36:59.737672054,100025,475,99916,575,100026,100,99915,100,100038,100,99909,100,100046,100,99907,100,100066,100,99898,100,100068,100,99872,100,100081,100,99870,100,100088,200,99860,100,100094,100,99818,100,100104,100,99798,100
2019-06-28 09:37:00.000000000,100026,219,99916,219,100038,219,99915,219,100046,219,99909,219,100066,219,99907,219,100068,100,99898,100,100081,100,99872,100,100088,200,99870,100,100094,100,99860,100,100104,100,99818,100,100107,100,99798,100
2019-06-28 09:37:10.000000000,100026,219,99916,219,100038,219,99915,219,100046,219,99909,219,100066,219,99907,219,100068,100,99898,100,100081,100,99872,100,100088,200,99870,100,100094,100,99860,100,100104,100,99818,100,100107,100,99798,100
2019-06-28 09:37:20.000000000,100026,575,99916,575,100038,100,99915,100,100046,100,99909,100,100066,100,99907,100,100068,100,99898,100,100081,100,99872,100,100088,200,99870,100,100094,100,99860,100,100104,100,99818,100,100107,100,99798,100
2019-06-28 09:37:23.665378425,100026,475,99916,575,100038,100,99915,100,100046,100,99909,100,100066,100,99907,100,100068,100,99898,100,100081,100,99872,100,100088,200,99870,100,100094,100,99860,100,100104,100,99818,100,100107,100,99798,100
2019-06-28 09:37:30.000000000,100038,195,99916,195,100046,195,99915,195,100066,195,99909,195,100068,195,99907,195,100081,195,99898,195,100088,200,99872,100,100094,100,99870,100,100104,100,99860,100,100107,100,99818,100,100111,100,99798,100
2019-06-28 09:37:40.000000000,100038,262,99916,262,100046,257,99915,257,100066,257,99909,257,100068,100,99907,100,100081,100,99898,100,100088,200,99872,100,100094,100,99870,100,100104,100,99860,100,100107,100,99818,100,100111,100,99798,100
2019-06-28 09:37:50.000000000,100038,262,99916,262,100046,257,99915,257,100066,257,99909,257,100068,100,99907,100,100081,100,99898,100,100088,200,99872,100,100094,100,99870,100,100104,100,99860,100,100107,100,99818,100,100111,100,99798,100
2019-06-28 09:38:00.000000000,100038,219,99916,219,100046,219,99915,219,100066,219,99909,219,100068,219,99907,219,100081,100,99898,100,100088,200,99872,100,100094,100,99870,100,100104,100,99860,100,100107,100,99818,100,100111,100,99798,100
2019-06-28 09:38:10.000000000,100038,575,99916,575,100046,100,99915,100,100066,100,99909,100,100068,100,99907,100,100081,100,99898,100,100088,200,99872,100,100094,100,99870,100,100104,100,99860,100,100107,100,99818,100,100111,100,99798,100
2019-06-28 09:38:20.000000000,100038,195,99916,195,100046,195,99915,195,100066,195,99909,195,100068,195,99907,195,100081,195,99898,195,100088,200,99872,100,100094,100,99870,100,100104,100,99860,100,100107,100,99818,100,100111,100,99798,100
2019-06-28 09:38:30.000000000,100038,262,99916,262,100046,257,99915,257,100066,257,99909,257,100068,100,99907,100,100081,100,99898,100,100088,200,99872,100,100094,100,99870,100,100104,100,99860,100,100107,100,99818,100,100111,100,99798,100
2019-06-28 09:38:37.964423244,100038,262,99916,262,100046,257,99915,257,100066,257,99909,257,100068,100,99907,100,100081,100,99898,100,100088,200,99872,100,100094,100,99870,100,100104,100,99860,100,100107,100,99818,100,100111,100,99798,100
2019-06-28 09:38:40.000000000,100038,262,99916,262,100046,257,99915,257,100066,257,99909,257,100068,100,99907,100,100081,100,99898,100,100088,200,99872,100,100094,100,99870,100,100104,100,99860,100,100107,100,99818,100,100111,100,99798,100
2019-06-28 09:38:50.000000000,100038,338,99916,338,100046,338,99915,338,100066,100,99909,100,100068,100,99907,100,100081,100,99898,100,100088,200,99872,100,100094,100,99870,100,100104,100,99860,100,100107,100,99818,100,100111,100,99798,100
2019-06-28 09:38:52.309917800,100038,338,99916,338,100046,338,99915,338,100066,100,99909,100,100068,100,99907,100,100081,100,99898,100,100088,200,99872,100,100094,100,99870,100,100104,100,99860,100,100107,100,99818,100,100111,100,99798,100
2019-06-28 09:39:00.000000000,100038,219,99916,219,100046,219,99915,219,100066,219,99909,219,100068,219,99907,219,100081,100,99898,100,100088,200,99872,100,100094,100,99870,100,100104,100,99860,100,100107,100,99818,100,100111,100,99798,100
2019-06-28 09:39:06.683684033,100038,119,99916,219,100046,219,99915,219,100066,219,99909,219,100068,219,99907,219,100081,100,99898,100,100088,200,99872,100,100094,100,99870,100,100104,100,99860,100,100107,100,99818,100,100111,100,99798,100
2019-06-28 09:39:10.000000000,100046,338,99916,338,100066,338,99915,338,100068,100,99909,100,100081,100,99907,100,100088,200,99898,100,100094,100,99872,100,100104,100,99870,100,100107,100,99860,100,100111,100,99818,100,100114,100,99798,100
2019-06-28 09:39:20.000000000,100046,262,99916,262,100066,257,99915,257,100068,257,99909,257,100081,100,99907,100,100088,200,99898,100,100094,100,99872,100,100104,100,99870,100,100107,100,99860,100,100111,100,99818,100,100114,100,99798,100
2019-06-28 09:39:20.644854556,100046,262,100026,100,100066,257,99916,262,100068,257,99915,257,100081,100,99909,257,100088,200,99907,100,100094,100,99898,100,100104,100,99872,100,100107,100,99870,100,100111,100,99860,100,100114,100,99818,100
2019-06-28 09:39:26.483665849,100046,262,100026,100,100066,257,99916,262,100068,157,99915,257,100081,100,99909,257,100088,200,99907,100,100094,100,99898,100,100104,100,99872,100,100107,100,99870,100,100111,100,99860,100,100114,100,99818,100
2019-06-28 09:39:30.000000000,100046,219,100026,219,100066,219,99916,219,100081,219,99915,219,100088,319,99909,219,100094,100,99907,100,100104,100,99898,100,100107,100,99872,100,100111,100,99870,100,100114,100,99860,100,100122,100,99818,100
2019-06-28 09:39:40.000000000,100046,262,100026,262,100066,257,99916,257,100081,257,99915,257,100088,200,99909,100,100094,100,99907,100,100104,100,99898,100,100107,100,99872,100,100111,100,99870,100,100114,100,99860,100,100122,100,99818,100
2019-06-28 09:39:50.000000000,100046,195,100026,195,100066,195,99916,195,100081,195,99915,195,100088,295,99909,195,100094,195,99907,195,100104,100,99898,100,100107,100,99872,100,100111,100,99870,100,100114,100,99860,100,100122,100,99818,100
2019-06-28 09:40:00.000000000,100046,219,100026,219,100066,219,99916,219,100081,219,99915,219,100088,319,99909,219,100094,100,99907,100,100104,100,99898,100,100107,100,99872,100,100111,100,99870,100,100114,100,99860,100,100122,100,99818,100
2019-06-28 09:40:04.648570916,100046,119,100026,219,100066,219,99916,219,100081,119,99915,219,100088,319,99909,219,100094,100,99907,100,100104,100,99898,100,100107,100,99872,100,100111,100,99870,100,100114,100,99860,100,100122,100,99818,100
2019-06-28 09:40:07.537465101,100046,119,100026,219,100066,219,99916,219,100081,119,99915,219,100088,319,99909,219,100094,100,99907,100,100104,100,99898,100,100107,100,99872,100,100111,100,99870,100,100114,100,99860,100,100122,100,99818,100
2019-06-28 09:40:10.000000000,100066,219,100026,219,100088,319,99916,219,100094,219,99915,219,100104,219,99909,219,100107,100,99907,100,100111,100,99898,100,100114,100,99872,100,100122,100,99870,100,100168,100,99860,100,100181,100,99818,100
2019-06-28 09:40:20.000000000,100066,219,100026,219,100088,319,99916,219,100094,219,99915,219,100104,219,99909,219,100107,100,99907,100,100111,100,99898,100,100114,100,99872,100,100122,100,99870,100,100168,100,99860,100,100181,100,99818,100
2019-06-28 09:40:30.000000000,100066,575,100026,575,100088,200,99916,100,100094,100,99915,100,100104,100,99909,100,100107,100,99907,100,100111,100,99898,100,100114,100,99872,100,100122,100,99870,100,100168,100,99860,100,100181,100,99818,100
2019-06-28 09:40:40.000000000,100066,575,100026,575,100088,200,99916,100,100094,100,99915,100,100104,100,99909,100,100107,100,99907,100,100111,100,99898,100,100114,100,99872,100,100122,100,99870,100,100168,100,99860,100,100181,100,99818,100
2019-06-28 09:40:50.000000000,100066,338,100026,338,100088,438,99916,338,100094,100,99915,100,100104,100,99909,100,100107,100,99907,100,100111,100,99898,100,100114,100,99872,100,100122,100,99870,100,100168,100,99860,100,100181,100,99818,100
2019-06-28 09:41:00.000000000,100066,219,100026,219,100088,319,99916,219,100094,219,99915,219,100104,219,99909,219,100107,100,99907,100,100111,100,99898,100,100114,100,99872,100,100122,100,99870,100,100168,100,99860,100,100181,100,99818,100
2019-06-28 09:41:03.706707331,100066,119,100026,219,100088,319,99916,219,100094,219,99915,219,100104,219,99909,219,100107,100,99907,100,100111,100,99898,100,100114,100,99872,100,100122,100,99870,100,100168,100,99860,100,100181,100,99798,100
2019-06-28 09:41:10.000000000,100088,675,100026,575,100094,100,99916,100,100104,100,99915,100,100107,100,99909,100,100111,100,99907,100,100114,100,99898,100,100122,100,99872,100,100168,100,99870,100,100181,100,99860,100,100386,100,99798,100
2019-06-28 09:41:20.000000000,100088,319,100026,219,100094,219,99916,219,100104,219,99915,219,100107,219,99909,219,100111,100,99907,100,100114,100,99898,100,100122,100,99872,100,100168,100,99870,100,100181,100,99860,100,100386,100,99798,100
2019-06-28 09:41:26.437461090,100088,319,100026,119,100094,219,99916,219,100104,219,99915,219,100107,219,99909,219,100111,100,99907,100,100114,100,99872,100,100122,100,99870,100,100168,100,99860,100,100181,100,99798,100,100386,100,99775,100
2019-06-28 09:41:30.000000000,100088,295,99916,195,100094,195,99915,195,100104,195,99909,195,100107,195,99907,195,100111,195,99872,195,100114,100,99870,100,100122,100,99860,100,100168,100,99798,100,100181,100,99775,100,100386,100,99605,100
2019-06-28 09:41:40.000000000,100088,295,99916,195,100094,195,99915,195,100104,195,99909,195,100107,195,99907,195,100111,195,99872,195,100114,100,99870,100,100122,100,99860,100,100168,100,99798,100,100181,100,99775,100,100386,100,99605,100
2019-06-28 09:41:43.976669878,100088,295,99916,95,100094,195,99915,195,100104,195,99909,195,100107,195,99907,195,100111,195,99872,195,100114,100,99870,100,100122,100,99860,100,100168,100,99798,100,100181,100,99775,100,100386,100,99605,100
2019-06-28 09:41:50.000000000,100088,675,99915,575,100094,100,99909,100,100104,100,99907,100,100107,100,99872,100,100111,100,99870,100,100114,100,99860,100,100122,100,99798,100,100168,100,99775,100,100181,100,99605,100,100386,100,99590,100
2019-06-28 09:41:56.055580066,100088,675,99915,475,100094,100,99909,100,100104,100,99907,100,100107,100,99872,100,100111,100,99870,100,100114,100,99860,100,100122,100,99798,100,100168,100,99775,100,100386,100,99605,100,100511,100,99590,100
2019-06-28 09:42:00.000000000,100088,295,99909,195,100094,195,99907,195,100104,195,99872,195,100107,195,99870,195,100111,195,99860,195,100114,100,99798,100,100122,100,99775,100,100168,100,99605,100,100386,100,99590,100,100511,100,,
2019-06-28 09:42:05.839052662,99916,100,99909,195,100088,295,99907,195,100094,195,99872,195,100104,195,99870,195,100107,195,99860,195,100111,195,99798,100,100114,100,99775,100,100122,100,99605,100,100168,100,99590,100,100386,100,,
2019-06-28 09:42:10.000000000,99916,338,99909,338,100088,438,99907,338,100094,100,99872,100,100104,100,99870,100,100107,100,99860,100,100111,100,99798,100,100114,100,99775,100,100122,100,99605,100,100168,100,99590,100,100386,100,,
2019-06-28 09:42:19.294305000,99916,238,99909,338,100088,438,99907,338,100094,100,99872,100,100104,100,99870,100,100107,100,99860,100,100111,100,99798,100,100114,100,99775,100,100122,100,99605,100,100168,100,99590,100,100386,100,,
2019-06-28 09:42:20.000000000,100088,319,99909,219,100094,219,99907,219,100104,219,99872,219,100107,219,99870,219,100111,100,99860,100,100114,100,99798,100,100122,100,99775,100,100168,100,99605,100,100386,100,99590,100,100511,100,,
2019-06-28 09:42:25.448804244,100088,319,99909,219,100094,219,99907,219,100104,219,99872,219,100107,219,99870,219,100111,100,99860,100,100114,100,99807,100,100122,100,99798,100,100168,100,99775,100,100386,100,99605,100,100511,100,99590,100
2019-06-28 09:42:30.000000000,100088,438,99909,338,100094,338,99907,338,100104,100,99872,100,100107,100,99870,100,100111,100,99860,100,100114,100,99807,100,100122,100,99798,100,100168,100,99775,100,100386,100,99605,100,100511,100,99590,100
2019-06-28 09:42:40.000000000,100088,438,99909,338,100094,338,99907,338,100104,100,99872,100,100107,100,99870,100,100111,100,99860,100,100114,100,99807,100,100122,100,99798,100,100168,100,99775,100,100386,100,99605,100,100511,100,99590,100
2019-06-28 09:42:50.000000000,100088,362,99909,262,100094,257,99907,257,100104,257,99872,257,100107,100,99870,100,100111,100,99860,100,100114,100,99807,100,100122,100,99798,100,100168,100,99775,100,100386,100,99605,100,100511,100,99590,100
2019-06-28 09:43:00.000000000,100088,438,99909,338,100094,338,99907,338,100104,100,99872,100,100107,100,99870,100,100111,100,99860,100,100114,100,99807,100,100122,100,99798,100,100168,100,99775,100,100386,100,99605,100,100511,100,99590,100
2019-06-28 09:43:10.000000000,100088,319,99909,219,100094,219,99907,219,100104,219,99872,219,100107,219,99870,219,100111,100,99860,100,100114,100,99807,100,100122,100,99798,100,100168,100,99775,100,100386,100,99605,100,100511,100,99590,100
2019-06-28 09:43:20.000000000,100088,319,99909,219,100094,219,99907,219,100104,219,99872,219,100107,219,99870,219,100111,100,99860,100,100114,100,99807,100,100122,100,99798,100,100168,100,99775,100,100386,100,99605,100,100511,100,99590,100
2019-06-28 09:43:30.000000000,100088,438,99909,338,100094,338,99907,338,100104,100,99872,100,100107,100,99870,100,100111,100,99860,100,100114,100,99807,100,100122,100,99798,100,100168,100,99775,100,100386,100,99605,100,100511,100,99590,100
2019-06-28 09:43:31.830537996,100088,438,99981,100,100094,338,99909,338,100104,100,99907,338,100107,100,99872,100,100111,100,99870,100,100114,100,99860,100,100122,100,99807,100,100168,100,99798,100,100386,100,99775,100,100511,100,99605,100
2019-06-28 09:43:31.898976321,100088,438,99981,100,100094,338,99909,338,100104,100,99907,338,100107,100,99872,100,100108,100,99870,100,100111,100,99860,100,100114,100,99807,100,100122,100,99798,100,100168,100,99775,100,100386,100,99605,100
2019-06-28 09:43:40.000000000,100088,319,99981,219,100094,219,99909,219,100104,219,99907,219,100107,219,99872,219,100108,100,99870,100,100111,100,99860,100,100114,100,99807,100,100122,100,99798,100,100168,100,99775,100,100386,100,99605,100
2019-06-28 09:43:41.332400662,100088,319,99981,219,100094,219,99909,219,100104,219,99907,219,100107,219,99905,100,100108,100,99872,219,100111,100,99870,100,100114,100,99860,100,100122,100,99807,100,100168,100,99798,100,100386,100,99775,100
2019-06-28 09:43:48.699958827,100088,219,100082,100,100094,219,99981,219,100104,219,99909,219,100107,219,99907,219,100108,100,99905,100,100111,100,99872,219,100114,100,99870,100,100122,100,99860,100,100168,100,99807,100,100386,100,99798,100
2019-06-28 09:43:50.000000000,100088,262,100082,262,100094,257,99981,257,100104,257,99909,257,100107,100,99907,100,100108,100,99905,100,100111,100,99872,100,100114,100,99870,100,100122,100,99860,100,100168,100,99807,100,100386,100,99798,100
2019-06-28 09:43:59.761764664,100088,262,100082,162,100094,257,99981,257,100104,257,99909,257,100107,100,99907,100,100108,100,99872,100,100111,100,99870,100,100114,100,99860,100,100122,100,99807,100,100168,100,99798,100,100386,100,99775,100
2019-06-28 09:44:00.000000000,100088,195,99981,195,100094,195,99909,195,100104,195,99907,195,100107,195,99872,195,100108,195,99870,195,100111,100,99860,100,100114,100,99807,100,100122,100,99798,100,100168,100,99775,100,100386,100,99605,100
2019-06-28 09:44:10.000000000,100088,262,99981,262,100094,257,99909,257,100104,257,99907,257,100107,100,99872,100,100108,100,99870,100,100111,100,99860,100,100114,100,99807,100,100122,100,99798,100,100168,100,99775,100,100386,100,99605,100
2019-06-28 09:44:10.224590709,100088,262,99981,262,100094,257,99909,257,100104,257,99907,257,100107,100,99872,100,100108,100,99870,100,100111,100,99860,100,100114,100,99807,100,100122,100,99798,100,100146,100,99775,100,100168,100,99605,100
2019-06-28 09:44:10.752962380,100088,262,99982,100,100094,257,99981,262,100104,257,99909,257,100107,100,99907,257,100108,100,99872,100,100111,100,99870,100,100114,100,99860,100,100122,100,99807,100,100146,100,99798,100,100168,100,99775,100
2019-06-28 09:44:20.000000000,100088,195,99982,195,100094,195,99981,195,100104,195,99909,195,100107,195,99907,195,100108,195,99872,195,100111,100,99870,100,100114,100,99860,100,100122,100,99807,100,100146,100,99798,100,100168,100,99775,100
2019-06-28 09:44:30.000000000,100088,262,99982,262,100094,257,99981,257,100104,257,99909,257,100107,100,99907,100,100108,100,99872,100,100111,100,99870,100,100114,100,99860,100,100122,100,99807,100,100146,100,99798,100,100168,100,99775,100
2019-06-28 09:44:40.000000000,100088,262,99982,262,100094,257,99981,257,100104,257,99909,257,100107,100,99907,100,100108,100,99872,100,100111,100,99870,100,100114,100,99860,100,100122,100,99807,100,100146,100,99798,100,100168,100,99775,100
2019-06-28 09:44:50.000000000,100088,195,99982,195,100094,195,99981,195,100104,195,99909,195,100107,195,99907,195,100108,195,99872,195,100111,100,99870,100,100114,100,99860,100,100122,100,99807,100,100146,100,99798,100,100168,100,99775,100
2019-06-28 09:45:00.000000000,100088,338,99982,338,100094,338,99981,338,100104,100,99909,100,100107,100,99907,100,100108,100,99872,100,100111,100,99870,100,100114,100,99860,100,100122,100,99807,100,100146,100,99798,100,100168,100,99775,100
2019-06-28 09:45:10.000000000,100088,338,99982,338,100094,338,99981,338,100104,100,99909,100,100107,100,99907,100,100108,100,99872,100,100111,100,99870,100,100114,100,99860,100,100122,100,99807,100,100146,100,99798,100,100168,100,99775,100
2019-06-28 09:45:14.698790462,100088,338,99982,338,100094,338,99981,338,100104,100,99909,100,100107,100,99907,100,100108,100,99872,100,100111,100,99870,100,100114,100,99860,100,100122,100,99807,100,100146,100,99798,100,100168,100,99775,100
2019-06-28 09:45:18.652939146,100088,338,99982,338,100094,338,99981,338,100104,100,99909,100,100107,100,99907,100,100108,100,99872,100,100111,100,99870,100,100114,100,99860,100,100122,100,99807,100,100146,100,99798,100,100168,100,99775,100
2019-06-28 09:45:20.000000000,100088,262,99982,262,100094,257,99981,257,100104,257,99909,257,100107,100,99907,100,100108,100,99872,100,100111,100,99870,100,100114,100,99860,100,100122,100,99807,100,100146,100,99798,100,100168,100,99775,100
2019-06-28 09:45:30.000000000,100088,338,99982,338,100094,338,99981,338,100104,100,99909,100,100107,100,99907,100,100108,100,99872,100,100111,100,99870,100,100114,100,99860,100,100122,100,99807,100,100146,100,99798,100,100168,100,99775,100
2019-06-28 09:45:40.000000000,100088,219,99982,219,100094,219,99981,219,100104,219,99909,219,100107,219,99907,219,100108,100,99872,100,100111,100,99870,100,100114,100,99860,100,100122,100,99807,100,100146,100,99798,100,100168,100,99775,100
2019-06-28 09:45:50.000000000,100088,262,99982,262,100094,257,99981,257,100104,257,99909,257,100107,100,99907,100,100108,100,99872,100,100111,100,99870,100,100114,100,99860,100,100122,100,99807,100,100146,100,99798,100,100168,100,99775,100
2019-06-28 09:46:00.000000000,100088,338,99982,338,100094,338,99981,338,100104,100,99909,100,100107,100,99907,100,100108,100,99872,100,100111,100,99870,100,100114,100,99860,100,100122,100,99807,100,100146,100,99798,100,100168,100,99775,100
2019-06-28 09:46:10.000000000,100088,219,99982,219,100094,219,99981,219,100104,219,99909,219,100107,219,99907,219,100108,100,99872,100,100111,100,99870,100,100114,100,99860,100,100122,100,99807,100,100146,100,99798,100,100168,100,99775,100
2019-06-28 09:46:12.237158120,100057,100,99982,219,100088,219,99981,219,100094,219,99909,219,100104,219,99907,219,100107,219,99872,100,100108,100,99870,100,100111,100,99860,100,100114,100,99807,100,100122,100,99798,100,100146,100,99775,100
2019-06-28 09:46:20.000000000,100057,575,99982,575,100088,100,99981,100,100094,100,99909,100,100104,100,99907,100,100107,100,99872,100,100108,100,99870,100,100111,100,99860,100,100114,100,99807,100,100122,100,99798,100,100146,100,99775,100
2019-06-28 09:46:24.728688123,100057,575,99982,575,100082,100,99981,100,100088,100,99909,100,100094,100,99907,100,100104,100,99872,100,100107,100,99870,100,100108,100,99860,100,100111,100,99807,100,100114,100,99798,100,100122,100,99775,100
2019-06-28 09:46:30.000000000,100057,195,99982,195,100082,195,99981,195,100088,195,99909,195,100094,195,99907,195,100104,195,99872,195,100107,100,99870,100,100108,100,99860,100,100111,100,99807,100,100114,100,99798,100,100122,100,99775,100
2019-06-28 09:46:30.288722552,100057,195,99982,95,100082,195,99981,195,100088,195,99909,195,100094,195,99907,195,100104,195,99872,195,100107,100,99870,100,100108,100,99860,100,100111,100,99807,100,100114,100,99798,100,100122,100,99775,100
2019-06-28 09:46:40.000000000,100057,195,99981,195,100082,195,99909,195,100088,195,99907,195,100094,195,99872,195,100104,195,99870,195,100107,100,99860,100,100108,100,99807,100,100111,100,99798,100,100114,100,99775,100,100122,100,99590,100
2019-06-28 09:46:50.000000000,100057,219,99981,219,100082,219,99909,219,100088,219,99907,219,100094,219,99872,219,100104,100,99870,100,100107,100,99860,100,100108,100,99807,100,100111,100,99798,100,100114,100,99775,100,100122,100,99590,100
2019-06-28 09:46:57.475915461,100057,219,99981,219,100082,219,99909,219,100088,119,99907,219,100094,219,99872,219,100104,100,99870,100,100107,100,99860,100,100108,100,99807,100,100111,100,99798,100,100114,100,99775,100,100122,100,99590,100
2019-06-28 09:47:00.000000000,100057,219,99981,219,100082,219,99909,219,100094,219,99907,219,100104,219,99872,219,100107,100,99870,100,100108,100,99860,100,100111,100,99807,100,100114,100,99798,100,100122,100,99775,100,100146,100,99590,100
2019-06-28 09:47:00.588308447,100056,100,99981,219,100057,219,99909,219,100082,119,99907,219,100094,219,99872,219,100104,219,99870,100,100107,100,99860,100,100108,100,99807,100,100111,100,99798,100,100114,100,99775,100,100122,100,99590,100
2019-06-28 09:47:10.000000000,100056,338,99981,338,100057,338,99909,338,100094,100,99907,100,100104,100,99872,100,100107,100,99870,100,100108,100,99860,100,100111,100,99807,100,100114,100,99798,100,100122,100,99775,100,100146,100,99590,100
2019-06-28 09:47:12.404461104,100056,338,99981,338,100057,338,99909,338,100094,100,99907,100,100104,100,99872,100,100107,100,99870,100,100108,100,99860,100,100111,100,99807,100,100114,100,99798,100,100122,100,99775,100,100146,100,99590,100
2019-06-28 09:47:14.128985409,100056,338,99981,238,100057,338,99909,338,100094,100,99907,100,100104,100,99872,100,100107,100,99870,100,100108,100,99860,100,100111,100,99807,100,100114,100,99798,100,100122,100,99775,100,100146,100,99590,100
2019-06-28 09:47:15.332946889,99982,100,99981,238,100056,338,99909,338,100057,338,99907,100,100094,100,99872,100,100104,100,99870,100,100107,100,99860,100,100108,100,99807,100,100111,100,99798,100,100114,100,99775,100,100122,100,99590,100
2019-06-28 09:47:20.000000000,99982,575,99909,575,100056,100,99907,100,100057,100,99872,100,100094,100,99870,100,100104,100,99860,100,100107,100,99807,100,100108,100,99798,100,100111,100,99775,100,100114,100,99590,100,100122,100,99566,100
2019-06-28 09:47:23.719570974,99982,675,99909,575,100056,100,99907,100,100057,100,99872,100,100094,100,99870,100,100104,100,99860,100,100107,100,99807,100,100108,100,99798,100,100111,100,99775,100,100114,100,99590,100,100122,100,99566,100
2019-06-28 09:47:30.000000000,99982,675,99909,575,100056,100,99907,100,100057,100,99872,100,100094,100,99870,100,100104,100,99860,100,100107,100,99807,100,100108,100,99798,100,100111,100,99775,100,100114,100,99590,100,100122,100,99566,100
2019-06-28 09:47:40.000000000,99982,319,99909,219,100056,219,99907,219,100057,219,99872,219,100094,219,99870,219,100104,100,99860,100,100107,100,99807,100,100108,100,99798,100,100111,100,99775,100,100114,100,99590,100,100122,100,99566,100
2019-06-28 09:47:47.068259546,99982,319,99909,119,100056,219,99907,219,100057,219,99872,219,100094,219,99870,219,100104,100,99860,100,100107,100,99807,100,100108,100,99798,100,100111,100,99775,100,100114,100,99590,100,100122,100,99566,100
2019-06-28 09:47:48.811610713,99981,100,99909,119,99982,319,99907,219,100056,219,99872,219,100057,219,99870,219,100094,219,99860,100,100104,100,99807,100,100107,100,99798,100,100108,100,99775,100,100111,100,99590,100,100114,100,99566,100
2019-06-28 09:47:50.000000000,99981,575,99907,575,99982,200,99872,100,100056,100,99870,100,100057,100,99860,100,100094,100,99807,100,100104,100,99798,100,100107,100,99775,100,100108,100,99590,100,100111,100,99566,100,100114,100,99186,100
2019-06-28 09:47:53.159518332,99981,575,99907,575,99982,200,99872,100,100056,100,99870,100,100057,100,99860,100,100094,100,99807,100,100104,100,99798,100,100107,100,99775,100,100108,100,99566,100,100111,100,99485,100,100114,100,99186,100
2019-06-28 09:48:00.000000000,99981,195,99907,195,99982,295,99872,195,100056,195,99870,195,100057,195,99860,195,100094,195,99807,195,100104,100,99798,100,100107,100,99775,100,100108,100,99566,100,100111,100,99485,100,100114,100,99186,100
2019-06-28 09:48:10.000000000,99981,338,99907,338,99982,438,99872,338,100056,100,99870,100,100057,100,99860,100,100094,100,99807,100,100104,100,99798,100,100107,100,99775,100,100108,100,99566,100,100111,100,99485,100,100114,100,99186,100
2019-06-28 09:48:18.732255335,99981,338,99907,338,99982,438,99872,338,100056,100,99870,100,100057,100,99860,100,100094,100,99807,100,100104,100,99798,100,100107,100,99775,100,100108,100,99566,100,100111,100,99485,100,100114,100,99343,100
2019-06-28 09:48:20.000000000,99981,219,99907,219,99982,319,99872,219,100056,219,99870,219,100057,219,99860,219,100094,100,99807,100,100104,100,99798,100,100107,100,99775,100,100108,100,99566,100,100111,100,99485,100,100114,100,99343,100
2019-06-28 09:48:30.000000000,99981,262,99907,262,99982,357,99872,257,100056,257,99870,257,100057,100,99860,100,100094,100,99807,100,100104,100,99798,100,100107,100,99775,100,100108,100,99566,100,100111,100,99485,100,100114,100,99343,100
2019-06-28 09:48:30.945413419,99981,362,99907,262,99982,357,99872,257,100056,257,99870,257,100057,100,99860,100,100094,100,99807,100,100104,100,99798,100,100107,100,99775,100,100108,100,99566,100,100111,100,99485,100,100114,100,99343,100
2019-06-28 09:48:33.213597088,99981,362,99907,262,99982,357,99872,257,100056,257,99870,257,100057,100,99860,100,100094,100,99807,100,100104,100,99798,100,100107,100,99775,100,100108,100,99566,100,100111,100,99485,100,100114,100,99343,200
2019-06-28 09:48:36.222377515,99981,362,99907,162,99982,357,99872,257,100056,257,99870,257,100057,100,99860,100,100094,100,99807,100,100104,100,99798,100,100108,100,99775,100,100111,100,99566,100,100114,100,99485,100,100122,100,99343,200
2019-06-28 09:48:36.413861708,99981,362,99907,162,99982,357,99872,257,100056,257,99870,257,100057,100,99860,100,100094,100,99807,100,100104,100,99798,100,100108,100,99775,100,100111,100,99566,100,100114,100,99485,100,100122,100,99471,100
2019-06-28 09:48:40.000000000,99981,362,99872,262,99982,357,99870,257,100056,257,99860,257,100057,100,99807,100,100094,100,99798,100,100104,100,99775,100,100108,100,99566,100,100111,100,99485,100,100114,100,99471,100,100122,100,99343,200
2019-06-28 09:48:50.000000000,99981,438,99872,338,99982,438,99870,338,100056,100,99860,100,100057,100,99807,100,100094,100,99798,100,100104,100,99775,100,100108,100,99566,100,100111,100,99485,100,100114,100,99471,100,100122,100,99343,200
2019-06-28 09:49:00.000000000,99981,438,99872,338,99982,438,99870,338,100056,100,99860,100,100057,100,99807,100,100094,100,99798,100,100104,100,99775,100,100108,100,99566,100,100111,100,99485,100,100114,100,99471,100,100122,100,99343,200
2019-06-28 09:49:10.000000000,99981,675,99872,575,99982,200,99870,100,100056,100,99860,100,100057,100,99807,100,100094,100,99798,100,100104,100,99775,100,100108,100,99566,100,100111,100,99485,100,100114,100,99471,100,100122,100,99343,200
2019-06-28 09:49:16.306900194,99909,100,99872,575,99981,675,99870,100,99982,200,99860,100,100056,100,99807,100,100057,100,99798,100,100094,100,99775,100,100104,100,99566,100,100108,100,99485,100,100111,100,99471,100,100114,100,99343,200
2019-06-28 09:49:20.000000000,99909,338,99872,338,99981,438,99870,338,99982,200,99860,100,100056,100,99807,100,100057,100,99798,100,100094,100,99775,100,100104,100,99566,100,100108,100,99485,100,100111,100,99471,100,100114,100,99343,200
2019-06-28 09:49:30.000000000,99909,262,99872,262,99981,357,99870,257,99982,357,99860,257,100056,100,99807,100,100057,100,99798,100,100094,100,99775,100,100104,100,99566,100,100108,100,99485,100,100111,100,99471,100,100114,100,99343,200
2019-06-28 09:49:32.649661583,99909,262,99872,162,99981,357,99870,257,99982,357,99860,257,100056,100,99807,100,100057,100,99798,100,100094,100,99775,100,100104,100,99566,100,100108,100,99485,100,100111,100,99471,100,100114,100,99343,200
2019-06-28 09:49:33.203517681,99909,262,99872,62,99981,357,99870,257,99982,357,99860,257,100056,100,99807,100,100057,100,99798,100,100094,100,99775,100,100104,100,99566,100,100108,100,99471,100,100111,100,99343,200,100114,100,99186,100
2019-06-28 09:49:40.000000000,99909,575,99870,575,99981,200,99860,100,99982,200,99807,100,100056,100,99798,100,100057,100,99775,100,100094,100,99566,100,100104,100,99471,100,100108,100,99343,200,100111,100,99186,100,100114,100,,
2019-06-28 09:49:50.000000000,99909,338,99870,338,99981,438,99860,338,99982,200,99807,100,100056,100,99798,100,100057,100,99775,100,100094,100,99566,100,100104,100,99471,100,100108,100,99343,200,100111,100,99186,100,100114,100,,
2019-06-28 09:50:00.000000000,99909,262,99870,262,99981,357,99860,257,99982,357,99807,257,100056,100,99798,100,100057,100,99775,100,100094,100,99566,100,100104,100,99471,100,100108,100,99343,200,100111,100,99186,100,100114,100,,
2019-06-28 09:50:05.195632199,99909,262,99870,162,99981,357,99860,257,99982,357,99807,257,100056,100,99798,100,100057,100,99775,100,100094,100,99566,100,100104,100,99471,100,100108,100,99343,200,100111,100,,,100114,100,,
2019-06-28 09:50:10.000000000,99909,195,99860,195,99981,295,99807,195,99982,295,99798,195,100056,195,99775,195,100057,195,99566,195,100094,100,99471,100,100104,100,99343,200,100108,100,,,100111,100,,,100114,100,,
2019-06-28 09:50:20.000000000,99909,219,99860,219,99981,319,99807,219,99982,319,99798,219,100056,219,99775,219,100057,100,99566,100,100094,100,99471,100,100104,100,99343,200,100108,100,,,100111,100,,,100114,100,,
2019-06-28 09:50:20.782658721,99909,219,99860,119,99981,319,99807,219,99982,319,99798,219,100056,219,99775,219,100057,100,99566,100,100094,100,99471,100,100104,100,99343,200,100108,100,,,100111,100,,,100114,100,,
2019-06-28 09:50:29.255026171,99909,219,99860,119,99981,319,99807,219,99982,319,99798,219,100056,219,99775,219,100057,100,99566,100,100094,100,99471,100,100104,100,99343,200,100108,100,99122,100,100111,100,,,100114,100,,
2019-06-28 09:50:30.000000000,99909,195,99807,195,99981,295,99798,195,99982,295,99775,195,100056,195,99566,195,100057,195,99471,195,100094,100,99343,200,100104,100,99122,100,100108,100,,,100111,100,,,100114,100,,
2019-06-28 09:50:40.000000000,99909,338,99807,338,99981,438,99798,338,99982,200,99775,100,100056,100,99566,100,100057,100,99471,100,100094,100,99343,200,100104,100,99122,100,100108,100,,,100111,100,,,100114,100,,
2019-06-28 09:50:50.000000000,99909,262,99807,262,99981,357,99798,257,99982,357,99775,257,100056,100,99566,100,100057,100,99471,100,100094,100,99343,200,100104,100,99122,100,100108,100,,,100111,100,,,100114,100,,
2019-06-28 09:50:55.403918558,99909,262,99807,262,99981,357,99798,257,99982,357,99775,257,100056,100,99566,100,100094,100,99471,100,100104,100,99349,100,100108,100,99343,200,100111,100,99122,100,100114,100,,,100122,100,,
2019-06-28 09:51:00.000000000,99909,195,99807,195,99981,295,99798,195,99982,295,99775,195,100056,195,99566,195,100094,195,99471,195,100104,100,99349,100,100108,100,99343,200,100111,100,99122,100,100114,100,,,100122,100,,
2019-06-28 09:51:10.000000000,99909,219,99807,219,99981,319,99798,219,99982,319,99775,219,100056,219,99566,219,100094,100,99471,100,100104,100,99349,100,100108,100,99343,200,100111,100,99122,100,100114,100,,,100122,100,,
2019-06-28 09:51:20.000000000,99909,262,99807,262,99981,357,99798,257,99982,357,99775,257,100056,100,99566,100,100094,100,99471,100,100104,100,99349,100,100108,100,99343,200,100111,100,99122,100,100114,100,,,100122,100,,
2019-06-28 09:51:20.508888325,99870,100,99807,262,99909,262,99798,257,99981,357,99775,257,99982,357,99566,100,100056,100,99471,100,100094,100,99349,100,100104,100,99343,200,100108,100,99122,100,100111,100,,,100114,100,,
2019-06-28 09:51:27.460918525,99870,200,99807,262,99909,262,99798,257,99981,357,99775,257,99982,357,99566,100,100056,100,99471,100,100094,100,99349,100,100104,100,99343,200,100108,100,99122,100,100111,100,,,100114,100,,
2019-06-28 09:51:30.000000000,99870,438,99807,338,99909,338,99798,338,99981,200,99775,100,99982,200,99566,100,100056,100,99471,100,100094,100,99349,100,100104,100,99343,200,100108,100,99122,100,100111,100,,,100114,100,,
2019-06-28 09:51:37.569466629,99870,438,99807,238,99909,338,99798,338,99981,200,99775,100,99982,200,99566,100,100056,100,99471,100,100094,100,99349,100,100104,100,99343,200,100108,100,99122,100,100111,100,,,100114,100,,
2019-06-28 09:51:40.000000000,99870,675,99798,575,99909,100,99775,100,99981,200,99566,100,99982,200,99471,100,100056,100,99349,100,100094,100,99343,200,100104,100,99122,100,100108,100,,,100111,100,,,100114,100,,
2019-06-28 09:51:50.000000000,99870,295,99798,195,99909,195,99775,195,99981,295,99566,195,99982,295,99471,195,100056,195,99349,195,100094,100,99343,200,100104,100,99122,100,100108,100,,,100111,100,,,100114,100,,
2019-06-28 09:51:59.733448889,99860,100,99798,195,99870,295,99775,195,99909,195,99566,195,99981,295,99471,195,99982,295,99349,195,100056,195,99343,200,100094,100,99122,100,100104,100,,,100108,100,,,100111,100,,
2019-06-28 09:52:00.000000000,99860,262,99798,262,99870,357,99775,257,99909,257,99566,257,99981,200,99471,100,99982,200,99349,100,100056,100,99343,200,100094,100,99122,100,100104,100,,,100108,100,,,100111,100,,
2019-06-28 09:52:10.000000000,99860,262,99798,262,99870,357,99775,257,99909,257,99566,257,99981,200,99471,100,99982,200,99349,100,100056,100,99343,200,100094,100,99122,100,100104,100,,,100108,100,,,100111,100,,
2019-06-28 09:52:20.000000000,99860,219,99798,219,99870,319,99775,219,99909,219,99566,219,99981,319,99471,219,99982,200,99349,100,100056,100,99343,200,100094,100,99122,100,100104,100,,,100108,100,,,100111,100,,
2019-06-28 09:52:30.000000000,99860,262,99798,262,99870,357,99775,257,99909,257,99566,257,99981,200,99471,100,99982,200,99349,100,100056,100,99343,200,100094,100,99122,100,100104,100,,,100108,100,,,100111,100,,
2019-06-28 09:52:35.885834973,99860,362,99798,262,99870,357,99775,257,99909,257,99566,257,99981,200,99471,100,99982,100,99349,100,100056,100,99343,200,100094,100,99122,100,100104,100,,,100108,100,,,100111,100,,
2019-06-28 09:52:38.748739371,99860,362,99798,162,99870,357,99775,157,99909,257,99566,257,99981,200,99471,100,99982,100,99349,100,100056,100,99343,200,100094,100,99122,100,100104,100,,,100108,100,,,100111,100,,
2019-06-28 09:52:40.000000000,99860,319,99566,219,99870,319,99471,219,99909,219,99349,219,99981,319,99343,319,99982,100,99122,100,100056,100,,,100094,100,,,100104,100,,,100108,100,,,100111,100,,
2019-06-28 09:52:49.082060526,99860,319,99566,119,99870,319,99471,219,99909,219,99349,219,99981,319,99343,319,99982,100,99122,100,100056,100,,,100094,100,,,100104,100,,,100111,100,,,100114,100,,
2019-06-28 09:52:50.000000000,99860,319,99471,219,99870,319,99349,219,99909,219,99343,319,99981,319,99122,219,99982,100,,,100056,100,,,100094,100,,,100104,100,,,100111,100,,,100114,100,,
2019-06-28 09:53:00.000000000,99860,319,99471,219,99870,319,99349,219,99909,219,99343,319,99981,319,99122,219,99982,100,,,100056,100,,,100094,100,,,100104,100,,,100111,100,,,100114,100,,
2019-06-28 09:53:03.833141345,99860,319,99471,219,99870,319,99349,219,99909,219,99343,319,99981,319,99157,100,99982,100,99122,219,100056,100,,,100094,100,,,100104,100,,,100111,100,,,100114,100,,
2019-06-28 09:53:05.843923265,99860,319,99471,219,99870,319,99349,219,99909,219,99343,219,99981,319,99157,100,99982,100,99122,219,100056,100,99094,100,100094,100,,,100104,100,,,100111,100,,,100114,100,,
2019-06-28 09:53:10.000000000,99860,319,99471,219,99870,319,99349,219,99909,219,99343,219,99981,319,99157,219,99982,100,99122,100,100056,100,99094,100,100094,100,,,100104,100,,,100111,100,,,100114,100,,
2019-06-28 09:53:12.853045194,99860,319,99471,219,99870,319,99349,219,99909,219,99343,219,99981,319,99157,219,99982,100,99122,100,100056,100,99094,100,100094,100,99077,100,100104,100,,,100111,100,,,100114,100,,
2019-06-28 09:53:16.465069993,99860,319,99471,219,99870,319,99349,219,99909,219,99343,219,99981,319,99157,219,99982,100,99122,100,100056,100,99094,100,100094,100,99077,100,100104,100,98981,100,100111,100,,,100114,100,,
2019-06-28 09:53:20.000000000,99860,319,99471,219,99870,319,99349,219,99909,219,99343,219,99981,319,99157,219,99982,100,99122,100,100056,100,99094,100,100094,100,99077,100,100104,100,98981,100,100111,100,,,100114,100,,
2019-06-28 09:53:26.245740338,99798,100,99471,219,99860,319,99349,219,99870,319,99343,219,99909,219,99157,219,99981,319,99122,100,99982,100,99094,100,100056,100,99077,100,100094,100,98981,100,100104,100,,,100111,100,,
2019-06-28 09:53:30.000000000,99798,195,99471,195,99860,295,99349,195,99870,295,99343,195,99909,195,99157,195,99981,295,99122,195,99982,100,99094,100,100056,100,99077,100,100094,100,98981,100,100104,100,,,100111,100,,
2019-06-28 09:53:40.000000000,99798,338,99471,338,99860,438,99349,338,99870,200,99343,100,99909,100,99157,100,99981,200,99122,100,99982,100,99094,100,100056,100,99077,100,100094,100,98981,100,100104,100,,,100111,100,,
2019-06-28 09:53:50.000000000,99798,575,99471,575,99860,200,99349,100,99870,200,99343,100,99909,100,99157,100,99981,200,99122,100,99982,100,99094,100,100056,100,99077,100,100094,100,98981,100,100104,100,,,100111,100,,
2019-06-28 09:53:58.305570406,99798,575,99471,575,99860,200,99441,100,99870,200,99349,100,99909,100,99343,100,99981,200,99157,100,99982,100,99122,100,100056,100,99094,100,100094,100,99077,100,100104,100,98981,100,100111,100,,
2019-06-28 09:54:00.000000000,99798,575,99471,575,99860,200,99441,100,99870,200,99349,100,99909,100,99343,100,99981,200,99157,100,99982,100,99122,100,100056,100,99094,100,100094,100,99077,100,100104,100,98981,100,100111,100,,
2019-06-28 09:54:00.946120447,99798,575,99471,475,99860,200,99441,100,99870,200,99349,100,99909,100,99343,100,99981,200,99157,100,99982,100,99122,100,100056,100,99094,100,100094,100,99077,100,100104,100,98981,100,100111,100,,
2019-06-28 09:54:08.426643299,99566,100,99471,475,99798,575,99441,100,99860,200,99349,100,99870,200,99343,100,99909,100,99157,100,99981,200,99122,100,100056,100,99094,100,100094,100,99077,100,100104,100,98981,100,100111,100,,
2019-06-28 09:54:10.000000000,99566,195,99441,195,99798,195,99349,195,99860,295,99343,195,99870,295,99157,195,99909,195,99122,195,99981,200,99094,100,100056,100,99077,100,100094,100,98981,100,100104,100,,,100111,100,,
2019-06-28 09:54:20.000000000,99566,262,99441,262,99798,257,99349,257,99860,357,99343,257,99870,200,99157,100,99909,100,99122,100,99981,200,99094,100,100056,100,99077,100,100094,100,98981,100,100104,100,,,100111,100,,
2019-06-28 09:54:22.716399230,99566,262,99441,262,99798,257,99349,257,99860,357,99343,257,99870,200,99157,100,99909,100,99122,100,99981,200,99112,100,100056,100,99094,100,100094,100,99077,100,100104,100,98981,100,100111,100,,
2019-06-28 09:54:29.539782524,99566,362,99441,262,99798,257,99349,257,99860,357,99343,257,99870,200,99157,100,99909,100,99122,100,99981,200,99112,100,100056,100,99094,100,100094,100,99077,100,100104,100,98981,100,100111,100,,
2019-06-28 09:54:30.000000000,99566,675,99441,575,99798,100,99349,100,99860,200,99343,100,99870,200,99157,100,99909,100,99122,100,99981,200,99112,100,100056,100,99094,100,100094,100,99077,100,100104,100,98981,100,100111,100,,
2019-06-28 09:54:34.525392911,99566,775,99441,575,99798,100,99349,100,99860,100,99343,100,99870,200,99157,100,99909,100,99122,100,99981,200,99112,100,100056,100,99094,100,100094,100,99077,100,100104,100,98981,100,100111,100,,
2019-06-28 09:54:40.000000000,99566,462,99441,262,99798,257,99349,257,99860,257,99343,257,99870,200,99157,100,99909,100,99122,100,99981,200,99112,100,100056,100,99094,100,100094,100,99077,100,100104,100,98981,100,100111,100,,
2019-06-28 09:54:48.924845862,99566,462,99441,262,99574,100,99349,257,99798,257,99343,257,99860,257,99157,100,99870,200,99122,100,99909,100,99112,100,99981,200,99094,100,100056,100,99077,100,100094,100,98981,100,100104,100,,
2019-06-28 09:54:50.000000000,99566,538,99441,338,99574,338,99349,338,99798,100,99343,100,99860,100,99157,100,99870,200,99122,100,99909,100,99112,100,99981,200,99094,100,100056,100,99077,100,100094,100,98981,100,100104,100,,
2019-06-28 09:54:52.528599856,99566,538,99441,238,99574,338,99349,338,99798,100,99343,100,99860,100,99157,100,99870,200,99122,100,99909,100,99112,100,99981,200,99094,100,100056,100,99077,100,100094,100,98981,100,100104,100,,
2019-06-28 09:54:56.846630044,99471,100,99441,238,99566,538,99349,338,99574,338,99343,100,99798,100,99157,100,99860,100,99122,100,99870,200,99112,100,99909,100,99094,100,99981,200,99077,100,100056,100,98981,100,100094,100,,
2019-06-28 09:55:00.000000000,99471,262,99349,262,99566,457,99343,257,99574,257,99157,257,99798,100,99122,100,99860,100,99112,100,99870,200,99094,100,99909,100,99077,100,99981,200,98981,100,100056,100,,,100094,100,,
2019-06-28 09:55:10.000000000,99471,575,99349,575,99566,300,99343,100,99574,100,99157,100,99798,100,99122,100,99860,100,99112,100,99870,200,99094,100,99909,100,99077,100,99981,200,98981,100,100056,100,,,100094,100,,
2019-06-28 09:55:20.000000000,99471,338,99349,338,99566,538,99343,338,99574,100,99157,100,99798,100,99122,100,99860,100,99112,100,99870,200,99094,100,99909,100,99077,100,99981,200,98981,100,100056,100,,,100094,100,,
2019-06-28 09:55:30.000000000,99471,262,99349,262,99566,457,99343,257,99574,257,99157,257,99798,100,99122,100,99860,100,99112,100,99870,200,99094,100,99909,100,99077,100,99981,200,98981,100,100056,100,,,100094,100,,
2019-06-28 09:55:40.000000000,99471,338,99349,338,99566,538,99343,338,99574,100,99157,100,99798,100,99122,100,99860,100,99112,100,99870,200,99094,100,99909,100,99077,100,99981,200,98981,100,100056,100,,,100094,100,,
2019-06-28 09:55:50.000000000,99471,195,99349,195,99566,395,99343,195,99574,195,99157,195,99798,195,99122,195,99860,195,99112,195,99870,200,99094,100,99909,100,99077,100,99981,200,98981,100,100056,100,,,100094,100,,
2019-06-28 09:56:00.000000000,99471,195,99349,195,99566,395,99343,195,99574,195,99157,195,99798,195,99122,195,99860,195,99112,195,99870,200,99094,100,99909,100,99077,100,99981,200,98981,100,100056,100,,,100094,100,,
2019-06-28 09:56:10.000000000,99471,575,99349,575,99566,300,99343,100,99574,100,99157,100,99798,100,99122,100,99860,100,99112,100,99870,200,99094,100,99909,100,99077,100,99981,200,98981,100,100056,100,,,100094,100,,
2019-06-28 09:56:20.000000000,99471,219,99349,219,99566,419,99343,219,99574,219,99157,219,99798,219,99122,219,99860,100,99112,100,99870,200,99094,100,99909,100,99077,100,99981,200,98981,100,100056,100,,,100094,100,,
2019-06-28 09:56:30.000000000,99471,262,99349,262,99566,457,99343,257,99574,257,99157,257,99798,100,99122,100,99860,100,99112,100,99870,200,99094,100,99909,100,99077,100,99981,200,98981,100,100056,100,,,100094,100,,
2019-06-28 09:56:40.000000000,99471,338,99349,338,99566,538,99343,338,99574,100,99157,100,99798,100,99122,100,99860,100,99112,100,99870,200,99094,100,99909,100,99077,100,99981,200,98981,100,100056,100,,,100094,100,,
2019-06-28 09:56:41.279649461,99471,338,99349,238,99566,538,99343,338,99574,100,99157,100,99798,100,99122,100,99860,100,99112,100,99870,200,99094,100,99909,100,99077,100,99981,200,98981,100,100056,100,,,100094,100,,
2019-06-28 09:56:50.000000000,99471,195,99343,195,99566,395,99157,195,99574,195,99122,195,99798,195,99112,195,99860,195,99094,195,99870,200,99077,100,99909,100,98981,100,99981,200,,,100056,100,,,100094,100,,
2019-06-28 09:56:51.134212434,99441,100,99343,195,99471,195,99157,195,99566,395,99122,195,99574,195,99112,195,99798,195,99094,195,99860,195,99077,100,99870,200,98981,100,99909,100,,,99981,200,,,100056,100,,
2019-06-28 09:56:51.965411322,99441,100,99343,195,99471,195,99157,195,99566,395,99122,195,99574,195,99112,195,99798,195,99094,195,99860,195,99077,100,99870,200,98981,100,99909,100,98956,100,99981,200,,,100056,100,,
2019-06-28 09:56:58.967390039,99441,200,99343,195,99471,195,99157,195,99566,395,99122,195,99574,195,99112,195,99798,195,99094,195,99860,195,99077,100,99870,200,98981,100,99909,100,98956,100,99981,100,,,100056,100,,
2019-06-28 09:57:00.000000000,99441,319,99343,219,99471,219,99157,219,99566,419,99122,219,99574,219,99112,219,99798,100,99094,100,99860,100,99077,100,99870,200,98981,100,99909,100,98956,100,99981,100,,,100056,100,,
2019-06-28 09:57:10.000000000,99441,438,99343,338,99471,338,99157,338,99566,300,99122,100,99574,100,99112,100,99798,100,99094,100,99860,100,99077,100,99870,200,98981,100,99909,100,98956,100,99981,100,,,100056,100,,
2019-06-28 09:57:20.000000000,99441,438,99343,338,99471,338,99157,338,99566,300,99122,100,99574,100,99112,100,99798,100,99094,100,99860,100,99077,100,99870,200,98981,100,99909,100,98956,100,99981,100,,,100056,100,,
2019-06-28 09:57:30.000000000,99441,362,99343,262,99471,257,99157,257,99566,457,99122,257,99574,100,99112,100,99798,100,99094,100,99860,100,99077,100,99870,200,98981,100,99909,100,98956,100,99981,100,,,100056,100,,
2019-06-28 09:57:36.396076251,99441,462,99343,262,99471,257,99157,257,99566,457,99122,257,99574,100,99112,100,99798,100,99094,100,99860,100,99077,100,99870,200,98981,100,99909,100,98956,100,99981,100,,,100056,100,,
2019-06-28 09:57:36.836167895,99379,100,99343,262,99441,462,99157,257,99471,257,99122,257,99566,457,99112,100,99574,100,99094,100,99798,100,99077,100,99860,100,98981,100,99870,200,98956,100,99909,100,,,99981,100,,
2019-06-28 09:57:39.641492424,99379,100,99343,162,99441,462,99157,257,99471,257,99122,257,99566,457,99112,100,99574,100,99094,100,99798,100,99077,100,99860,100,98981,100,99870,200,98956,100,99909,100,,,99981,100,,
2019-06-28 09:57:40.000000000,99379,575,99157,575,99441,300,99122,100,99471,100,99112,100,99566,300,99094,100,99574,100,99077,100,99798,100,98981,100,99860,100,98956,100,99870,200,,,99909,100,,,99981,100,,
2019-06-28 09:57:50.000000000,99379,219,99157,219,99441,419,99122,219,99471,219,99112,219,99566,419,99094,219,99574,100,99077,100,99798,100,98981,100,99860,100,98956,100,99870,200,,,99909,100,,,99981,100,,
2019-06-28 09:58:00.000000000,99379,262,99157,262,99441,457,99122,257,99471,257,99112,257,99566,300,99094,100,99574,100,99077,100,99798,100,98981,100,99860,100,98956,100,99870,200,,,99909,100,,,99981,100,,
2019-06-28 09:58:10.000000000,99379,262,99157,262,99441,457,99122,257,99471,257,99112,257,99566,300,99094,100,99574,100,99077,100,99798,100,98981,100,99860,100,98956,100,99870,200,,,99909,100,,,99981,100,,
2019-06-28 09:58:11.762701509,99335,100,99157,262,99379,262,99122,257,99441,457,99112,257,99471,257,99094,100,99566,300,99077,100,99574,100,98981,100,99798,100,98956,100,99860,100,,,99870,200,,,99909,100,,
2019-06-28 09:58:20.000000000,99335,575,99157,575,99379,100,99122,100,99441,300,99112,100,99471,100,99094,100,99566,300,99077,100,99574,100,98981,100,99798,100,98956,100,99860,100,,,99870,200,,,99909,100,,
2019-06-28 09:58:20.402066801,99335,575,99157,575,99354,100,99122,100,99379,100,99112,100,99441,300,99094,100,99471,100,99077,100,99566,300,98981,100,99574,100,,,99798,100,,,99860,100,,,99870,200,,
2019-06-28 09:58:29.118059161,99335,575,99157,575,99354,100,99122,100,99379,100,99112,100,99441,300,99094,100,99471,100,99077,100,99566,200,98981,100,99574,100,,,99798,100,,,99860,100,,,99870,200,,
2019-06-28 09:58:30.000000000,99335,219,99157,219,99354,219,99122,219,99379,219,99112,219,99441,419,99094,219,99471,100,99077,100,99566,200,98981,100,99574,100,,,99798,100,,,99860,100,,,99870,200,,
2019-06-28 09:58:40.000000000,99335,195,99157,195,99354,195,99122,195,99379,195,99112,195,99441,395,99094,195,99471,195,99077,195,99566,200,98981,100,99574,100,,,99798,100,,,99860,100,,,99870,200,,
2019-06-28 09:58:45.515106554,99335,195,99157,195,99354,195,99122,195,99379,195,99112,195,99441,395,99094,195,99471,195,99077,195,99566,200,98981,100,99574,100,,,99740,100,,,99798,100,,,99860,100,,
2019-06-28 09:58:50.000000000,99335,338,99157,338,99354,338,99122,338,99379,100,99112,100,99441,300,99094,100,99471,100,99077,100,99566,200,98981,100,99574,100,,,99740,100,,,99798,100,,,99860,100,,
2019-06-28 09:58:51.785385123,99335,338,99157,338,99354,338,99122,338,99379,100,99112,100,99441,300,99094,100,99471,100,99077,100,99566,200,98981,100,99574,100,,,99740,100,,,99768,100,,,99798,100,,
2019-06-28 09:59:00.000000000,99335,219,99157,219,99354,219,99122,219,99379,219,99112,219,99441,419,99094,219,99471,100,99077,100,99566,200,98981,100,99574,100,,,99740,100,,,99768,100,,,99798,100,,
2019-06-28 09:59:03.968250491,99335,119,99157,219,99354,219,99122,219,99379,219,99112,219,99441,419,99094,219,99471,100,99077,100,99566,100,98981,100,99574,100,,,99740,100,,,99768,100,,,99798,100,,
2019-06-28 09:59:10.000000000,99354,219,99157,219,99379,219,99122,219,99441,419,99112,219,99471,219,99094,219,99566,100,99077,100,99574,100,98981,100,99740,100,,,99768,100,,,99798,100,,,99860,100,,
2019-06-28 09:59:12.000039131,99354,219,99344,100,99379,219,99157,219,99441,419,99122,219,99471,219,99112,219,99566,100,99094,219,99574,100,99077,100,99740,100,98981,100,99768,100,,,99798,100,,,99860,100,,
2019-06-28 09:59:20.000000000,99354,219,99344,219,99379,219,99157,219,99441,419,99122,219,99471,219,99112,219,99566,100,99094,100,99574,100,99077,100,99740,100,98981,100,99768,100,,,99798,100,,,99860,100,,
2019-06-28 09:59:20.724578455,99354,119,99344,219,99379,219,99157,219,99441,419,99122,219,99471,219,99112,219,99566,100,99094,100,99574,100,99077,100,99740,100,98981,100,99768,100,,,99798,100,,,99860,100,,
2019-06-28 09:59:30.000000000,99379,262,99344,262,99441,457,99157,257,99471,257,99122,257,99566,100,99112,100,99574,100,99094,100,99740,100,99077,100,99768,100,98981,100,99798,100,,,99860,100,,,99870,200,,
2019-06-28 09:59:40.000000000,99379,338,99344,338,99441,538,99157,338,99471,100,99122,100,99566,100,99112,100,99574,100,99094,100,99740,100,99077,100,99768,100,98981,100,99798,100,,,99860,100,,,99870,200,,
2019-06-28 09:59:42.028742259,99379,238,99344,338,99441,538,99157,338,99471,100,99122,100,99566,100,99094,100,99574,100,99077,100,99740,100,98981,100,99768,100,,,99798,100,,,99860,100,,,99870,200,,
2019-06-28 09:59:50.000000000,99441,395,99344,195,99471,195,99157,195,99566,195,99122,195,99574,195,99094,195,99740,195,99077,195,99768,100,98981,100,99798,100,,,99860,100,,,99870,200,,,99909,100,,
2019-06-28 10:00:00.000000000,99441,395,99344,195,99471,195,99157,195,99566,195,99122,195,99574,195,99094,195,99740,195,99077,195,99768,100,98981,100,99798,100,,,99860,100,,,99870,200,,,99909,100,,
2019-06-28 10:00:10.000000000,99441,395,99344,195,99471,195,99157,195,99566,195,99122,195,99574,195,99094,195,99740,195,99077,195,99768,100,98981,100,99798,100,,,99860,100,,,99870,200,,,99909,100,,
2019-06-28 10:00:11.279653441,99441,295,99344,195,99471,195,99157,195,99566,195,99122,195,99574,195,99094,195,99740,195,99077,195,99768,100,98981,100,99798,100,,,99860,100,,,99870,200,,,99909,100,,
2019-06-28 10:00:18.305511478,99441,295,99344,195,99471,195,99157,195,99566,195,99122,195,99574,195,99094,195,99740,195,99077,195,99768,100,98981,100,99798,100,,,99870,200,,,99909,100,,,99981,100,,
2019-06-28 10:00:20.000000000,99441,295,99344,195,99471,195,99157,195,99566,195,99122,195,99574,195,99094,195,99740,195,99077,195,99768,100,98981,100,99798,100,,,99870,200,,,99909,100,,,99981,100,,
2019-06-28 10:00:30.000000000,99441,319,99344,219,99471,219,99157,219,99566,219,99122,219,99574,219,99094,219,99740,100,99077,100,99768,100,98981,100,99798,100,,,99870,200,,,99909,100,,,99981,100,,
2019-06-28 10:00:40.000000000,99441,295,99344,195,99471,195,99157,195,99566,195,99122,195,99574,195,99094,195,99740,195,99077,195,99768,100,98981,100,99798,100,,,99870,200,,,99909,100,,,99981,100,,
2019-06-28 10:00:43.801500520,99441,295,99344,195,99471,195,99157,195,99566,195,99122,195,99574,195,99094,195,99740,195,99077,195,99768,100,98981,100,99798,100,,,99870,200,,,99909,100,,,100056,100,,
2019-06-28 10:00:49.710952362,99441,295,99344,195,99471,195,99157,195,99566,195,99122,195,99574,195,99094,195,99740,195,99077,195,99768,100,98981,100,99798,100,,,99870,200,,,99909,100,,,100026,100,,
2019-06-28 10:00:50.000000000,99441,319,99344,219,99471,219,99157,219,99566,219,99122,219,99574,219,99094,219,99740,100,99077,100,99768,100,98981,100,99798,100,,,99870,200,,,99909,100,,,100026,100,,
2019-06-28 10:01:00.000000000,99441,362,99344,262,99471,257,99157,257,99566,257,99122,257,99574,100,99094,100,99740,100,99077,100,99768,100,98981,100,99798,100,,,99870,200,,,99909,100,,,100026,100,,
2019-06-28 10:01:00.532507498,99441,262,99344,262,99471,257,99157,257,99566,257,99122,257,99574,100,99077,100,99740,100,98981,100,99768,100,,,99798,100,,,99870,200,,,99909,100,,,100026,100,,
2019-06-28 10:01:10.000000000,99441,338,99344,338,99471,338,99157,338,99566,100,99122,100,99574,100,99077,100,99740,100,98981,100,99768,100,,,99798,100,,,99870,200,,,99909,100,,,100026,100,,
2019-06-28 10:01:11.253803094,99441,238,99344,338,99471,338,99157,338,99566,100,99122,100,99574,100,99077,100,99740,100,98981,100,99768,100,,,99798,100,,,99870,200,,,99909,100,,,100026,100,,
2019-06-28 10:01:16.091923906,99441,238,99344,338,99471,338,99157,338,99566,100,99122,100,99574,100,99077,100,99740,100,98981,100,99768,100,,,99787,100,,,99798,100,,,99870,200,,,99909,100,,
2019-06-28 10:01:20.000000000,99471,262,99344,262,99566,257,99157,257,99574,257,99122,257,99740,100,99077,100,99768,100,98981,100,99787,100,,,99798,100,,,99870,200,,,99909,100,,,100026,100,,
2019-06-28 10:01:27.671352258,99471,262,99344,262,99566,257,99157,157,99574,257,99122,257,99740,100,99077,100,99768,100,98981,100,99787,100,,,99798,100,,,99870,200,,,99909,100,,,100026,100,,
2019-06-28 10:01:30.000000000,99471,575,99344,575,99566,100,99122,100,99574,100,99077,100,99740,100,98981,100,99768,100,,,99787,100,,,99798,100,,,99870,200,,,99909,100,,,100026,100,,
2019-06-28 10:01:40.000000000,99471,219,99344,219,99566,219,99122,219,99574,219,99077,219,99740,219,98981,219,99768,100,,,99787,100,,,99798,100,,,99870,200,,,99909,100,,,100026,100,,
2019-06-28 10:01:50.000000000,99471,219,99344,219,99566,219,99122,219,99574,219,99077,219,99740,219,98981,219,99768,100,,,99787,100,,,99798,100,,,99870,200,,,99909,100,,,100026,100,,
2019-06-28 10:01:58.404463770,99471,119,99344,219,99566,219,99122,219,99574,219,99077,219,99740,219,98981,219,99768,100,,,99787,100,,,99798,100,,,99870,200,,,99909,100,,,100026,100,,
2019-06-28 10:02:00.000000000,99566,262,99344,262,99574,257,99122,257,99740,257,99077,257,99768,100,98981,100,99787,100,,,99798,100,,,99870,200,,,99909,100,,,100026,100,,,100055,100,,
2019-06-28 10:02:00.961225593,99566,262,99344,262,99574,257,99122,257,99740,257,99077,257,99768,100,98981,100,99787,100,,,99798,100,,,99870,200,,,99909,100,,,100026,100,,,100055,100,,
2019-06-28 10:02:09.738605304,99566,262,99441,100,99574,257,99344,262,99740,257,99122,257,99768,100,99077,257,99787,100,98981,100,99798,100,,,99870,100,,,99909,100,,,100026,100,,,100055,100,,
2019-06-28 10:02:10.000000000,99566,219,99441,219,99574,219,99344,219,99740,219,99122,219,99768,219,99077,219,99787,100,98981,100,99798,100,,,99870,100,,,99909,100,,,100026,100,,,100055,100,,
2019-06-28 10:02:17.537606634,99566,219,99441,319,99574,219,99344,219,99740,219,99122,219,99768,219,99077,219,99787,100,98981,100,99798,100,,,99870,100,,,99909,100,,,100026,100,,,100055,100,,
2019-06-28 10:02:20.000000000,99566,575,99441,675,99574,100,99344,100,99740,100,99122,100,99768,100,99077,100,99787,100,98981,100,99798,100,,,99870,100,,,99909,100,,,100026,100,,,100055,100,,
2019-06-28 10:02:30.000000000,99566,195,99441,295,99574,195,99344,195,99740,195,99122,195,99768,195,99077,195,99787,195,98981,195,99798,100,,,99870,100,,,99909,100,,,100026,100,,,100055,100,,
2019-06-28 10:02:33.003261191,99566,95,99441,295,99574,195,99344,195,99740,195,99122,95,99768,195,99077,195,99787,195,98981,195,99798,100,,,99870,100,,,99909,100,,,100026,100,,,100055,100,,
2019-06-28 10:02:33.936801688,99574,195,99566,5,99740,195,99441,295,99768,195,99344,195,99787,195,99122,95,99798,100,99077,195,99870,100,98981,95,99909,100,,,100026,100,,,100055,100,,,100056,100,,
2019-06-28 10:02:35.140810329,99574,95,99566,5,99740,195,99441,295,99768,195,99344,195,99787,195,99122,95,99798,100,99077,195,99870,100,98981,95,99909,100,,,100026,100,,,100055,100,,,100056,100,,
2019-06-28 10:02:40.000000000,99740,195,99566,100,99768,195,99441,295,99787,195,99344,195,99798,195,99077,195,99870,195,99076,95,99909,100,,,100026,100,,,100055,100,,,100056,100,,,100094,100,,
2019-06-28 10:02:44.840658409,99740,195,99566,200,99768,195,99441,295,99787,195,99344,195,99798,195,99077,195,99870,195,99076,95,100026,100,,,100055,100,,,100056,100,,,100094,100,,,100114,100,,
2019-06-28 10:02:49.092310377,99740,95,99566,200,99768,195,99441,295,99787,195,99344,195,99798,195,99077,195,99870,195,99076,95,100055,100,,,100056,100,,,100094,100,,,100114,100,,,100122,100,,
2019-06-28 10:02:50.000000000,99768,575,99566,580,99787,100,99441,200,99798,100,99344,100,99870,100,99077,100,100055,100,,,100056,100,,,100094,100,,,100114,100,,,100122,100,,,100168,100,,
2019-06-28 10:03:00.000000000,99768,219,99566,224,99787,219,99441,319,99798,219,99344,219,99870,219,99077,219,100055,100,,,100056,100,,,100094,100,,,100114,100,,,100122,100,,,100168,100,,
2019-06-28 10:03:05.000713413,99768,119,99566,224,99787,219,99441,319,99798,219,99344,219,99870,219,99077,219,100055,100,,,100056,100,,,100094,100,,,100114,100,,,100122,100,,,100168,100,,
2019-06-28 10:03:06.606798814,99768,119,99566,224,99787,219,99441,319,99798,219,99344,219,99870,219,99077,219,100055,100,,,100056,100,,,100072,100,,,100094,100,,,100114,100,,,100122,100,,
2019-06-28 10:03:10.000000000,99787,338,99566,343,99798,338,99441,438,99870,100,99344,100,100055,100,99077,100,100056,100,,,100072,100,,,100094,100,,,100114,100,,,100122,100,,,100168,100,,
2019-06-28 10:03:20.000000000,99787,262,99566,267,99798,257,99441,357,99870,257,99344,257,100055,100,99077,100,100056,100,,,100072,100,,,100094,100,,,100114,100,,,100122,100,,,100168,100,,
2019-06-28 10:03:30.000000000,99787,338,99566,343,99798,338,99441,438,99870,100,99344,100,100055,100,99077,100,100056,100,,,100072,100,,,100094,100,,,100114,100,,,100122,100,,,100168,100,,
2019-06-28 10:03:40.000000000,99787,195,99566,200,99798,195,99441,295,99870,195,99344,195,100055,195,99077,195,100056,195,99076,95,100072,100,,,100094,100,,,100114,100,,,100122,100,,,100168,100,,
2019-06-28 10:03:44.897585536,99787,95,99566,200,99798,195,99441,295,99870,195,99344,195,100055,195,99077,195,100056,195,99076,95,100072,100,,,100094,100,,,100114,100,,,100122,100,,,100168,100,,
2019-06-28 10:03:50.000000000,99798,195,99566,200,99870,195,99441,295,100055,195,99344,195,100056,195,99077,195,100072,195,99076,95,100094,100,,,100114,100,,,100122,100,,,100168,100,,,100391,100,,
2019-06-28 10:04:00.000000000,99798,338,99566,343,99870,338,99441,438,100055,100,99344,100,100056,100,99077,100,100072,100,,,100094,100,,,100114,100,,,100122,100,,,100168,100,,,100391,100,,
2019-06-28 10:04:10.000000000,99798,575,99566,580,99870,100,99441,200,100055,100,99344,100,100056,100,99077,100,100072,100,,,100094,100,,,100114,100,,,100122,100,,,100168,100,,,100391,100,,
2019-06-28 10:04:11.061728470,99798,575,99566,580,99870,100,99441,200,100055,100,99344,100,100056,100,99077,100,100072,100,,,100094,100,,,100114,100,,,100122,100,,,100168,100,,,100190,100,,
2019-06-28 10:04:13.746102658,99798,475,99566,580,99870,100,99441,200,100055,100,99344,100,100056,100,99077,100,100072,100,,,100094,100,,,100114,100,,,100122,100,,,100168,100,,,100190,100,,
2019-06-28 10:04:20.000000000,99870,195,99566,200,100055,195,99441,295,100056,195,99344,195,100072,195,99077,195,100094,195,99076,95,100114,100,,,100122,100,,,100168,100,,,100190,100,,,100391,100,,
2019-06-28 10:04:30.000000000,99870,262,99566,267,100055,257,99441,357,100056,257,99344,257,100072,100,99077,100,100094,100,,,100114,100,,,100122,100,,,100168,100,,,100190,100,,,100391,100,,
2019-06-28 10:04:40.000000000,99870,262,99566,267,100055,257,99441,357,100056,257,99344,257,100072,100,99077,100,100094,100,,,100114,100,,,100122,100,,,100168,100,,,100190,100,,,100391,100,,
2019-06-28 10:04:50.000000000,99870,195,99566,200,100055,195,99441,295,100056,195,99344,195,100072,195,99077,195,100094,195,99076,95,100114,100,,,100122,100,,,100168,100,,,100190,100,,,100391,100,,
2019-06-28 10:05:00.000000000,99870,195,99566,200,100055,195,99441,295,100056,195,99344,195,100072,195,99077,195,100094,195,99076,95,100114,100,,,100122,100,,,100168,100,,,100190,100,,,100391,100,,
2019-06-28 10:05:10.000000000,99870,262,99566,267,100055,257,99441,357,100056,257,99344,257,100072,100,99077,100,100094,100,,,100114,100,,,100122,100,,,100168,100,,,100190,100,,,100391,100,,
2019-06-28 10:05:18.469963925,99870,262,99613,100,100055,257,99566,267,100056,257,99441,357,100072,100,99344,257,100094,100,99077,100,100114,100,,,100122,100,,,100168,100,,,100190,100,,,100391,100,,
2019-06-28 10:05:20.000000000,99870,262,99613,262,100055,257,99566,262,100056,257,99441,357,100072,100,99344,100,100094,100,99077,100,100114,100,,,100122,100,,,100168,100,,,100190,100,,,100391,100,,
2019-06-28 10:05:20.512642185,99762,100,99613,262,99870,262,99566,262,100055,257,99441,357,100056,257,99344,100,100072,100,99077,100,100094,100,,,100114,100,,,100122,100,,,100168,100,,,100190,100,,
2019-06-28 10:05:30.000000000,99762,338,99613,338,99870,338,99566,343,100055,100,99441,200,100056,100,99344,100,100072,100,99077,100,100094,100,,,100114,100,,,100122,100,,,100168,100,,,100190,100,,
2019-06-28 10:05:40.000000000,99762,219,99613,219,99870,219,99566,224,100055,219,99441,319,100056,219,99344,219,100072,100,99077,100,100094,100,,,100114,100,,,100122,100,,,100168,100,,,100190,100,,
2019-06-28 10:05:50.000000000,99762,219,99613,219,99870,219,99566,224,100055,219,99441,319,100056,219,99344,219,100072,100,99077,100,100094,100,,,100114,100,,,100122,100,,,100168,100,,,100190,100,,
2019-06-28 10:05:52.372551936,99762,119,99613,219,99870,219,99566,224,100055,219,99441,319,100056,219,99344,219,100072,100,99077,100,100094,100,,,100114,100,,,100122,100,,,100168,100,,,100190,100,,
2019-06-28 10:06:00.000000000,99870,262,99613,262,100055,257,99566,262,100056,257,99441,357,100072,100,99344,100,100094,100,99077,100,100114,100,,,100122,100,,,100168,100,,,100190,100,,,100511,100,,
2019-06-28 10:06:10.000000000,99870,219,99613,219,100055,219,99566,224,100056,219,99441,319,100072,219,99344,219,100094,100,99077,100,100114,100,,,100122,100,,,100168,100,,,100190,100,,,100511,100,,
2019-06-28 10:06:20.000000000,99870,219,99613,219,100055,219,99566,224,100056,219,99441,319,100072,219,99344,219,100094,100,99077,100,100114,100,,,100122,100,,,100168,100,,,100190,100,,,100511,100,,
2019-06-28 10:06:20.914415202,99870,219,99613,219,100055,219,99566,224,100056,219,99539,100,100072,219,99441,319,100094,100,99344,219,100114,100,99077,100,100122,100,,,100168,100,,,100190,100,,,100511,100,,
2019-06-28 10:06:30.000000000,99870,262,99613,262,100055,257,99566,262,100056,257,99539,257,100072,100,99441,200,100094,100,99344,100,100114,100,99077,100,100122,100,,,100168,100,,,100190,100,,,100511,100,,
2019-06-28 10:06:37.801688203,99870,262,99613,262,100055,257,99566,262,100056,257,99539,257,100072,100,99441,200,100094,100,99344,100,100122,100,99246,100,100168,100,99077,100,100190,100,,,100511,100,,,100787,100,,
2019-06-28 10:06:40.000000000,99870,219,99613,219,100055,219,99566,224,100056,219,99539,219,100072,219,99441,319,100094,100,99344,100,100122,100,99246,100,100168,100,99077,100,100190,100,,,100511,100,,,100787,100,,
2019-06-28 10:06:50.000000000,99870,262,99613,262,100055,257,99566,262,100056,257,99539,257,100072,100,99441,200,100094,100,99344,100,100122,100,99246,100,100168,100,99077,100,100190,100,,,100511,100,,,100787,100,,
2019-06-28 10:06:51.672649750,99870,262,99613,162,100055,257,99566,262,100056,257,99539,257,100072,100,99441,200,100094,100,99344,100,100122,100,99246,100,100168,100,99077,100,100190,100,,,100511,100,,,100787,100,,
2019-06-28 10:06:56.349598221,99870,262,99613,62,100055,257,99566,262,100056,257,99539,257,100072,100,99441,200,100094,100,99344,100,100122,100,99246,100,100168,100,99077,100,100190,100,,,100511,100,,,100787,100,,
2019-06-28 10:07:00.000000000,99870,575,99566,580,100055,100,99539,100,100056,100,99441,200,100072,100,99344,100,100094,100,99246,100,100122,100,99077,100,100168,100,,,100190,100,,,100511,100,,,100787,100,,
2019-06-28 10:07:10.000000000,99870,338,99566,343,100055,338,99539,338,100056,100,99441,200,100072,100,99344,100,100094,100,99246,100,100122,100,99077,100,100168,100,,,100190,100,,,100511,100,,,100787,100,,
2019-06-28 10:07:10.470255490,99870,338,99566,343,100055,338,99539,338,100056,100,99441,200,100072,100,99344,100,100094,100,99246,100,100122,100,99077,100,100168,100,99008,100,100190,100,,,100511,100,,,100787,100,,
2019-06-28 10:07:13.182662652,99870,338,99566,343,100055,338,99539,338,100056,100,99441,200,100072,100,99344,100,100094,100,99246,100,100122,100,99167,100,100168,100,99077,100,100190,100,99008,100,100511,100,,,100787,100,,
2019-06-28 10:07:20.000000000,99870,262,99566,267,100055,257,99539,257,100056,257,99441,357,100072,100,99344,100,100094,100,99246,100,100122,100,99167,100,100168,100,99077,100,100190,100,99008,100,100511,100,,,100787,100,,
2019-06-28 10:07:20.080403020,99870,262,99566,167,100055,257,99539,257,100056,257,99441,357,100072,100,99344,100,100094,100,99246,100,100122,100,99167,100,100168,100,99077,100,100190,100,99008,100,100787,100,,,,,,
2019-06-28 10:07:30.000000000,99870,338,99566,243,100055,338,99539,338,100056,100,99441,200,100072,100,99344,100,100094,100,99246,100,100122,100,99167,100,100168,100,99077,100,100190,100,99008,100,100787,100,,,,,,
2019-06-28 10:07:40.000000000,99870,262,99566,167,100055,257,99539,257,100056,257,99441,357,100072,100,99344,100,100094,100,99246,100,100122,100,99167,100,100168,100,99077,100,100190,100,99008,100,100787,100,,,,,,
2019-06-28 10:07:50.000000000,99870,338,99566,243,100055,338,99539,338,100056,100,99441,200,100072,100,99344,100,100094,100,99246,100,100122,100,99167,100,100168,100,99077,100,100190,100,99008,100,100787,100,,,,,,
2019-06-28 10:08:00.000000000,99870,262,99566,167,100055,257,99539,257,100056,257,99441,357,100072,100,99344,100,100094,100,99246,100,100122,100,99167,100,100168,100,99077,100,100190,100,99008,100,100787,100,,,,,,
2019-06-28 10:08:10.000000000,99870,219,99566,124,100055,219,99539,219,100056,219,99441,319,100072,219,99344,219,100094,100,99246,100,100122,100,99167,100,100168,100,99077,100,100190,100,99008,100,100787,100,,,,,,
2019-06-28 10:08:20.000000000,99870,195,99566,100,100055,195,99539,195,100056,195,99441,295,100072,195,99344,195,100094,195,99246,195,100122,100,99167,100,100168,100,99077,100,100190,100,99008,100,100787,100,,,,,,
2019-06-28 10:08:26.011547579,99870,195,99539,195,100055,195,99441,295,100056,195,99344,195,100072,195,99246,195,100094,195,99167,100,100122,100,99077,100,100168,100,99008,100,100190,100,,,100787,100,,,,,,
2019-06-28 10:08:30.000000000,99870,338,99539,338,100055,338,99441,438,100056,100,99344,100,100072,100,99246,100,100094,100,99167,100,100122,100,99077,100,100168,100,99008,100,100190,100,,,100787,100,,,,,,
2019-06-28 10:08:31.228409005,99870,338,99539,238,100055,338,99441,438,100056,100,99344,100,100072,100,99246,100,100094,100,99167,100,100122,100,99077,100,100168,100,99008,100,100190,100,,,100787,100,,,,,,
2019-06-28 10:08:32.043714527,99566,100,99539,238,99870,338,99441,438,100055,338,99344,100,100056,100,99246,100,100072,100,99167,100,100094,100,99077,100,100122,100,99008,100,100168,100,,,100190,100,,,100787,100,,
2019-06-28 10:08:37.553597592,99566,200,99539,238,99870,338,99441,438,100055,338,99344,100,100056,100,99246,100,100072,100,99167,100,100094,100,99077,100,100122,100,99008,100,100168,100,,,100190,100,,,100787,100,,
2019-06-28 10:08:40.000000000,99566,675,99441,675,99870,100,99344,100,100055,100,99246,100,100056,100,99167,100,100072,100,99077,100,100094,100,99008,100,100122,100,,,100168,100,,,100190,100,,,100787,100,,
2019-06-28 10:08:50.000000000,99566,362,99441,362,99870,257,99344,257,100055,257,99246,257,100056,100,99167,100,100072,100,99077,100,100094,100,99008,100,100122,100,,,100168,100,,,100190,100,,,100787,100,,
2019-06-28 10:08:54.975317198,99566,362,99441,362,99870,257,99344,257,99914,100,99246,257,100055,257,99167,100,100056,100,99077,100,100072,100,99008,100,100094,100,,,100122,100,,,100168,100,,,100190,100,,
2019-06-28 10:09:00.000000000,99566,675,99441,675,99870,100,99344,100,99914,100,99246,100,100055,100,99167,100,100056,100,99077,100,100072,100,99008,100,100094,100,,,100122,100,,,100168,100,,,100190,100,,
2019-06-28 10:09:10.000000000,99566,675,99441,675,99870,100,99344,100,99914,100,99246,100,100055,100,99167,100,100056,100,99077,100,100072,100,99008,100,100094,100,,,100122,100,,,100168,100,,,100190,100,,
2019-06-28 10:09:19.678000742,99566,475,99441,675,99870,100,99344,100,99914,100,99246,100,100055,100,99167,100,100056,100,99077,100,100072,100,99008,100,100094,100,,,100122,100,,,100168,100,,,100190,100,,
2019-06-28 10:09:20.000000000,99870,575,99441,675,99914,100,99344,100,100055,100,99246,100,100056,100,99167,100,100072,100,99077,100,100094,100,99008,100,100122,100,,,100168,100,,,100190,100,,,100787,100,,
2019-06-28 10:09:20.924976895,99870,575,99597,100,99914,100,99441,675,100055,100,99344,100,100056,100,99246,100,100072,100,99167,100,100094,100,99077,100,100122,100,99008,100,100168,100,,,100190,100,,,100787,100,,
2019-06-28 10:09:30.000000000,99870,262,99597,262,99914,257,99441,357,100055,257,99344,257,100056,100,99246,100,100072,100,99167,100,100094,100,99077,100,100122,100,99008,100,100168,100,,,100190,100,,,100787,100,,
2019-06-28 10:09:32.222174471,99870,262,99597,262,99914,257,99533,100,100055,257,99441,357,100056,100,99344,257,100072,100,99246,100,100094,100,99167,100,100122,100,99077,100,100168,100,99008,100,100190,100,,,100787,100,,
2019-06-28 10:09:35.962746440,99655,100,99597,262,99870,262,99533,100,99914,257,99441,357,100055,257,99344,257,100056,100,99246,100,100072,100,99167,100,100094,100,99077,100,100122,100,99008,100,100168,100,,,100190,100,,
2019-06-28 10:09:40.000000000,99655,195,99597,195,99870,195,99533,195,99914,195,99441,295,100055,195,99344,195,100056,195,99246,195,100072,100,99167,100,100094,100,99077,100,100122,100,99008,100,100168,100,,,100190,100,,
2019-06-28 10:09:50.000000000,99655,195,99597,195,99870,195,99533,195,99914,195,99441,295,100055,195,99344,195,100056,195,99246,195,100072,100,99167,100,100094,100,99077,100,100122,100,99008,100,100168,100,,,100190,100,,
2019-06-28 10:10:00.000000000,99655,195,99597,195,99870,195,99533,195,99914,195,99441,295,100055,195,99344,195,100056,195,99246,195,100072,100,99167,100,100094,100,99077,100,100122,100,99008,100,100168,100,,,100190,100,,
2019-06-28 10:10:10.000000000,99655,575,99597,575,99870,100,99533,100,99914,100,99441,200,100055,100,99344,100,100056,100,99246,100,100072,100,99167,100,100094,100,99077,100,100122,100,99008,100,100168,100,,,100190,100,,
2019-06-28 10:10:10.356332811,99655,575,99597,575,99779,100,99533,100,99870,100,99441,200,99914,100,99344,100,100055,100,99246,100,100056,100,99167,100,100072,100,99077,100,100122,100,99008,100,100168,100,,,100190,100,,
2019-06-28 10:10:13.372960129,99655,575,99597,575,99779,100,99540,100,99870,100,99533,100,99914,100,99441,200,100055,100,99344,100,100056,100,99246,100,100072,100,99167,100,100122,100,99077,100,100168,100,99008,100,100190,100,,
2019-06-28 10:10:20.000000000,99655,338,99597,338,99779,338,99540,338,99870,100,99533,100,99914,100,99441,200,100055,100,99344,100,100056,100,99246,100,100072,100,99167,100,100122,100,99077,100,100168,100,99008,100,100190,100,,
2019-06-28 10:10:28.362285849,99655,238,99597,338,99779,338,99540,338,99870,100,99533,100,99914,100,99441,200,100055,100,99344,100,100056,100,99246,100,100072,100,99167,100,100122,100,99077,100,100168,100,99008,100,100190,100,,
2019-06-28 10:10:28.974785464,99655,138,99597,338,99779,338,99540,338,99870,100,99533,100,99914,100,99441,200,100055,100,99344,100,100056,100,99246,100,100072,100,99167,100,100122,100,99077,100,100168,100,99008,100,100190,100,,
2019-06-28 10:10:30.000000000,99779,575,99597,575,99870,100,99540,100,99914,100,99533,100,100055,100,99441,200,100056,100,99344,100,100072,100,99246,100,100122,100,99167,100,100168,100,99077,100,100190,100,99008,100,100787,100,,
2019-06-28 10:10:40.000000000,99779,195,99597,195,99870,195,99540,195,99914,195,99533,195,100055,195,99441,295,100056,195,99344,195,100072,100,99246,100,100122,100,99167,100,100168,100,99077,100,100190,100,99008,100,100787,100,,
