,ask_price_1,ask_size_1,bid_price_1,bid_size_1,ask_price_2,ask_size_2,bid_price_2,bid_size_2,ask_price_3,ask_size_3,bid_price_3,bid_size_3,ask_price_4,ask_size_4,bid_price_4,bid_size_4,ask_price_5,ask_size_5,bid_price_5,bid_size_5,ask_price_6,ask_size_6,bid_price_6,bid_size_6,ask_price_7,ask_size_7,bid_price_7,bid_size_7,ask_price_8,ask_size_8,bid_price_8,bid_size_8,ask_price_9,ask_size_9,bid_price_9,bid_size_9,ask_price_10,ask_size_10,bid_price_10,bid_size_10
2019-06-28 09:30:00.000000000,100116,100,,,100170,100,,,,,,,,,,,,,,,,,,,,,,,,,,,,,,,,,,
2019-06-28 09:30:00.000000002,100070,100,,,100116,100,,,100170,100,,,,,,,,,,,,,,,,,,,,,,,,,,,,,,
2019-06-28 09:30:00.000000003,100070,100,,,100073,100,,,100116,100,,,100117,100,,,100170,100,,,,,,,,,,,,,,,,,,,,,,
2019-06-28 09:30:00.000000005,100070,100,99892,100,100073,100,,,100116,100,,,100117,100,,,100170,100,,,,,,,,,,,,,,,,,,,,,,
2019-06-28 09:30:00.000000006,100070,100,99892,100,100073,100,99866,100,100116,100,,,100117,100,,,100142,100,,,100170,100,,,,,,,,,,,,,,,,,,
2019-06-28 09:30:00.000000007,100070,100,99892,100,100073,100,99866,100,100116,100,99773,100,100117,100,,,100142,100,,,100170,100,,,,,,,,,,,,,,,,,,
2019-06-28 09:30:00.000000009,100070,100,99892,100,100073,100,99866,100,100116,100,99773,100,100117,100,99739,100,100142,100,,,100170,100,,,,,,,,,,,,,,,,,,
2019-06-28 09:30:00.000000011,100069,100,99892,100,100070,100,99866,100,100073,100,99773,100,100116,100,99739,100,100117,100,,,100133,100,,,100142,100,,,100170,100,,,,,,,,,,
2019-06-28 09:30:00.000000012,100069,100,99892,100,100070,100,99867,100,100073,100,99866,100,100093,100,99773,100,100116,100,99739,100,100117,100,,,100133,100,,,100142,100,,,100170,100,,,,,,
2019-06-28 09:30:00.000000013,100069,100,100014,100,100070,100,99892,100,100073,100,99867,100,100093,100,99866,100,100116,100,99773,100,100117,100,99739,100,100133,100,,,100142,100,,,100170,100,,,,,,
2019-06-28 09:30:00.000000015,100069,100,100014,100,100070,100,99892,100,100073,100,99867,100,100093,100,99866,100,100116,100,99773,100,100117,100,99739,100,100133,100,,,100142,100,,,100170,100,,,100171,100,,
2019-06-28 09:30:00.000000016,100069,100,100025,100,100070,100,100014,100,100073,100,99945,100,100093,100,99892,100,100116,100,99867,100,100117,100,99866,100,100131,100,99773,100,100133,100,99739,100,100142,100,,,100170,100,,
2019-06-28 09:30:00.000000018,100069,100,100025,100,100070,100,100014,100,100073,100,99945,100,100093,100,99892,100,100116,100,99867,100,100117,100,99866,100,100131,100,99773,100,100133,100,99739,100,100142,100,,,100160,100,,
2019-06-28 09:30:00.000000024,100069,100,100014,100,100070,100,99945,100,100073,100,99892,100,100093,100,99867,100,100116,100,99866,100,100117,100,99773,100,100131,100,99739,100,100133,100,,,100142,100,,,100160,100,,
2019-06-28 09:30:00.000000025,100069,100,100014,100,100070,100,99945,100,100073,100,99892,100,100093,100,99867,100,100116,100,99866,100,100117,100,99773,100,100131,100,99739,100,100133,100,,,100142,100,,,100160,100,,
2019-06-28 09:30:00.000000026,100069,100,100014,100,100070,100,99994,100,100073,100,99945,100,100093,100,99892,100,100116,100,99867,100,100117,100,99866,100,100131,100,99773,100,100133,100,99739,100,100142,100,,,100160,100,,
2019-06-28 09:30:00.000000027,100069,100,100014,100,100070,100,99994,100,100073,100,99945,200,100093,100,99892,100,100116,100,99867,100,100117,100,99866,100,100131,100,99773,100,100133,100,99739,100,100142,100,,,100160,100,,
2019-06-28 09:30:00.000000028,100069,100,100014,100,100070,100,99994,100,100073,100,99945,200,100093,100,99892,100,100116,100,99867,100,100117,100,99866,100,100131,100,99812,100,100133,100,99773,100,100142,100,99739,100,100160,100,,
2019-06-28 09:30:00.000000030,100069,100,100014,100,100070,100,99994,100,100073,100,99945,200,100093,100,99933,100,100116,100,99892,100,100117,100,99867,100,100131,100,99866,100,100133,100,99812,100,100142,100,99773,100,100160,100,99739,100
2019-06-28 09:30:00.000000034,100043,100,100014,100,100069,100,99994,100,100070,100,99945,200,100073,100,99933,100,100093,100,99892,100,100116,100,99867,100,100117,100,99866,100,100131,100,99812,100,100133,100,99773,100,100142,100,99739,100
2019-06-28 09:30:00.000000035,100043,100,100014,100,100069,100,99994,100,100070,100,99945,200,100073,100,99933,100,100093,100,99892,100,100110,100,99867,100,100116,100,99866,100,100117,100,99812,100,100131,100,99773,100,100133,100,99739,100
2019-06-28 09:30:00.000000039,100043,100,100014,100,100069,100,99994,100,100070,100,99945,200,100073,100,99933,100,100093,100,99892,100,100104,100,99867,100,100107,100,99866,100,100110,100,99812,100,100116,100,99773,100,100117,100,99739,100
2019-06-28 09:30:00.000000040,100069,100,100014,100,100070,100,99994,100,100073,100,99969,100,100093,100,99945,200,100104,100,99933,100,100107,100,99892,100,100110,100,99867,100,100116,100,99866,100,100117,100,99812,100,100131,100,99773,100
2019-06-28 09:30:00.000000042,100069,100,100014,100,100070,100,99994,100,100073,100,99969,100,100093,100,99952,100,100104,100,99945,200,100107,100,99933,100,100110,100,99892,100,100116,100,99881,100,100117,100,99867,100,100131,100,99866,100
2019-06-28 09:30:00.000000043,100069,100,100025,100,100070,100,100014,100,100073,100,99994,100,100093,100,99969,100,100104,100,99952,100,100107,100,99945,200,100110,100,99933,100,100116,100,99892,100,100117,100,99881,100,100131,100,99867,100
2019-06-28 09:30:00.000000047,100043,100,100025,100,100069,100,100014,100,100070,100,99994,100,100073,100,99969,100,100093,100,99952,100,100104,100,99945,200,100107,100,99933,100,100110,100,99892,100,100116,100,99881,100,100117,100,99867,100
2019-06-28 09:30:00.000000049,100043,200,100025,100,100069,100,100014,100,100070,100,99994,100,100073,100,99969,100,100093,100,99952,100,100104,100,99945,200,100107,100,99933,100,100110,100,99892,100,100116,100,99881,100,100117,100,99867,100
2019-06-28 09:30:00.000000054,100043,200,100025,200,100069,100,100014,100,100070,100,99994,100,100073,100,99969,100,100093,100,99952,100,100104,100,99945,200,100107,100,99933,100,100110,100,99892,100,100116,100,99881,100,100117,100,99867,100
2019-06-28 09:30:00.000000056,100043,300,100025,200,100069,100,100014,100,100070,100,99994,100,100073,100,99969,100,100093,100,99954,100,100104,100,99952,100,100107,100,99945,200,100110,100,99933,100,100116,100,99892,100,100117,100,99881,100
2019-06-28 09:30:00.000000058,100043,300,100026,100,100069,100,100025,100,100070,100,100014,100,100073,100,99994,100,100093,100,99969,100,100104,100,99954,100,100107,100,99952,100,100110,100,99945,200,100116,100,99933,100,100117,100,99892,100
2019-06-28 09:30:00.000000060,100043,300,100026,200,100069,100,100025,100,100070,100,100014,100,100073,100,99994,100,100093,100,99969,100,100104,100,99954,100,100107,100,99952,100,100110,100,99945,200,100116,100,99933,100,100117,100,99892,100
2019-06-28 09:30:00.000000062,100043,300,100026,200,100069,100,100025,100,100070,100,100014,100,100073,100,100000,100,100080,100,99994,100,100093,100,99969,100,100104,100,99954,100,100107,100,99952,100,100110,100,99945,200,100116,100,99933,100
2019-06-28 09:30:00.000000063,100043,300,100026,200,100069,100,100025,100,100070,100,100014,100,100073,100,100000,100,100080,100,99994,100,100093,100,99969,100,100104,100,99954,100,100107,100,99952,100,100110,100,99945,200,100116,100,99933,100
2019-06-28 09:30:00.000000066,100042,100,100026,200,100043,300,100025,100,100069,100,100014,100,100070,100,100000,100,100073,100,99994,100,100080,100,99969,100,100093,100,99954,100,100104,100,99952,100,100107,100,99945,200,100110,100,99933,100
2019-06-28 09:30:00.000000068,100042,100,100026,200,100043,300,100025,100,100069,100,100014,100,100070,100,100000,100,100073,100,99994,100,100080,100,99969,100,100093,100,99954,100,100104,100,99952,100,100107,100,99945,200,100110,100,99933,100
2019-06-28 09:30:00.000000069,100042,100,100026,200,100043,300,100025,100,100054,100,100014,100,100069,100,100000,100,100070,100,99994,100,100073,100,99969,100,100080,100,99954,100,100093,100,99952,100,100104,100,99945,200,100107,100,99933,100
2019-06-28 09:30:00.000000074,100042,100,100026,100,100043,300,100025,100,100054,100,100014,100,100069,100,100000,100,100070,100,99994,100,100073,100,99969,100,100080,100,99954,100,100093,100,99952,100,100104,100,99945,200,100107,100,99933,100
2019-06-28 09:30:00.000000075,100042,100,100026,100,100043,300,100025,100,100054,100,100014,100,100069,100,100000,100,100070,100,99994,100,100073,100,99969,100,100080,100,99954,100,100093,100,99952,100,100104,100,99945,200,100107,100,99933,100
2019-06-28 09:30:00.000000077,100042,100,100026,100,100043,300,100025,100,100054,100,100014,100,100069,100,100000,100,100070,100,99994,100,100073,100,99969,100,100080,100,99954,100,100093,100,99952,100,100104,100,99945,200,100107,100,99933,100
2019-06-28 09:30:00.000000079,100032,100,100026,100,100042,100,100025,100,100043,300,100014,100,100054,100,100000,100,100069,100,99994,100,100070,100,99969,100,100073,100,99954,100,100080,100,99952,100,100093,100,99945,200,100104,100,99933,100
2019-06-28 09:30:00.000000081,100032,100,100025,100,100042,100,100014,100,100043,300,100000,100,100054,100,99994,100,100069,100,99969,100,100070,100,99954,100,100073,100,99952,100,100080,100,99945,200,100093,100,99933,100,100104,100,99908,100
2019-06-28 09:30:00.000000090,100032,100,100025,100,100042,100,100014,100,100043,300,100010,100,100054,100,100000,100,100069,100,99994,100,100070,100,99969,100,100073,100,99954,100,100080,100,99952,100,100093,100,99945,200,100104,100,99933,100
2019-06-28 09:30:00.000000091,100032,100,100025,100,100042,100,100014,100,100043,300,100010,100,100054,100,100000,100,100069,100,99994,100,100070,100,99969,100,100073,100,99954,100,100080,100,99952,100,100093,100,99945,200,100098,100,99933,100
2019-06-28 09:30:00.000000093,100032,100,100025,100,100042,100,100014,100,100043,300,100010,100,100054,100,100000,100,100069,100,99994,100,100070,100,99969,100,100073,100,99954,100,100080,100,99952,100,100093,100,99945,200,100098,100,99933,100
2019-06-28 09:30:00.000000094,100032,100,100025,100,100042,100,100020,100,100043,300,100014,100,100054,100,100010,100,100069,100,100000,100,100070,100,99994,100,100073,100,99988,100,100080,100,99969,100,100093,100,99954,100,100098,100,99952,100
2019-06-28 09:30:10.000000000,100032,203,100025,203,100042,203,100020,203,100043,403,100014,203,100054,203,100010,203,100069,100,100000,100,100070,100,99994,100,100073,100,99988,100,100080,100,99969,100,100093,100,99954,100,100098,100,99952,100
2019-06-28 09:30:13.808482058,100032,203,100025,203,100042,203,100020,203,100043,403,100014,203,100054,203,100010,203,100069,100,100000,100,100070,100,99994,100,100073,100,99988,100,100080,100,99969,100,100093,100,99954,100,100098,100,99952,100
2019-06-28 09:30:17.081245984,100026,100,100025,203,100032,203,100020,203,100042,203,100014,203,100043,403,100010,203,100054,203,100000,100,100069,100,99994,100,100070,100,99988,100,100073,100,99969,100,100080,100,99954,100,100093,100,99952,100
2019-06-28 09:30:20.000000000,100026,513,100025,513,100032,100,100020,100,100042,100,100014,100,100043,300,100010,100,100054,100,100000,100,100069,100,99994,100,100070,100,99988,100,100073,100,99969,100,100080,100,99954,100,100093,100,99952,100
2019-06-28 09:30:30.000000000,100026,203,100025,203,100032,203,100020,203,100042,203,100014,203,100043,403,100010,203,100054,100,100000,100,100069,100,99994,100,100070,100,99988,100,100073,100,99969,100,100080,100,99954,100,100093,100,99952,100
2019-06-28 09:30:30.029155706,100026,203,100025,203,100032,203,100020,203,100042,203,100014,203,100043,403,100011,100,100054,100,100010,203,100069,100,100000,100,100070,100,99994,100,100073,100,99988,100,100080,100,99969,100,100093,100,99954,100
2019-06-28 09:30:31.322267509,100026,203,100025,203,100032,203,100020,203,100042,203,100014,203,100043,403,100011,100,100054,100,100010,203,100069,100,100000,100,100070,100,99994,100,100073,100,99988,100,100080,100,99969,100,100093,200,99954,100
2019-06-28 09:30:40.000000000,100026,183,100025,183,100032,183,100020,183,100042,183,100014,183,100043,383,100011,183,100054,183,100010,183,100069,100,100000,100,100070,100,99994,100,100073,100,99988,100,100080,100,99969,100,100093,200,99954,100
2019-06-28 09:30:50.000000000,100026,183,100025,183,100032,183,100020,183,100042,183,100014,183,100043,383,100011,183,100054,183,100010,183,100069,100,100000,100,100070,100,99994,100,100073,100,99988,100,100080,100,99969,100,100093,200,99954,100
2019-06-28 09:31:00.000000000,100026,240,100025,240,100032,236,100020,236,100042,236,100014,236,100043,300,100011,100,100054,100,100010,100,100069,100,100000,100,100070,100,99994,100,100073,100,99988,100,100080,100,99969,100,100093,200,99954,100
2019-06-28 09:31:01.815605519,100026,140,100025,240,100032,236,100020,236,100042,236,100014,236,100043,300,100011,100,100054,100,100010,100,100069,100,100000,100,100070,100,99994,100,100073,100,99988,100,100080,100,99969,100,100093,200,99954,100
2019-06-28 09:31:10.000000000,100032,240,100025,240,100042,236,100020,236,100043,436,100014,236,100054,100,100011,100,100069,100,100010,100,100070,100,100000,100,100073,100,99994,100,100080,100,99988,100,100093,200,99969,100,100098,100,99954,100
2019-06-28 09:31:20.000000000,100032,183,100025,183,100042,183,100020,183,100043,383,100014,183,100054,183,100011,183,100069,183,100010,183,100070,100,100000,100,100073,100,99994,100,100080,100,99988,100,100093,200,99969,100,100098,100,99954,100
2019-06-28 09:31:27.114982623,100032,83,100025,183,100042,183,100020,183,100043,383,100014,183,100054,183,100011,183,100069,183,100010,183,100070,100,100000,100,100073,100,99994,100,100080,100,99988,100,100093,200,99969,100,100098,100,99954,100
2019-06-28 09:31:30.000000000,100042,306,100025,306,100043,506,100020,306,100054,100,100014,100,100069,100,100011,100,100070,100,100010,100,100073,100,100000,100,100080,100,99994,100,100093,200,99988,100,100098,100,99969,100,100104,100,99954,100
2019-06-28 09:31:33.118992877,100042,306,100026,100,100043,506,100025,306,100054,100,100020,306,100069,100,100014,100,100070,100,100011,100,100073,100,100010,100,100080,100,100000,100,100093,200,99994,100,100098,100,99988,100,100104,100,99969,100
2019-06-28 09:31:40.000000000,100042,306,100026,306,100043,506,100025,306,100054,100,100020,100,100069,100,100014,100,100070,100,100011,100,100073,100,100010,100,100080,100,100000,100,100093,200,99994,100,100098,100,99988,100,100104,100,99969,100
2019-06-28 09:31:50.000000000,100042,183,100026,183,100043,383,100025,183,100054,183,100020,183,100069,183,100014,183,100070,183,100011,183,100073,100,100010,100,100080,100,100000,100,100093,200,99994,100,100098,100,99988,100,100104,100,99969,100
2019-06-28 09:32:00.000000000,100042,306,100026,306,100043,506,100025,306,100054,100,100020,100,100069,100,100014,100,100070,100,100011,100,100073,100,100010,100,100080,100,100000,100,100093,200,99994,100,100098,100,99988,100,100104,100,99969,100
2019-06-28 09:32:10.000000000,100042,306,100026,306,100043,506,100025,306,100054,100,100020,100,100069,100,100014,100,100070,100,100011,100,100073,100,100010,100,100080,100,100000,100,100093,200,99994,100,100098,100,99988,100,100104,100,99969,100
2019-06-28 09:32:14.930502354,100042,306,100026,306,100043,406,100025,306,100054,100,100020,100,100069,100,100014,100,100070,100,100011,100,100073,100,100010,100,100080,100,100000,100,100093,200,99994,100,100098,100,99988,100,100104,100,99969,100
2019-06-28 09:32:20.000000000,100042,513,100026,513,100043,200,100025,100,100054,100,100020,100,100069,100,100014,100,100070,100,100011,100,100073,100,100010,100,100080,100,100000,100,100093,200,99994,100,100098,100,99988,100,100104,100,99969,100
2019-06-28 09:32:23.953234898,100042,513,100026,513,100043,100,100025,100,100054,100,100020,100,100069,100,100014,100,100070,100,100011,100,100073,100,100010,100,100080,100,100000,100,100093,200,99994,100,100098,100,99988,100,100104,100,99969,100
2019-06-28 09:32:24.028234202,100042,513,100026,513,100043,100,100025,100,100054,100,100020,100,100069,100,100014,100,100070,100,100011,100,100073,100,100010,100,100080,100,100000,100,100093,200,99994,100,100098,100,99988,100,100103,100,99969,100
2019-06-28 09:32:24.653394107,100042,513,100026,513,100043,100,100025,100,100054,100,100020,100,100069,100,100014,100,100070,100,100010,100,100073,100,100000,100,100080,100,99994,100,100093,200,99988,100,100098,100,99969,100,100103,100,99954,100
2019-06-28 09:32:27.905846264,100042,513,100026,513,100043,100,100025,100,100054,100,100020,100,100069,100,100014,100,100070,100,100010,100,100073,100,100000,100,100080,100,99994,100,100093,200,99988,100,100098,100,99969,100,100103,100,99954,100
2019-06-28 09:32:30.000000000,100042,306,100026,306,100043,306,100025,306,100054,100,100020,100,100069,100,100014,100,100070,100,100010,100,100073,100,100000,100,100080,100,99994,100,100093,200,99988,100,100098,100,99969,100,100103,100,99954,100
2019-06-28 09:32:39.002217344,100042,306,100026,206,100043,306,100025,306,100054,100,100020,100,100070,100,100014,100,100073,100,100010,100,100080,100,100000,100,100093,200,99994,100,100098,100,99988,100,100103,100,99969,100,100104,100,99954,100
2019-06-28 09:32:40.000000000,100042,306,100025,306,100043,306,100020,306,100054,100,100014,100,100070,100,100010,100,100073,100,100000,100,100080,100,99994,100,100093,200,99988,100,100098,100,99969,100,100103,100,99954,100,100104,100,99945,200
2019-06-28 09:32:50.000000000,100042,513,100025,513,100043,100,100020,100,100054,100,100014,100,100070,100,100010,100,100073,100,100000,100,100080,100,99994,100,100093,200,99988,100,100098,100,99969,100,100103,100,99954,100,100104,100,99945,200
2019-06-28 09:33:00.000000000,100042,306,100025,306,100043,306,100020,306,100054,100,100014,100,100070,100,100010,100,100073,100,100000,100,100080,100,99994,100,100093,200,99988,100,100098,100,99969,100,100103,100,99954,100,100104,100,99945,200
2019-06-28 09:33:10.000000000,100042,240,100025,240,100043,236,100020,236,100054,236,100014,236,100070,100,100010,100,100073,100,100000,100,100080,100,99994,100,100093,200,99988,100,100098,100,99969,100,100103,100,99954,100,100104,100,99945,200
2019-06-28 09:33:12.831252318,100042,240,100032,100,100043,236,100025,240,100054,236,100020,236,100070,100,100014,236,100073,100,100010,100,100080,100,100000,100,100093,200,99994,100,100098,100,99988,100,100103,100,99969,100,100104,100,99954,100
2019-06-28 09:33:20.000000000,100042,183,100032,183,100043,183,100025,183,100054,183,100020,183,100070,183,100014,183,100073,183,100010,183,100080,100,100000,100,100093,200,99994,100,100098,100,99988,100,100103,100,99969,100,100104,100,99954,100
2019-06-28 09:33:22.952089283,100042,183,100032,183,100043,183,100027,100,100054,183,100025,183,100070,183,100020,183,100073,183,100014,183,100080,100,100010,183,100093,200,100000,100,100098,100,99994,100,100103,100,99988,100,100104,100,99969,100
2019-06-28 09:33:25.792826568,100042,183,100032,183,100043,183,100027,100,100048,100,100025,183,100054,183,100020,183,100070,183,100014,183,100073,183,100010,183,100080,100,100000,100,100093,200,99994,100,100098,100,99988,100,100103,100,99969,100
2019-06-28 09:33:29.316743583,100042,183,100032,83,100043,183,100027,100,100048,100,100025,183,100054,183,100020,183,100070,183,100014,183,100073,183,100010,183,100080,100,100000,100,100093,200,99994,100,100098,100,99988,100,100103,100,99969,100
2019-06-28 09:33:30.000000000,100042,203,100027,203,100043,203,100025,203,100048,203,100020,203,100054,203,100014,203,100070,100,100010,100,100073,100,100000,100,100080,100,99994,100,100093,200,99988,100,100098,100,99969,100,100103,100,99954,100
2019-06-28 09:33:40.000000000,100042,240,100027,240,100043,236,100025,236,100048,236,100020,236,100054,100,100014,100,100070,100,100010,100,100073,100,100000,100,100080,100,99994,100,100093,200,99988,100,100098,100,99969,100,100103,100,99954,100
2019-06-28 09:33:50.000000000,100042,183,100027,183,100043,183,100025,183,100048,183,100020,183,100054,183,100014,183,100070,183,100010,183,100073,100,100000,100,100080,100,99994,100,100093,200,99988,100,100098,100,99969,100,100103,100,99954,100
2019-06-28 09:34:00.000000000,100042,306,100027,306,100043,306,100025,306,100048,100,100020,100,100054,100,100014,100,100070,100,100010,100,100073,100,100000,100,100080,100,99994,100,100093,200,99988,100,100098,100,99969,100,100103,100,99954,100
2019-06-28 09:34:07.372377440,100032,100,100027,306,100042,306,100025,306,100043,306,100020,100,100048,100,100014,100,100054,100,100010,100,100070,100,100000,100,100073,100,99994,100,100080,100,99988,100,100093,200,99969,100,100098,100,99954,100
2019-06-28 09:34:10.000000000,100032,306,100027,306,100042,306,100025,306,100043,100,100020,100,100048,100,100014,100,100054,100,100010,100,100070,100,100000,100,100073,100,99994,100,100080,100,99988,100,100093,200,99969,100,100098,100,99954,100
2019-06-28 09:34:13.545974284,100032,406,100027,306,100042,306,100025,306,100048,100,100020,100,100054,100,100014,100,100070,100,100010,100,100073,100,100000,100,100080,100,99994,100,100093,200,99988,100,100098,100,99969,100,100103,100,99954,100
2019-06-28 09:34:15.705599102,100032,406,100027,206,100042,306,100025,306,100048,100,100020,100,100054,100,100014,100,100070,100,100010,100,100073,100,100000,100,100080,100,99994,100,100093,200,99988,100,100098,100,99969,100,100103,100,99954,100
2019-06-28 09:34:20.000000000,100032,406,100025,306,100042,306,100020,306,100048,100,100014,100,100054,100,100010,100,100070,100,100000,100,100073,100,99994,100,100080,100,99988,100,100093,200,99969,100,100098,100,99954,100,100103,100,99945,200
2019-06-28 09:34:29.462545421,100032,406,100025,206,100042,306,100020,306,100048,100,100014,100,100054,100,100010,100,100070,100,100000,100,100073,100,99994,100,100080,100,99988,100,100093,200,99969,100,100098,100,99954,100,100103,100,99945,200
2019-06-28 09:34:30.000000000,100032,303,100020,203,100042,203,100014,203,100048,203,100010,203,100054,203,100000,203,100070,100,99994,100,100073,100,99988,100,100080,100,99969,100,100093,200,99954,100,100098,100,99945,200,100103,100,99933,100
2019-06-28 09:34:40.000000000,100032,283,100020,183,100042,183,100014,183,100048,183,100010,183,100054,183,100000,183,100070,183,99994,183,100073,100,99988,100,100080,100,99969,100,100093,200,99954,100,100098,100,99945,200,100103,100,99933,100
2019-06-28 09:34:44.877934227,100032,283,100020,83,100042,183,100014,183,100048,183,100010,183,100054,183,100000,183,100070,183,99994,183,100073,100,99988,100,100080,100,99969,100,100093,200,99954,100,100098,100,99945,200,100103,100,99933,100
2019-06-28 09:34:50.000000000,100032,283,100014,183,100042,183,100010,183,100048,183,100000,183,100054,183,99994,183,100070,183,99988,183,100073,100,99969,100,100080,100,99954,100,100093,200,99945,200,100098,100,99933,100,100103,100,99891,100
2019-06-28 09:35:00.000000000,100032,406,100014,306,100042,306,100010,306,100048,100,100000,100,100054,100,99994,100,100070,100,99988,100,100073,100,99969,100,100080,100,99954,100,100093,200,99945,200,100098,100,99933,100,100103,100,99891,100
2019-06-28 09:35:10.000000000,100032,303,100014,203,100042,203,100010,203,100048,203,100000,203,100054,203,99994,203,100070,100,99988,100,100073,100,99969,100,100080,100,99954,100,100093,200,99945,200,100098,100,99933,100,100103,100,99891,100
2019-06-28 09:35:13.110215109,100025,100,100014,203,100032,303,100010,203,100042,203,100000,203,100048,203,99994,203,100054,203,99988,100,100070,100,99969,100,100073,100,99954,100,100080,100,99945,200,100093,200,99933,100,100098,100,99891,100
2019-06-28 09:35:20.000000000,100025,513,100014,513,100032,200,100010,100,100042,100,100000,100,100048,100,99994,100,100054,100,99988,100,100070,100,99969,100,100073,100,99954,100,100080,100,99945,200,100093,200,99933,100,100098,100,99891,100
2019-06-28 09:35:30.000000000,100025,240,100014,240,100032,336,100010,236,100042,236,100000,236,100048,100,99994,100,100054,100,99988,100,100070,100,99969,100,100073,100,99954,100,100080,100,99945,200,100093,200,99933,100,100098,100,99891,100
2019-06-28 09:35:40.000000000,100025,306,100014,306,100032,406,100010,306,100042,100,100000,100,100048,100,99994,100,100054,100,99988,100,100070,100,99969,100,100073,100,99954,100,100080,100,99945,200,100093,200,99933,100,100098,100,99891,100
2019-06-28 09:35:50.000000000,100025,306,100014,306,100032,406,100010,306,100042,100,100000,100,100048,100,99994,100,100054,100,99988,100,100070,100,99969,100,100073,100,99954,100,100080,100,99945,200,100093,200,99933,100,100098,100,99891,100
2019-06-28 09:35:56.230725950,100025,406,100014,306,100032,406,100010,306,100042,100,100000,100,100048,100,99994,100,100054,100,99988,100,100070,100,99969,100,100073,100,99954,100,100080,100,99945,200,100093,200,99933,100,100098,100,99891,100
2019-06-28 09:36:00.000000000,100025,613,100014,513,100032,200,100010,100,100042,100,100000,100,100048,100,99994,100,100054,100,99988,100,100070,100,99969,100,100073,100,99954,100,100080,100,99945,200,100093,200,99933,100,100098,100,99891,100
2019-06-28 09:36:00.540237019,100025,613,100014,513,100032,200,100010,100,100042,100,100000,100,100048,100,99994,100,100054,100,99969,100,100070,100,99954,100,100073,100,99945,200,100080,100,99933,100,100093,200,99891,100,100098,100,99867,100
2019-06-28 09:36:02.055961050,100025,613,100014,413,100032,200,100010,100,100042,100,100000,100,100048,100,99994,100,100054,100,99969,100,100070,100,99954,100,100073,100,99945,200,100080,100,99933,100,100093,200,99891,100,100098,100,99867,100
2019-06-28 09:36:02.298113563,100025,613,100014,413,100032,200,100010,100,100042,100,100000,100,100048,100,99994,100,100054,100,99969,100,100070,100,99954,100,100073,100,99945,200,100080,100,99933,100,100093,200,99891,100,100098,100,99867,100
2019-06-28 09:36:05.921444039,100020,100,100014,413,100025,613,100010,100,100032,200,100000,100,100042,100,99994,100,100048,100,99969,100,100054,100,99954,100,100070,100,99945,200,100073,100,99933,100,100080,100,99891,100,100093,200,99867,100
2019-06-28 09:36:10.000000000,100020,513,100010,513,100025,200,100000,100,100032,200,99994,100,100042,100,99969,100,100048,100,99954,100,100054,100,99945,200,100070,100,99933,100,100073,100,99891,100,100080,100,99867,100,100093,200,99866,100
2019-06-28 09:36:20.000000000,100020,306,100010,306,100025,406,100000,306,100032,200,99994,100,100042,100,99969,100,100048,100,99954,100,100054,100,99945,200,100070,100,99933,100,100073,100,99891,100,100080,100,99867,100,100093,200,99866,100
2019-06-28 09:36:30.000000000,100020,203,100010,203,100025,303,100000,203,100032,303,99994,203,100042,203,99969,203,100048,100,99954,100,100054,100,99945,200,100070,100,99933,100,100073,100,99891,100,100080,100,99867,100,100093,200,99866,100
2019-06-28 09:36:40.000000000,100020,513,100010,513,100025,200,100000,100,100032,200,99994,100,100042,100,99969,100,100048,100,99954,100,100054,100,99945,200,100070,100,99933,100,100073,100,99891,100,100080,100,99867,100,100093,200,99866,100
2019-06-28 09:36:43.680818322,100020,513,100010,413,100025,200,100000,100,100032,200,99994,100,100042,100,99969,100,100048,100,99954,100,100054,100,99945,200,100070,100,99933,100,100073,100,99891,100,100080,100,99867,100,100093,200,99866,100
2019-06-28 09:36:45.547889743,100020,513,100010,413,100025,200,99994,100,100032,200,99969,100,100042,100,99954,100,100048,100,99945,200,100054,100,99933,100,100070,100,99891,100,100073,100,99867,100,100080,100,99866,100,100093,200,99858,100
2019-06-28 09:36:50.000000000,100020,203,99994,203,100025,303,99969,203,100032,303,99954,203,100042,203,99945,303,100048,100,99933,100,100054,100,99891,100,100070,100,99867,100,100073,100,99866,100,100080,100,99858,100,100093,200,99812,100
2019-06-28 09:36:51.897968482,100014,100,99994,203,100020,203,99969,203,100025,303,99954,203,100032,303,99945,303,100042,203,99933,100,100048,100,99891,100,100054,100,99867,100,100070,100,99866,100,100073,100,99858,100,100080,100,99812,100
2019-06-28 09:37:00.000000000,100014,183,99994,183,100020,183,99969,183,100025,283,99954,183,100032,283,99945,283,100042,183,99933,183,100048,100,99891,100,100054,100,99867,100,100070,100,99866,100,100073,100,99858,100,100080,100,99812,100
2019-06-28 09:37:06.541947815,100014,183,99994,83,100020,183,99969,183,100025,283,99954,183,100032,283,99945,283,100042,183,99933,183,100048,100,99891,100,100054,100,99867,100,100070,100,99866,100,100073,100,99858,100,100080,100,99812,100
2019-06-28 09:37:10.000000000,100014,240,99969,240,100020,236,99954,236,100025,336,99945,336,100032,200,99933,100,100042,100,99891,100,100048,100,99867,100,100054,100,99866,100,100070,100,99858,100,100073,100,99812,100,100080,100,99793,100
2019-06-28 09:37:20.000000000,100014,183,99969,183,100020,183,99954,183,100025,283,99945,283,100032,283,99933,183,100042,183,99891,183,100048,100,99867,100,100054,100,99866,100,100070,100,99858,100,100073,100,99812,100,100080,100,99793,100
2019-06-28 09:37:29.633821045,100014,183,99969,83,100020,183,99954,183,100025,283,99945,283,100032,283,99933,183,100042,183,99891,183,100048,100,99867,100,100054,100,99866,100,100070,100,99858,100,100073,100,99812,100,100080,100,99793,100
2019-06-28 09:37:30.000000000,100014,513,99954,513,100020,100,99945,200,100025,200,99933,100,100032,200,99891,100,100042,100,99867,100,100048,100,99866,100,100054,100,99858,100,100070,100,99812,100,100073,100,99793,100,100080,100,99773,100
2019-06-28 09:37:36.256770346,100014,513,99954,413,100020,100,99945,200,100025,200,99933,100,100032,200,99891,100,100042,100,99867,100,100048,100,99866,100,100054,100,99858,100,100070,100,99812,100,100073,100,99793,100,100080,100,99773,100
2019-06-28 09:37:39.284451868,99969,100,99954,413,100014,513,99945,200,100020,100,99933,100,100025,200,99891,100,100032,200,99867,100,100042,100,99866,100,100048,100,99858,100,100054,100,99812,100,100070,100,99793,100,100073,100,99773,100
2019-06-28 09:37:40.000000000,99969,240,99945,340,100014,236,99933,236,100020,236,99891,236,100025,200,99867,100,100032,200,99866,100,100042,100,99858,100,100048,100,99812,100,100054,100,99793,100,100070,100,99773,100,100073,100,99739,100
2019-06-28 09:37:48.754899949,99969,340,99945,340,100014,236,99933,236,100020,236,99891,236,100025,200,99867,100,100032,200,99866,100,100042,100,99858,100,100048,100,99812,100,100054,100,99793,100,100070,100,99773,100,100073,100,99739,100
2019-06-28 09:37:50.000000000,99969,340,99945,340,100014,236,99933,236,100020,236,99891,236,100025,200,99867,100,100032,200,99866,100,100042,100,99858,100,100048,100,99812,100,100054,100,99793,100,100070,100,99773,100,100073,100,99739,100
2019-06-28 09:38:00.000000000,99969,340,99945,340,100014,236,99933,236,100020,236,99891,236,100025,200,99867,100,100032,200,99866,100,100042,100,99858,100,100048,100,99812,100,100054,100,99793,100,100070,100,99773,100,100073,100,99739,100
2019-06-28 09:38:07.048331323,99969,340,99945,240,100014,236,99933,236,100020,236,99891,236,100025,200,99867,100,100032,200,99866,100,100042,100,99858,100,100048,100,99812,100,100054,100,99793,100,100070,100,99773,100,100073,100,99739,100
2019-06-28 09:38:10.000000000,99969,340,99945,240,100014,236,99933,236,100020,236,99891,236,100025,200,99867,100,100032,200,99866,100,100042,100,99858,100,100048,100,99812,100,100054,100,99793,100,100070,100,99773,100,100073,100,99739,100
2019-06-28 09:38:14.058281091,99969,340,99945,240,100014,236,99933,236,100020,236,99891,236,100025,200,99867,100,100032,200,99866,100,100042,100,99858,100,100048,100,99812,100,100054,100,99793,100,100070,100,99773,100,100073,100,99739,100
2019-06-28 09:38:16.865946913,99969,340,99945,240,100014,236,99933,236,100020,236,99891,236,100025,200,99867,100,100032,200,99866,100,100042,100,99858,100,100048,100,99812,100,100054,100,99793,100,100070,100,99773,100,100073,100,99739,100
2019-06-28 09:38:20.000000000,99969,303,99945,203,100014,203,99933,203,100020,203,99891,203,100025,303,99867,203,100032,200,99866,100,100042,100,99858,100,100048,100,99812,100,100054,100,99793,100,100070,100,99773,100,100073,100,99739,100
2019-06-28 09:38:30.000000000,99969,406,99945,306,100014,306,99933,306,100020,100,99891,100,100025,200,99867,100,100032,200,99866,100,100042,100,99858,100,100048,100,99812,100,100054,100,99793,100,100070,100,99773,100,100073,100,99739,100
2019-06-28 09:38:40.000000000,99969,303,99945,203,100014,203,99933,203,100020,203,99891,203,100025,303,99867,203,100032,200,99866,100,100042,100,99858,100,100048,100,99812,100,100054,100,99793,100,100070,100,99773,100,100073,100,99739,100
2019-06-28 09:38:50.000000000,99969,303,99945,203,100014,203,99933,203,100020,203,99891,203,100025,303,99867,203,100032,200,99866,100,100042,100,99858,100,100048,100,99812,100,100054,100,99793,100,100070,100,99773,100,100073,100,99739,100
2019-06-28 09:38:51.468896900,99954,100,99945,203,99969,303,99933,203,100014,203,99891,203,100020,203,99867,203,100025,303,99866,100,100032,200,99858,100,100042,100,99812,100,100048,100,99793,100,100054,100,99773,100,100070,100,99739,100
2019-06-28 09:39:00.000000000,99954,183,99945,183,99969,283,99933,183,100014,183,99891,183,100020,183,99867,183,100025,283,99866,183,100032,200,99858,100,100042,100,99812,100,100048,100,99793,100,100054,100,99773,100,100070,100,99739,100
2019-06-28 09:39:07.643406502,99954,183,99945,183,99969,283,99933,183,100014,183,99891,183,100020,183,99867,183,100025,283,99866,183,100032,200,99858,100,100042,100,99812,100,100048,100,99793,100,100054,100,99739,100,100070,100,99040,100
2019-06-28 09:39:10.000000000,99954,183,99945,183,99969,283,99933,183,100014,183,99891,183,100020,183,99867,183,100025,283,99866,183,100032,200,99858,100,100042,100,99812,100,100048,100,99793,100,100054,100,99739,100,100070,100,99040,100
2019-06-28 09:39:13.844632453,99954,183,99945,83,99969,283,99933,183,100014,183,99891,183,100020,183,99867,183,100025,283,99866,183,100032,200,99858,100,100042,100,99812,100,100048,100,99793,100,100070,100,99739,100,100073,100,99040,100
2019-06-28 09:39:20.000000000,99954,513,99933,513,99969,200,99891,100,100014,100,99867,100,100020,100,99866,100,100025,200,99858,100,100032,200,99812,100,100042,100,99793,100,100048,100,99739,100,100070,100,99040,100,100073,100,98860,100
2019-06-28 09:39:30.000000000,99954,306,99933,306,99969,406,99891,306,100014,100,99867,100,100020,100,99866,100,100025,200,99858,100,100032,200,99812,100,100042,100,99793,100,100048,100,99739,100,100070,100,99040,100,100073,100,98860,100
2019-06-28 09:39:40.000000000,99954,183,99933,183,99969,283,99891,183,100014,183,99867,183,100020,183,99866,183,100025,283,99858,183,100032,200,99812,100,100042,100,99793,100,100048,100,99739,100,100070,100,99040,100,100073,100,98860,100
2019-06-28 09:39:50.000000000,99954,203,99933,203,99969,303,99891,203,100014,203,99867,203,100020,203,99866,203,100025,200,99858,100,100032,200,99812,100,100042,100,99793,100,100048,100,99739,100,100070,100,99040,100,100073,100,98860,100
2019-06-28 09:39:56.091566069,99954,203,99933,203,99969,303,99891,203,100014,203,99867,203,100020,203,99866,203,100025,200,99858,100,100032,200,99812,100,100042,100,99793,100,100048,100,99739,100,100070,100,99395,100,100073,100,99040,100
2019-06-28 09:40:00.000000000,99954,240,99933,240,99969,336,99891,236,100014,236,99867,236,100020,100,99866,100,100025,200,99858,100,100032,200,99812,100,100042,100,99793,100,100048,100,99739,100,100070,100,99395,100,100073,100,99040,100
2019-06-28 09:40:06.909273756,99954,240,99933,140,99969,336,99891,236,100014,236,99867,236,100020,100,99866,100,100025,200,99858,100,100032,200,99812,100,100042,100,99793,100,100048,100,99739,100,100070,100,99395,100,100073,100,99040,100
2019-06-28 09:40:07.413108480,99954,240,99933,140,99969,336,99891,236,100014,236,99867,236,100020,100,99866,100,100025,200,99858,100,100032,200,99812,100,100042,100,99793,100,100048,100,99739,100,100070,100,99395,100,100073,100,99040,100
2019-06-28 09:40:10.000000000,99954,240,99891,240,99969,336,99867,236,100014,236,99866,236,100020,100,99858,100,100025,200,99812,100,100032,200,99793,100,100042,100,99739,100,100048,100,99395,100,100070,100,99040,100,100073,100,99004,100
2019-06-28 09:40:20.000000000,99954,203,99891,203,99969,303,99867,203,100014,203,99866,203,100020,203,99858,203,100025,200,99812,100,100032,200,99793,100,100042,100,99739,100,100048,100,99395,100,100070,100,99040,100,100073,100,99004,100
2019-06-28 09:40:28.977992829,99954,203,99891,203,99969,303,99867,203,100014,203,99866,203,100020,203,99858,203,100025,100,99812,100,100032,200,99793,100,100042,100,99739,100,100048,100,99395,100,100070,100,99040,100,100073,100,99004,100
2019-06-28 09:40:30.000000000,99954,203,99891,203,99969,303,99867,203,100014,203,99866,203,100020,203,99858,203,100025,100,99812,100,100032,200,99793,100,100042,100,99739,100,100048,100,99395,100,100070,100,99040,100,100073,100,99004,100
2019-06-28 09:40:37.821318963,99954,203,99891,203,99969,303,99867,203,100014,203,99866,203,100020,203,99858,203,100025,100,99812,100,100032,200,99793,100,100042,100,99739,100,100048,100,99586,100,100070,100,99395,100,100073,100,99040,100
2019-06-28 09:40:40.000000000,99954,513,99891,513,99969,200,99867,100,100014,100,99866,100,100020,100,99858,100,100025,100,99812,100,100032,200,99793,100,100042,100,99739,100,100048,100,99586,100,100070,100,99395,100,100073,100,99040,100
2019-06-28 09:40:50.000000000,99954,183,99891,183,99969,283,99867,183,100014,183,99866,183,100020,183,99858,183,100025,183,99812,183,100032,200,99793,100,100042,100,99739,100,100048,100,99586,100,100070,100,99395,100,100073,100,99040,100
2019-06-28 09:40:57.339466956,99954,83,99891,183,99969,283,99867,183,100014,183,99866,183,100020,183,99858,183,100025,183,99812,183,100032,200,99793,100,100042,100,99739,100,100048,100,99586,100,100070,100,99395,100,100073,100,99040,100
2019-06-28 09:40:58.993103678,99897,100,99891,183,99954,83,99867,183,99969,283,99866,183,100014,183,99858,183,100020,183,99812,183,100025,183,99793,100,100032,200,99739,100,100042,100,99586,100,100048,100,99395,100,100070,100,99040,100
2019-06-28 09:40:59.431800789,99897,100,99891,183,99954,83,99867,183,99969,283,99866,183,100014,183,99858,183,100020,183,99812,183,100025,183,99739,100,100032,200,99586,100,100042,100,99477,100,100048,100,99395,100,100070,100,99040,100
2019-06-28 09:41:00.000000000,99897,203,99891,203,99969,303,99867,203,100014,203,99866,203,100020,203,99858,203,100025,100,99812,100,100032,200,99739,100,100042,100,99586,100,100048,100,99477,100,100070,100,99395,100,100073,100,99040,100
2019-06-28 09:41:03.274382020,99897,203,99891,203,99969,303,99867,203,100014,203,99866,203,100020,203,99858,203,100025,100,99812,100,100032,200,99739,100,100042,100,99586,100,100048,100,99477,100,100070,100,99395,100,100073,100,99040,100
2019-06-28 09:41:07.756565876,99897,203,99891,203,99969,303,99867,203,100014,203,99866,203,100020,203,99858,203,100025,100,99812,100,100032,200,99739,100,100042,100,99586,100,100048,100,99477,100,100070,100,99395,100,100073,100,99040,100
2019-06-28 09:41:08.212664936,99897,203,99891,203,99969,303,99867,203,100014,203,99866,203,100020,203,99858,203,100023,100,99812,100,100025,100,99739,100,100032,200,99586,100,100042,100,99477,100,100048,100,99395,100,100070,100,99040,100
2019-06-28 09:41:10.000000000,99897,183,99891,183,99969,283,99867,183,100014,183,99866,183,100020,183,99858,183,100023,183,99812,183,100025,100,99739,100,100032,200,99586,100,100042,100,99477,100,100048,100,99395,100,100070,100,99040,100
2019-06-28 09:41:20.000000000,99897,240,99891,240,99969,336,99867,236,100014,236,99866,236,100020,100,99858,100,100023,100,99812,100,100025,100,99739,100,100032,200,99586,100,100042,100,99477,100,100048,100,99395,100,100070,100,99040,100
2019-06-28 09:41:24.482071162,99897,240,99891,240,99969,336,99867,236,100014,236,99866,236,100020,100,99858,100,100023,100,99812,100,100025,100,99768,100,100032,200,99739,100,100042,100,99586,100,100048,100,99477,100,100070,100,99395,100
2019-06-28 09:41:28.643197830,99897,240,99891,240,99926,100,99867,236,99969,336,99866,236,100014,236,99858,100,100020,100,99812,100,100023,100,99768,100,100025,100,99739,100,100032,200,99586,100,100042,100,99477,100,100048,100,99395,100
2019-06-28 09:41:30.000000000,99897,240,99891,240,99926,236,99867,236,99969,336,99866,236,100014,100,99858,100,100020,100,99812,100,100023,100,99768,100,100025,100,99739,100,100032,200,99586,100,100042,100,99477,100,100048,100,99395,100
2019-06-28 09:41:32.478738289,99897,240,99891,240,99926,236,99867,236,99969,336,99866,236,100014,100,99858,100,100020,100,99812,100,100023,100,99739,100,100025,100,99677,100,100032,200,99586,100,100042,100,99477,100,100048,100,99395,100
2019-06-28 09:41:35.650282471,99897,240,99891,240,99926,236,99867,236,99969,336,99866,236,100014,100,99858,100,100020,100,99812,100,100023,100,99739,100,100025,100,99677,100,100032,100,99586,100,100042,100,99477,100,100048,100,99395,100
2019-06-28 09:41:40.000000000,99897,183,99891,183,99926,183,99867,183,99969,283,99866,183,100014,183,99858,183,100020,183,99812,183,100023,100,99739,100,100025,100,99677,100,100032,100,99586,100,100042,100,99477,100,100048,100,99395,100
2019-06-28 09:41:41.707440545,99897,183,99891,83,99926,183,99867,183,99969,283,99866,183,100014,183,99858,183,100020,183,99812,183,100023,100,99739,100,100025,100,99677,100,100032,100,99586,100,100042,100,99477,100,100048,100,99395,100
2019-06-28 09:41:50.000000000,99897,183,99867,183,99926,183,99866,183,99969,283,99858,183,100014,183,99812,183,100020,183,99739,183,100023,100,99677,100,100025,100,99586,100,100032,100,99477,100,100042,100,99395,100,100048,100,99040,100
2019-06-28 09:41:59.255450154,99897,183,99867,183,99926,183,99866,183,99969,283,99858,183,100014,183,99812,183,100020,183,99739,183,100023,100,99677,100,100025,100,99586,100,100032,100,99565,100,100042,100,99477,100,100048,100,99395,100
2019-06-28 09:42:00.000000000,99897,203,99867,203,99926,203,99866,203,99969,303,99858,203,100014,203,99812,203,100020,100,99739,100,100023,100,99677,100,100025,100,99586,100,100032,100,99565,100,100042,100,99477,100,100048,100,99395,100
2019-06-28 09:42:03.265669985,99897,203,99867,103,99926,203,99866,203,99969,303,99858,203,100014,203,99812,203,100020,100,99739,100,100023,100,99677,100,100025,100,99586,100,100032,100,99477,100,100042,100,99395,100,100048,100,99040,100
2019-06-28 09:42:07.513334932,99897,203,99867,3,99926,203,99866,203,99969,303,99858,203,100014,203,99812,203,100020,100,99739,100,100023,100,99677,100,100025,100,99586,100,100032,100,99477,100,100042,100,99395,100,100048,100,99040,100
2019-06-28 09:42:10.000000000,99897,306,99866,306,99926,306,99858,306,99969,200,99812,100,100014,100,99739,100,100020,100,99677,100,100023,100,99586,100,100025,100,99477,100,100032,100,99395,100,100042,100,99040,100,100048,100,99004,100
2019-06-28 09:42:20.000000000,99897,240,99866,240,99926,236,99858,236,99969,336,99812,236,100014,100,99739,100,100020,100,99677,100,100023,100,99586,100,100025,100,99477,100,100032,100,99395,100,100042,100,99040,100,100048,100,99004,100
2019-06-28 09:42:26.820995949,99867,100,99866,240,99897,240,99858,236,99926,236,99812,236,99969,336,99739,100,100014,100,99677,100,100020,100,99586,100,100023,100,99477,100,100025,100,99395,100,100032,100,99040,100,100042,100,99004,100
2019-06-28 09:42:30.000000000,99867,240,99866,240,99897,236,99858,236,99926,236,99812,236,99969,200,99739,100,100014,100,99677,100,100020,100,99586,100,100023,100,99477,100,100025,100,99395,100,100032,100,99040,100,100042,100,99004,100
2019-06-28 09:42:32.716611868,99867,340,99866,240,99897,236,99858,236,99926,236,99812,236,99969,100,99739,100,100014,100,99677,100,100020,100,99586,100,100023,100,99477,100,100025,100,99395,100,100032,100,99040,100,100042,100,99004,100
2019-06-28 09:42:40.000000000,99867,303,99866,203,99897,203,99858,203,99926,203,99812,203,99969,203,99739,203,100014,100,99677,100,100020,100,99586,100,100023,100,99477,100,100025,100,99395,100,100032,100,99040,100,100042,100,99004,100
2019-06-28 09:42:50.000000000,99867,340,99866,240,99897,236,99858,236,99926,236,99812,236,99969,100,99739,100,100014,100,99677,100,100020,100,99586,100,100023,100,99477,100,100025,100,99395,100,100032,100,99040,100,100042,100,99004,100
2019-06-28 09:42:52.434912326,99867,440,99866,240,99897,236,99858,236,99926,236,99812,236,99969,100,99739,100,100014,100,99677,100,100020,100,99586,100,100023,100,99477,100,100025,100,99395,100,100032,100,99040,100,100042,100,99004,100
2019-06-28 09:43:00.000000000,99867,506,99866,306,99897,306,99858,306,99926,100,99812,100,99969,100,99739,100,100014,100,99677,100,100020,100,99586,100,100023,100,99477,100,100025,100,99395,100,100032,100,99040,100,100042,100,99004,100
2019-06-28 09:43:04.283139004,99867,506,99866,206,99897,306,99858,306,99926,100,99812,100,99969,100,99739,100,100014,100,99677,100,100020,100,99477,100,100023,100,99395,100,100025,100,99040,100,100032,100,99004,100,100042,100,98860,100
2019-06-28 09:43:10.000000000,99867,383,99858,183,99897,183,99812,183,99926,183,99739,183,99969,183,99677,183,100014,183,99477,183,100020,100,99395,100,100023,100,99040,100,100025,100,99004,100,100032,100,98860,100,100042,100,98857,100
2019-06-28 09:43:20.000000000,99867,506,99858,306,99897,306,99812,306,99926,100,99739,100,99969,100,99677,100,100014,100,99477,100,100020,100,99395,100,100023,100,99040,100,100025,100,99004,100,100032,100,98860,100,100042,100,98857,100
2019-06-28 09:43:24.232085145,99867,506,99858,306,99897,306,99812,306,99926,100,99739,100,99969,100,99677,100,100014,100,99477,100,100020,100,99395,100,100023,100,99235,100,100025,100,99040,100,100032,100,99004,100,100042,100,98860,100
2019-06-28 09:43:30.000000000,99867,713,99858,513,99897,100,99812,100,99926,100,99739,100,99969,100,99677,100,100014,100,99477,100,100020,100,99395,100,100023,100,99235,100,100025,100,99040,100,100032,100,99004,100,100042,100,98860,100
2019-06-28 09:43:36.831779186,99867,713,99858,513,99897,100,99812,100,99926,100,99739,100,99969,100,99677,100,100014,100,99477,100,100020,100,99395,100,100023,100,99235,100,100025,100,99040,100,100032,100,99004,100,100042,100,98860,100
2019-06-28 09:43:38.351914506,99867,713,99858,513,99897,100,99812,100,99926,100,99739,100,99969,100,99677,100,100014,100,99477,100,100020,100,99395,100,100023,100,99359,100,100025,100,99235,100,100032,100,99040,100,100042,100,99004,100
2019-06-28 09:43:40.000000000,99867,713,99858,513,99897,100,99812,100,99926,100,99739,100,99969,100,99677,100,100014,100,99477,100,100020,100,99395,100,100023,100,99359,100,100025,100,99235,100,100032,100,99040,100,100042,100,99004,100
2019-06-28 09:43:50.000000000,99867,440,99858,240,99897,236,99812,236,99926,236,99739,236,99969,100,99677,100,100014,100,99477,100,100020,100,99395,100,100023,100,99359,100,100025,100,99235,100,100032,100,99040,100,100042,100,99004,100
2019-06-28 09:44:00.000000000,99867,713,99858,513,99897,100,99812,100,99926,100,99739,100,99969,100,99677,100,100014,100,99477,100,100020,100,99395,100,100023,100,99359,100,100025,100,99235,100,100032,100,99040,100,100042,100,99004,100
2019-06-28 09:44:10.000000000,99867,713,99858,513,99897,100,99812,100,99926,100,99739,100,99969,100,99677,100,100014,100,99477,100,100020,100,99395,100,100023,100,99359,100,100025,100,99235,100,100032,100,99040,100,100042,100,99004,100
2019-06-28 09:44:12.653134555,99867,713,99858,413,99897,100,99812,100,99926,100,99739,100,99969,100,99677,100,100014,100,99477,100,100020,100,99395,100,100023,100,99359,100,100025,100,99235,100,100032,100,99040,100,100042,100,99004,100
2019-06-28 09:44:20.000000000,99867,383,99812,183,99897,183,99739,183,99926,183,99677,183,99969,183,99477,183,100014,183,99395,183,100020,100,99359,100,100023,100,99235,100,100025,100,99040,100,100032,100,99004,100,100042,100,98860,100
2019-06-28 09:44:30.000000000,99867,440,99812,240,99897,236,99739,236,99926,236,99677,236,99969,100,99477,100,100014,100,99395,100,100020,100,99359,100,100023,100,99235,100,100025,100,99040,100,100032,100,99004,100,100042,100,98860,100
2019-06-28 09:44:40.000000000,99867,713,99812,513,99897,100,99739,100,99926,100,99677,100,99969,100,99477,100,100014,100,99395,100,100020,100,99359,100,100023,100,99235,100,100025,100,99040,100,100032,100,99004,100,100042,100,98860,100
2019-06-28 09:44:42.241744221,99867,713,99812,413,99897,100,99739,100,99926,100,99677,100,99969,100,99477,100,100014,100,99395,100,100020,100,99359,100,100023,100,99235,100,100025,100,99040,100,100032,100,98860,100,100042,100,98857,100
2019-06-28 09:44:50.000000000,99867,506,99739,306,99897,306,99677,306,99926,100,99477,100,99969,100,99395,100,100014,100,99359,100,100020,100,99235,100,100023,100,99040,100,100025,100,98860,100,100032,100,98857,100,100042,100,98396,100
2019-06-28 09:44:54.124310036,99867,506,99739,206,99897,306,99677,306,99926,100,99477,100,99969,100,99395,100,100014,100,99359,100,100020,100,99235,100,100023,100,99040,100,100025,100,98860,100,100032,100,98857,100,100042,100,98396,100
2019-06-28 09:45:00.000000000,99867,383,99677,183,99897,183,99477,183,99926,183,99395,183,99969,183,99359,183,100014,183,99235,183,100020,100,99040,100,100023,100,98860,100,100025,100,98857,100,100032,100,98396,100,100042,100,98375,100
2019-06-28 09:45:00.277614173,99867,383,99677,83,99897,183,99477,183,99926,183,99395,183,99969,183,99359,183,100014,183,99235,183,100020,100,99040,100,100023,100,98860,100,100025,100,98396,100,100032,100,98375,100,100042,100,,
2019-06-28 09:45:10.000000000,99867,440,99477,240,99897,236,99395,236,99926,236,99359,236,99969,100,99235,100,100014,100,99040,100,100020,100,98860,100,100023,100,98396,100,100025,100,98375,100,100032,100,,,100042,100,,
2019-06-28 09:45:14.376960788,99739,100,99477,240,99867,340,99395,236,99897,236,99359,236,99926,236,99235,100,99969,100,99040,100,100014,100,98860,100,100020,100,98396,100,100023,100,98375,100,100025,100,,,100032,100,,
2019-06-28 09:45:20.000000000,99739,203,99477,203,99867,303,99395,203,99897,203,99359,203,99926,203,99235,203,99969,100,99040,100,100014,100,98860,100,100020,100,98396,100,100023,100,98375,100,100025,100,,,100032,100,,
2019-06-28 09:45:21.265950706,99739,203,99477,203,99867,303,99395,203,99897,203,99359,203,99926,203,99235,203,99969,100,99040,100,100014,100,98860,100,100020,100,98396,100,100023,100,98375,100,100032,100,,,100042,100,,
2019-06-28 09:45:30.000000000,99739,240,99477,240,99867,336,99395,236,99897,236,99359,236,99926,100,99235,100,99969,100,99040,100,100014,100,98860,100,100020,100,98396,100,100023,100,98375,100,100032,100,,,100042,100,,
2019-06-28 09:45:40.000000000,99739,240,99477,240,99867,336,99395,236,99897,236,99359,236,99926,100,99235,100,99969,100,99040,100,100014,100,98860,100,100020,100,98396,100,100023,100,98375,100,100032,100,,,100042,100,,
2019-06-28 09:45:50.000000000,99739,240,99477,240,99867,336,99395,236,99897,236,99359,236,99926,100,99235,100,99969,100,99040,100,100014,100,98860,100,100020,100,98396,100,100023,100,98375,100,100032,100,,,100042,100,,
2019-06-28 09:45:51.727541258,99739,240,99477,140,99867,336,99395,236,99897,236,99359,236,99926,100,99235,100,99969,100,99040,100,100014,100,98860,100,100020,100,98396,100,100023,100,98375,100,100032,100,,,100042,100,,
2019-06-28 09:45:58.483151743,99677,100,99477,140,99739,240,99395,236,99867,336,99359,236,99897,236,99235,100,99926,100,99040,100,99969,100,98860,100,100014,100,98396,100,100020,100,98375,100,100023,100,,,100032,100,,
2019-06-28 09:46:00.000000000,99677,240,99395,240,99739,236,99359,236,99867,336,99235,236,99897,100,99040,100,99926,100,98860,100,99969,100,98396,100,100014,100,98375,100,100020,100,,,100023,100,,,100032,100,,
2019-06-28 09:46:10.000000000,99677,203,99395,203,99739,203,99359,203,99867,303,99235,203,99897,203,99040,203,99926,100,98860,100,99969,100,98396,100,100014,100,98375,100,100020,100,,,100023,100,,,100032,100,,
2019-06-28 09:46:12.650503461,99677,203,99395,103,99739,203,99359,203,99867,303,99235,203,99897,203,99097,100,99926,100,99040,203,99969,100,98860,100,100014,100,98396,100,100020,100,98375,100,100023,100,,,100032,100,,
2019-06-28 09:46:19.067845488,99677,203,99395,103,99739,203,99359,203,99867,303,99235,203,99897,203,99097,100,99926,100,99040,303,99969,100,98860,100,100014,100,98396,100,100020,100,98375,100,100023,100,,,100032,100,,
2019-06-28 09:46:20.000000000,99677,203,99359,203,99739,203,99235,203,99867,303,99097,203,99897,203,99040,303,99926,100,98860,100,99969,100,98396,100,100014,100,98375,100,100020,100,,,100023,100,,,100032,100,,
2019-06-28 09:46:29.702892283,99677,303,99359,203,99739,203,99235,203,99867,303,99097,203,99897,203,99040,303,99926,100,98860,100,99969,100,98396,100,100014,100,98375,100,100020,100,,,100023,100,,,100042,100,,
2019-06-28 09:46:30.000000000,99677,613,99359,513,99739,100,99235,100,99867,200,99097,100,99897,100,99040,200,99926,100,98860,100,99969,100,98396,100,100014,100,98375,100,100020,100,,,100023,100,,,100042,100,,
2019-06-28 09:46:40.000000000,99677,303,99359,203,99739,203,99235,203,99867,303,99097,203,99897,203,99040,303,99926,100,98860,100,99969,100,98396,100,100014,100,98375,100,100020,100,,,100023,100,,,100042,100,,
2019-06-28 09:46:45.095769521,99677,303,99359,203,99739,203,99235,203,99867,303,99097,203,99897,203,99040,203,99926,100,99034,100,99969,100,98860,100,100014,100,98396,100,100020,100,98375,100,100023,100,,,100042,100,,
2019-06-28 09:46:45.383507599,99677,303,99359,203,99739,203,99235,203,99867,303,99097,203,99897,203,99040,203,99926,100,99034,100,99969,100,98860,100,100014,100,98787,100,100020,100,98396,100,100023,100,98375,100,100042,100,,
2019-06-28 09:46:50.000000000,99677,283,99359,183,99739,183,99235,183,99867,283,99097,183,99897,183,99040,183,99926,183,99034,183,99969,100,98860,100,100014,100,98787,100,100020,100,98396,100,100023,100,98375,100,100042,100,,
2019-06-28 09:46:52.859296918,99677,283,99359,183,99703,100,99235,183,99739,183,99097,183,99867,283,99040,183,99897,183,99034,183,99926,183,98860,100,99969,100,98787,100,100014,100,98396,100,100020,100,98375,100,100023,100,,
2019-06-28 09:47:00.000000000,99677,406,99359,306,99703,306,99235,306,99739,100,99097,100,99867,200,99040,100,99897,100,99034,100,99926,100,98860,100,99969,100,98787,100,100014,100,98396,100,100020,100,98375,100,100023,100,,
2019-06-28 09:47:10.000000000,99677,283,99359,183,99703,183,99235,183,99739,183,99097,183,99867,283,99040,183,99897,183,99034,183,99926,100,98860,100,99969,100,98787,100,100014,100,98396,100,100020,100,98375,100,100023,100,,
2019-06-28 09:47:11.941580852,99677,283,99359,83,99703,183,99235,183,99739,183,99097,183,99867,283,99040,183,99897,183,99034,183,99926,100,98860,100,99969,100,98787,100,100014,100,98396,100,100020,100,98375,100,100023,100,,
2019-06-28 09:47:20.000000000,99677,613,99235,513,99703,100,99097,100,99739,100,99040,100,99867,200,99034,100,99897,100,98860,100,99926,100,98787,100,99969,100,98396,100,100014,100,98375,100,100020,100,,,100023,100,,
2019-06-28 09:47:30.000000000,99677,613,99235,513,99703,100,99097,100,99739,100,99040,100,99867,200,99034,100,99897,100,98860,100,99926,100,98787,100,99969,100,98396,100,100014,100,98375,100,100020,100,,,100023,100,,
2019-06-28 09:47:40.000000000,99677,406,99235,306,99703,306,99097,306,99739,100,99040,100,99867,200,99034,100,99897,100,98860,100,99926,100,98787,100,99969,100,98396,100,100014,100,98375,100,100020,100,,,100023,100,,
2019-06-28 09:47:40.439131019,99677,406,99235,306,99703,306,99097,306,99739,100,99040,100,99867,200,99034,100,99897,100,98888,100,99926,100,98860,100,99969,100,98787,100,100014,100,98396,100,100020,100,98375,100,100023,100,,
2019-06-28 09:47:46.408467539,99677,406,99235,306,99703,306,99097,306,99739,100,99040,100,99867,100,99034,100,99897,100,98888,100,99926,100,98860,100,99969,100,98787,100,100014,100,98396,100,100020,100,98375,100,100023,100,,
2019-06-28 09:47:50.000000000,99677,283,99235,183,99703,183,99097,183,99739,183,99040,183,99867,183,99034,183,99897,183,98888,183,99926,100,98860,100,99969,100,98787,100,100014,100,98396,100,100020,100,98375,100,100023,100,,
2019-06-28 09:48:00.000000000,99677,340,99235,240,99703,236,99097,236,99739,236,99040,236,99867,100,99034,100,99897,100,98888,100,99926,100,98860,100,99969,100,98787,100,100014,100,98396,100,100020,100,98375,100,100023,100,,
2019-06-28 09:48:02.306349106,99677,340,99251,100,99703,236,99235,240,99739,236,99097,236,99867,100,99040,236,99926,100,99034,100,99969,100,98888,100,100014,100,98860,100,100020,100,98787,100,100023,100,98396,100,100042,100,98375,100
2019-06-28 09:48:10.000000000,99677,613,99251,513,99703,100,99235,100,99739,100,99097,100,99867,100,99040,100,99926,100,99034,100,99969,100,98888,100,100014,100,98860,100,100020,100,98787,100,100023,100,98396,100,100042,100,98375,100
2019-06-28 09:48:20.000000000,99677,613,99251,513,99703,100,99235,100,99739,100,99097,100,99867,100,99040,100,99926,100,99034,100,99969,100,98888,100,100014,100,98860,100,100020,100,98787,100,100023,100,98396,100,100042,100,98375,100
2019-06-28 09:48:30.000000000,99677,406,99251,306,99703,306,99235,306,99739,100,99097,100,99867,100,99040,100,99926,100,99034,100,99969,100,98888,100,100014,100,98860,100,100020,100,98787,100,100023,100,98396,100,100042,100,98375,100
2019-06-28 09:48:30.896104468,99477,100,99251,306,99677,406,99235,306,99703,306,99097,100,99739,100,99040,100,99867,100,99034,100,99926,100,98888,100,99969,100,98860,100,100020,100,98787,100,100023,100,98396,100,100042,100,98375,100
2019-06-28 09:48:40.000000000,99477,203,99251,203,99677,303,99235,203,99703,203,99097,203,99739,203,99040,203,99867,100,99034,100,99926,100,98888,100,99969,100,98860,100,100020,100,98787,100,100023,100,98396,100,100042,100,98375,100
2019-06-28 09:48:44.019459098,99477,203,99251,203,99677,303,99235,203,99703,203,99097,203,99739,203,99040,203,99867,100,99034,100,99926,100,98974,100,99969,100,98888,100,100020,100,98860,100,100023,100,98787,100,100042,100,98396,100
2019-06-28 09:48:50.000000000,99477,183,99251,183,99677,283,99235,183,99703,183,99097,183,99739,183,99040,183,99867,183,99034,183,99926,100,98974,100,99969,100,98888,100,100020,100,98860,100,100023,100,98787,100,100042,100,98396,100
2019-06-28 09:49:00.000000000,99477,183,99251,183,99677,283,99235,183,99703,183,99097,183,99739,183,99040,183,99867,183,99034,183,99926,100,98974,100,99969,100,98888,100,100020,100,98860,100,100023,100,98787,100,100042,100,98396,100
2019-06-28 09:49:01.231335526,99477,183,99251,83,99677,283,99235,183,99703,183,99097,183,99739,183,99040,183,99867,183,99034,183,99926,100,98974,100,99969,100,98888,100,100020,100,98860,100,100023,100,98787,100,100042,100,98396,100
2019-06-28 09:49:09.580323776,99477,183,99252,100,99677,283,99251,83,99703,183,99235,183,99739,183,99097,183,99867,183,99040,183,99926,100,99034,183,99969,100,98974,100,100020,100,98888,100,100023,100,98860,100,100042,100,98787,100
2019-06-28 09:49:10.000000000,99477,306,99252,306,99677,406,99235,306,99703,100,99097,100,99739,100,99040,100,99867,100,99034,100,99926,100,98974,100,99969,100,98888,100,100020,100,98860,100,100023,100,98787,100,100042,100,98396,100
2019-06-28 09:49:20.000000000,99477,203,99252,203,99677,303,99235,203,99703,203,99097,203,99739,203,99040,203,99867,100,99034,100,99926,100,98974,100,99969,100,98888,100,100020,100,98860,100,100023,100,98787,100,100042,100,98396,100
2019-06-28 09:49:30.000000000,99477,240,99252,240,99677,336,99235,236,99703,236,99097,236,99739,100,99040,100,99867,100,99034,100,99926,100,98974,100,99969,100,98888,100,100020,100,98860,100,100023,100,98787,100,100042,100,98396,100
2019-06-28 09:49:38.718419300,99477,240,99252,240,99677,336,99235,236,99687,100,99097,236,99703,236,99040,100,99739,100,99034,100,99867,100,98974,100,99969,100,98888,100,100020,100,98860,100,100023,100,98787,100,100042,100,98396,100
2019-06-28 09:49:40.000000000,99477,306,99252,306,99677,406,99235,306,99687,100,99097,100,99703,100,99040,100,99739,100,99034,100,99867,100,98974,100,99969,100,98888,100,100020,100,98860,100,100023,100,98787,100,100042,100,98396,100
2019-06-28 09:49:44.333218756,99477,206,99252,306,99677,406,99235,306,99687,100,99097,100,99703,100,99040,100,99739,100,99034,100,99867,100,98974,100,99969,100,98888,100,100020,100,98860,100,100023,100,98787,100,100042,100,98396,100
2019-06-28 09:49:49.304826021,99259,100,99252,306,99477,206,99235,306,99677,406,99097,100,99687,100,99040,100,99703,100,99034,100,99739,100,98974,100,99867,100,98888,100,99969,100,98860,100,100020,100,98787,100,100023,100,98396,100
2019-06-28 09:49:50.000000000,99259,240,99252,240,99677,336,99235,236,99687,236,99097,236,99703,100,99040,100,99739,100,99034,100,99867,100,98974,100,99969,100,98888,100,100020,100,98860,100,100023,100,98787,100,100042,100,98396,100
2019-06-28 09:49:50.227244166,99259,240,99252,240,99476,100,99235,236,99677,336,99097,236,99687,236,99040,100,99703,100,99034,100,99867,100,98974,100,99969,100,98888,100,100020,100,98860,100,100023,100,98787,100,100042,100,98396,100
2019-06-28 09:49:58.581766866,99259,140,99252,240,99476,100,99235,236,99677,336,99097,136,99687,236,99040,100,99703,100,99034,100,99867,100,98974,100,99969,100,98888,100,100020,100,98860,100,100023,100,98787,100,100042,100,98396,100
2019-06-28 09:50:00.000000000,99476,203,99252,203,99677,303,99235,203,99687,203,99040,203,99703,203,99034,203,99867,100,98974,100,99969,100,98888,100,100020,100,98860,100,100023,100,98787,100,100042,100,98396,100,100070,100,98375,100
2019-06-28 09:50:03.516687587,99476,103,99252,203,99677,303,99235,203,99687,203,99040,203,99703,203,99034,203,99867,100,98974,100,99969,100,98888,100,100020,100,98860,100,100023,100,98787,100,100042,100,98396,100,100070,100,98375,100
2019-06-28 09:50:10.000000000,99677,303,99252,203,99687,203,99235,203,99703,203,99040,203,99867,203,99034,203,99969,100,98974,100,100020,100,98888,100,100023,100,98860,100,100042,100,98787,100,100070,100,98396,100,100073,100,98375,100
2019-06-28 09:50:13.611051845,99677,303,99259,100,99687,203,99252,203,99703,203,99235,203,99867,203,99040,203,99969,100,99034,203,100020,100,98974,100,100023,100,98888,100,100042,100,98860,100,100070,100,98787,100,100073,100,98396,100
2019-06-28 09:50:20.000000000,99677,613,99259,513,99687,100,99252,100,99703,100,99235,100,99867,100,99040,100,99969,100,99034,100,100020,100,98974,100,100023,100,98888,100,100042,100,98860,100,100070,100,98787,100,100073,100,98396,100
2019-06-28 09:50:30.000000000,99677,303,99259,203,99687,203,99252,203,99703,203,99235,203,99867,203,99040,203,99969,100,99034,100,100020,100,98974,100,100023,100,98888,100,100042,100,98860,100,100070,100,98787,100,100073,100,98396,100
2019-06-28 09:50:40.000000000,99677,340,99259,240,99687,236,99252,236,99703,236,99235,236,99867,100,99040,100,99969,100,99034,100,100020,100,98974,100,100023,100,98888,100,100042,100,98860,100,100070,100,98787,100,100073,100,98396,100
2019-06-28 09:50:40.008044639,99677,340,99259,140,99687,236,99252,236,99703,236,99235,236,99867,100,99040,100,99969,100,99034,100,100020,100,98974,100,100023,100,98888,100,100042,100,98860,100,100070,100,98787,100,100073,100,98396,100
2019-06-28 09:50:48.100744320,99606,100,99259,140,99677,340,99252,236,99687,236,99235,236,99703,236,99040,100,99867,100,99034,100,99969,100,98974,100,100020,100,98888,100,100023,100,98787,100,100042,100,98396,100,100070,100,98375,100
2019-06-28 09:50:50.000000000,99606,183,99252,183,99677,283,99235,183,99687,183,99040,183,99703,183,99034,183,99867,183,98974,183,99969,100,98888,100,100020,100,98787,100,100023,100,98396,100,100042,100,98375,100,100070,100,,
2019-06-28 09:50:59.995310328,99606,183,99252,183,99644,100,99235,183,99677,283,99040,183,99687,183,99034,183,99703,183,98974,183,99867,183,98787,100,99969,100,98396,100,100020,100,98375,100,100023,100,,,100042,100,,
2019-06-28 09:51:00.000000000,99606,183,99252,183,99644,183,99235,183,99677,283,99040,183,99687,183,99034,183,99703,183,98974,183,99867,100,98787,100,99969,100,98396,100,100020,100,98375,100,100023,100,,,100042,100,,
2019-06-28 09:51:00.878934022,99606,183,99436,100,99644,183,99252,183,99677,283,99235,183,99687,183,99040,183,99703,183,99034,183,99867,100,98974,183,99969,100,98787,100,100020,100,98396,100,100023,100,98375,100,100042,100,,
2019-06-28 09:51:05.977268545,99606,183,99436,100,99644,183,99252,183,99668,100,99235,183,99677,283,99040,183,99687,183,99034,183,99703,183,98974,183,99867,100,98787,100,99969,100,98396,100,100020,100,98375,100,100023,100,,
2019-06-28 09:51:10.000000000,99606,240,99436,240,99644,236,99252,236,99668,236,99235,236,99677,200,99040,100,99687,100,99034,100,99703,100,98974,100,99867,100,98787,100,99969,100,98396,100,100020,100,98375,100,100023,100,,
2019-06-28 09:51:20.000000000,99606,203,99436,203,99644,203,99252,203,99668,203,99235,203,99677,303,99040,203,99687,100,99034,100,99703,100,98974,100,99867,100,98787,100,99969,100,98396,100,100020,100,98375,100,100023,100,,
2019-06-28 09:51:24.862634915,99475,100,99436,203,99606,203,99252,203,99644,203,99235,203,99668,203,99040,203,99677,303,99034,100,99687,100,98974,100,99703,100,98787,100,99867,100,98396,100,99969,100,98375,100,100020,100,,
2019-06-28 09:51:30.000000000,99475,203,99436,203,99606,203,99252,203,99644,203,99235,203,99668,203,99040,203,99677,200,99034,100,99687,100,98974,100,99703,100,98787,100,99867,100,98396,100,99969,100,98375,100,100020,100,,
2019-06-28 09:51:37.818332894,99475,203,99436,203,99606,103,99333,100,99644,203,99252,203,99668,203,99235,203,99677,200,99040,203,99687,100,99034,100,99703,100,98974,100,99867,100,98787,100,99969,100,98396,100,100020,100,98375,100
2019-06-28 09:51:38.376197888,99475,203,99436,203,99606,103,99333,100,99644,203,99252,203,99668,203,99235,203,99677,200,99081,100,99687,100,99040,203,99703,100,99034,100,99867,100,98974,100,99969,100,98787,100,100020,100,98396,100
2019-06-28 09:51:40.000000000,99475,306,99436,306,99644,306,99333,306,99668,100,99252,100,99677,200,99235,100,99687,100,99081,100,99703,100,99040,100,99867,100,99034,100,99969,100,98974,100,100020,100,98787,100,100023,100,98396,100
2019-06-28 09:51:50.000000000,99475,203,99436,203,99644,203,99333,203,99668,203,99252,203,99677,303,99235,203,99687,100,99081,100,99703,100,99040,100,99867,100,99034,100,99969,100,98974,100,100020,100,98787,100,100023,100,98396,100
2019-06-28 09:52:00.000000000,99475,240,99436,240,99644,236,99333,236,99668,236,99252,236,99677,200,99235,100,99687,100,99081,100,99703,100,99040,100,99867,100,99034,100,99969,100,98974,100,100020,100,98787,100,100023,100,98396,100
2019-06-28 09:52:10.000000000,99475,203,99436,203,99644,203,99333,203,99668,203,99252,203,99677,303,99235,203,99687,100,99081,100,99703,100,99040,100,99867,100,99034,100,99969,100,98974,100,100020,100,98787,100,100023,100,98396,100
2019-06-28 09:52:12.195841499,99475,203,99436,203,99644,203,99333,203,99668,203,99252,203,99677,303,99235,203,99687,100,99081,100,99703,100,99040,100,99867,100,99034,100,99969,100,98974,100,100020,100,98787,100,100023,100,98706,100
2019-06-28 09:52:20.000000000,99475,513,99436,513,99644,100,99333,100,99668,100,99252,100,99677,200,99235,100,99687,100,99081,100,99703,100,99040,100,99867,100,99034,100,99969,100,98974,100,100020,100,98787,100,100023,100,98706,100
2019-06-28 09:52:30.000000000,99475,240,99436,240,99644,236,99333,236,99668,236,99252,236,99677,200,99235,100,99687,100,99081,100,99703,100,99040,100,99867,100,99034,100,99969,100,98974,100,100020,100,98787,100,100023,100,98706,100
2019-06-28 09:52:40.000000000,99475,513,99436,513,99644,100,99333,100,99668,100,99252,100,99677,200,99235,100,99687,100,99081,100,99703,100,99040,100,99867,100,99034,100,99969,100,98974,100,100020,100,98787,100,100023,100,98706,100
2019-06-28 09:52:41.445621900,99475,513,99436,513,99644,100,99333,100,99668,100,99252,100,99677,200,99235,100,99687,100,99081,100,99703,100,99040,100,99867,100,99034,100,99969,100,98974,100,100020,100,98946,100,100023,100,98787,100
2019-06-28 09:52:49.669477133,99475,513,99436,413,99644,100,99333,100,99668,100,99252,100,99677,200,99235,100,99687,100,99081,100,99703,100,99040,100,99867,100,99034,100,99969,100,98974,100,100020,100,98946,100,100023,100,98787,100
2019-06-28 09:52:50.000000000,99475,203,99333,203,99644,203,99252,203,99668,203,99235,203,99677,303,99081,203,99687,100,99040,100,99703,100,99034,100,99867,100,98974,100,99969,100,98946,100,100020,100,98787,100,100023,100,98706,100
2019-06-28 09:52:50.161318251,99475,203,99333,103,99644,203,99252,203,99668,203,99235,203,99677,303,99081,203,99687,100,99040,100,99703,100,99034,100,99867,100,98974,100,99969,100,98946,100,100020,100,98787,100,100023,100,98706,100
2019-06-28 09:53:00.000000000,99475,240,99252,240,99644,236,99235,236,99668,236,99081,236,99677,200,99040,100,99687,100,99034,100,99703,100,98974,100,99867,100,98946,100,99969,100,98787,100,100020,100,98706,100,100023,100,98396,100
2019-06-28 09:53:06.911025543,99475,240,99252,240,99644,236,99248,100,99668,236,99235,236,99677,200,99081,236,99687,100,99040,100,99703,100,99034,100,99867,100,98974,100,99969,100,98946,100,100020,100,98787,100,100023,100,98706,100
2019-06-28 09:53:10.000000000,99475,203,99252,203,99644,203,99248,203,99668,203,99235,203,99677,303,99081,203,99687,100,99040,100,99703,100,99034,100,99867,100,98974,100,99969,100,98946,100,100020,100,98787,100,100023,100,98706,100
2019-06-28 09:53:12.913873407,99475,203,99252,103,99644,203,99248,103,99668,203,99235,203,99677,303,99081,203,99687,100,99040,100,99703,100,99034,100,99867,100,98974,100,99969,100,98946,100,100020,100,98787,100,100023,100,98706,100
2019-06-28 09:53:20.000000000,99475,306,99235,306,99644,306,99081,306,99668,100,99040,100,99677,200,99034,100,99687,100,98974,100,99703,100,98946,100,99867,100,98787,100,99969,100,98706,100,100020,100,98396,100,100023,100,98375,100
2019-06-28 09:53:30.000000000,99475,306,99235,306,99644,306,99081,306,99668,100,99040,100,99677,200,99034,100,99687,100,98974,100,99703,100,98946,100,99867,100,98787,100,99969,100,98706,100,100020,100,98396,100,100023,100,98375,100
2019-06-28 09:53:40.000000000,99475,306,99235,306,99644,306,99081,306,99668,100,99040,100,99677,200,99034,100,99687,100,98974,100,99703,100,98946,100,99867,100,98787,100,99969,100,98706,100,100020,100,98396,100,100023,100,98375,100
2019-06-28 09:53:43.491088593,99475,306,99253,100,99644,306,99235,306,99668,100,99081,306,99677,200,99040,100,99687,100,99034,100,99703,100,98974,100,99867,100,98946,100,99969,100,98787,100,100020,100,98706,100,100023,100,98396,100
2019-06-28 09:53:50.000000000,99475,513,99253,513,99644,100,99235,100,99668,100,99081,100,99677,200,99040,100,99687,100,99034,100,99703,100,98974,100,99867,100,98946,100,99969,100,98787,100,100020,100,98706,100,100023,100,98396,100
2019-06-28 09:54:00.000000000,99475,306,99253,306,99644,306,99235,306,99668,100,99081,100,99677,200,99040,100,99687,100,99034,100,99703,100,98974,100,99867,100,98946,100,99969,100,98787,100,100020,100,98706,100,100023,100,98396,100
2019-06-28 09:54:02.525958384,99475,306,99253,306,99644,306,99235,306,99668,100,99081,100,99677,200,99040,100,99687,100,99034,100,99703,100,98974,100,99867,100,98946,100,100020,100,98787,100,100023,100,98706,100,100042,100,98396,100
2019-06-28 09:54:10.000000000,99475,183,99253,183,99644,183,99235,183,99668,183,99081,183,99677,283,99040,183,99687,183,99034,183,99703,100,98974,100,99867,100,98946,100,100020,100,98787,100,100023,100,98706,100,100042,100,98396,100
2019-06-28 09:54:15.343861310,99475,183,99253,183,99644,183,99235,183,99668,183,99081,183,99677,283,99040,183,99687,183,99034,183,99703,100,98974,100,99867,100,98946,100,100020,100,98787,100,100023,100,98706,100,100042,100,98396,100
2019-06-28 09:54:20.000000000,99475,306,99253,306,99644,306,99235,306,99668,100,99081,100,99677,200,99040,100,99687,100,99034,100,99703,100,98974,100,99867,100,98946,100,100020,100,98787,100,100023,100,98706,100,100042,100,98396,100
2019-06-28 09:54:28.700482681,99475,306,99253,206,99644,306,99235,306,99668,100,99081,100,99677,200,99040,100,99687,100,99034,100,99703,100,98974,100,99867,100,98946,100,100020,100,98787,100,100023,100,98706,100,100042,100,98396,100
2019-06-28 09:54:30.000000000,99475,513,99235,513,99644,100,99081,100,99668,100,99040,100,99677,200,99034,100,99687,100,98974,100,99703,100,98946,100,99867,100,98787,100,100020,100,98706,100,100023,100,98396,100,100042,100,98389,100
2019-06-28 09:54:40.000000000,99475,240,99235,240,99644,236,99081,236,99668,236,99040,236,99677,200,99034,100,99687,100,98974,100,99703,100,98946,100,99867,100,98787,100,100020,100,98706,100,100023,100,98396,100,100042,100,98389,100
2019-06-28 09:54:42.918244274,99475,240,99235,140,99644,236,99081,236,99668,236,99040,236,99677,200,99034,100,99687,100,98974,100,99703,100,98946,100,99867,100,98787,100,100020,100,98706,100,100023,100,98396,100,100042,100,98389,100
2019-06-28 09:54:50.000000000,99475,513,99081,513,99644,100,99040,100,99668,100,99034,100,99677,200,98974,100,99687,100,98946,100,99703,100,98787,100,99867,100,98706,100,100020,100,98396,100,100023,100,98389,100,100042,100,98375,100
2019-06-28 09:54:58.241778484,99475,513,99081,413,99644,100,99040,100,99668,100,99034,100,99677,200,98974,100,99687,100,98946,100,99703,100,98787,100,99867,100,98706,100,100020,100,98396,100,100023,100,98389,100,100042,100,98375,100
2019-06-28 09:55:00.000000000,99475,240,99040,240,99644,236,99034,236,99668,236,98974,236,99677,200,98946,100,99687,100,98787,100,99703,100,98706,100,99867,100,98396,100,100020,100,98389,100,100023,100,98375,100,100042,100,,
2019-06-28 09:55:06.412024436,99475,240,99040,240,99644,236,99034,236,99668,236,98974,236,99677,200,98946,100,99687,100,98787,100,99703,100,98706,100,99867,100,98396,100,100020,100,98389,100,100023,100,98375,100,100042,100,98304,100
2019-06-28 09:55:10.000000000,99475,183,99040,183,99644,183,99034,183,99668,183,98974,183,99677,283,98946,183,99687,183,98787,183,99703,100,98706,100,99867,100,98396,100,100020,100,98389,100,100023,100,98375,100,100042,100,98304,100
2019-06-28 09:55:14.499626048,99475,183,99040,83,99644,183,99034,183,99668,183,98974,183,99677,283,98946,183,99687,183,98787,183,99703,100,98706,100,99867,100,98396,100,100020,100,98389,100,100023,100,98375,100,100042,100,98304,100
2019-06-28 09:55:18.834348448,99081,100,99040,83,99475,183,99034,183,99644,183,98974,183,99668,183,98946,183,99677,283,98787,183,99687,183,98706,100,99703,100,98396,100,99867,100,98389,100,100020,100,98375,100,100023,100,98304,100
2019-06-28 09:55:20.000000000,99081,203,99034,203,99475,203,98974,203,99644,203,98946,203,99668,203,98787,203,99677,200,98706,100,99687,100,98396,100,99703,100,98389,100,99867,100,98375,100,100020,100,98304,100,100023,100,,
2019-06-28 09:55:30.000000000,99081,306,99034,306,99475,306,98974,306,99644,100,98946,100,99668,100,98787,100,99677,200,98706,100,99687,100,98396,100,99703,100,98389,100,99867,100,98375,100,100020,100,98304,100,100023,100,,
2019-06-28 09:55:40.000000000,99081,513,99034,513,99475,100,98974,100,99644,100,98946,100,99668,100,98787,100,99677,200,98706,100,99687,100,98396,100,99703,100,98389,100,99867,100,98375,100,100020,100,98304,100,100023,100,,
2019-06-28 09:55:50.000000000,99081,240,99034,240,99475,236,98974,236,99644,236,98946,236,99668,100,98787,100,99677,200,98706,100,99687,100,98396,100,99703,100,98389,100,99867,100,98375,100,100020,100,98304,100,100023,100,,
2019-06-28 09:56:00.000000000,99081,513,99034,513,99475,100,98974,100,99644,100,98946,100,99668,100,98787,100,99677,200,98706,100,99687,100,98396,100,99703,100,98389,100,99867,100,98375,100,100020,100,98304,100,100023,100,,
2019-06-28 09:56:10.000000000,99081,513,99034,513,99475,100,98974,100,99644,100,98946,100,99668,100,98787,100,99677,200,98706,100,99687,100,98396,100,99703,100,98389,100,99867,100,98375,100,100020,100,98304,100,100023,100,,
2019-06-28 09:56:19.691748424,99081,413,99034,513,99475,100,98974,100,99644,100,98946,100,99668,100,98787,100,99677,200,98706,100,99687,100,98396,100,99703,100,98389,100,99867,100,98375,100,100020,100,98304,100,100023,100,,
2019-06-28 09:56:20.000000000,99475,240,99034,240,99644,236,98974,236,99668,236,98946,236,99677,200,98787,100,99687,100,98706,100,99703,100,98396,100,99867,100,98389,100,100020,100,98375,100,100023,100,98304,100,100042,100,,
2019-06-28 09:56:30.000000000,99475,183,99034,183,99644,183,98974,183,99668,183,98946,183,99677,283,98787,183,99687,183,98706,183,99703,100,98396,100,99867,100,98389,100,100020,100,98375,100,100023,100,98304,100,100042,100,,
2019-06-28 09:56:39.258054364,99475,183,99034,183,99644,183,98974,183,99668,183,98946,183,99677,283,98787,183,99687,183,98706,183,99703,100,98396,100,99867,100,98389,100,100020,100,98375,100,100023,100,98304,100,100070,100,,
2019-06-28 09:56:40.000000000,99475,240,99034,240,99644,236,98974,236,99668,236,98946,236,99677,200,98787,100,99687,100,98706,100,99703,100,98396,100,99867,100,98389,100,100020,100,98375,100,100023,100,98304,100,100070,100,,
2019-06-28 09:56:50.000000000,99475,306,99034,306,99644,306,98974,306,99668,100,98946,100,99677,200,98787,100,99687,100,98706,100,99703,100,98396,100,99867,100,98389,100,100020,100,98375,100,100023,100,98304,100,100070,100,,
2019-06-28 09:57:00.000000000,99475,513,99034,513,99644,100,98974,100,99668,100,98946,100,99677,200,98787,100,99687,100,98706,100,99703,100,98396,100,99867,100,98389,100,100020,100,98375,100,100023,100,98304,100,100070,100,,
2019-06-28 09:57:10.000000000,99475,183,99034,183,99644,183,98974,183,99668,183,98946,183,99677,283,98787,183,99687,183,98706,183,99703,100,98396,100,99867,100,98389,100,100020,100,98375,100,100023,100,98304,100,100070,100,,
2019-06-28 09:57:10.014702995,99475,183,99034,83,99644,183,98974,183,99668,183,98946,183,99677,283,98787,183,99687,183,98706,183,99703,100,98396,100,99867,100,98389,100,100020,100,98375,100,100023,100,98304,100,100070,100,,
2019-06-28 09:57:20.000000000,99475,306,98974,306,99644,306,98946,306,99668,100,98787,100,99677,200,98706,100,99687,100,98396,100,99703,100,98389,100,99867,100,98375,100,100020,100,98304,100,100023,100,,,100070,100,,
2019-06-28 09:57:30.000000000,99475,203,98974,203,99644,203,98946,203,99668,203,98787,203,99677,303,98706,203,99687,100,98396,100,99703,100,98389,100,99867,100,98375,100,100020,100,98304,100,100023,100,,,100070,100,,
2019-06-28 09:57:34.185224957,99475,203,98974,103,99644,203,98946,203,99668,203,98787,203,99677,303,98706,203,99687,100,98396,100,99703,100,98389,100,99867,100,98304,100,100020,100,,,100023,100,,,100070,100,,
2019-06-28 09:57:40.000000000,99475,203,98946,203,99644,203,98787,203,99668,203,98706,203,99677,303,98396,203,99687,100,98389,100,99703,100,98304,100,99867,100,,,100020,100,,,100023,100,,,100070,100,,
2019-06-28 09:57:50.000000000,99475,240,98946,240,99644,236,98787,236,99668,236,98706,236,99677,200,98396,100,99687,100,98389,100,99703,100,98304,100,99867,100,,,100020,100,,,100023,100,,,100070,100,,
2019-06-28 09:58:00.000000000,99475,513,98946,513,99644,100,98787,100,99668,100,98706,100,99677,200,98396,100,99687,100,98389,100,99703,100,98304,100,99867,100,,,100020,100,,,100023,100,,,100070,100,,
2019-06-28 09:58:06.146703493,99475,513,98946,513,99644,100,98787,100,99668,100,98706,100,99677,200,98396,100,99687,100,98389,100,99703,100,98304,100,99867,100,97655,100,100020,100,,,100023,100,,,100070,100,,
2019-06-28 09:58:10.000000000,99475,240,98946,240,99644,236,98787,236,99668,236,98706,236,99677,200,98396,100,99687,100,98389,100,99703,100,98304,100,99867,100,97655,100,100020,100,,,100023,100,,,100070,100,,
2019-06-28 09:58:20.000000000,99475,513,98946,513,99644,100,98787,100,99668,100,98706,100,99677,200,98396,100,99687,100,98389,100,99703,100,98304,100,99867,100,97655,100,100020,100,,,100023,100,,,100070,100,,
2019-06-28 09:58:30.000000000,99475,203,98946,203,99644,203,98787,203,99668,203,98706,203,99677,303,98396,203,99687,100,98389,100,99703,100,98304,100,99867,100,97655,100,100020,100,,,100023,100,,,100070,100,,
2019-06-28 09:58:40.000000000,99475,183,98946,183,99644,183,98787,183,99668,183,98706,183,99677,283,98396,183,99687,183,98389,183,99703,100,98304,100,99867,100,97655,100,100020,100,,,100023,100,,,100070,100,,
2019-06-28 09:58:44.671546516,99475,183,98946,183,99644,183,98787,183,99668,183,98706,183,99677,183,98396,183,99687,183,98389,183,99703,100,98304,100,99867,100,97655,100,100020,100,,,100023,100,,,100070,100,,
2019-06-28 09:58:50.000000000,99475,306,98946,306,99644,306,98787,306,99668,100,98706,100,99677,100,98396,100,99687,100,98389,100,99703,100,98304,100,99867,100,97655,100,100020,100,,,100023,100,,,100070,100,,
2019-06-28 09:58:55.661061707,99475,306,98946,206,99644,306,98787,306,99668,100,98706,100,99677,100,98396,100,99687,100,98389,100,99703,100,98304,100,99867,100,97655,100,100020,100,,,100023,100,,,100070,100,,
2019-06-28 09:59:00.000000000,99475,240,98787,240,99644,236,98706,236,99668,236,98396,236,99677,100,98389,100,99687,100,98304,100,99703,100,97655,100,99867,100,,,100020,100,,,100023,100,,,100070,100,,
2019-06-28 09:59:10.000000000,99475,183,98787,183,99644,183,98706,183,99668,183,98396,183,99677,183,98389,183,99687,183,98304,183,99703,100,97655,100,99867,100,,,100020,100,,,100023,100,,,100070,100,,
2019-06-28 09:59:20.000000000,99475,203,98787,203,99644,203,98706,203,99668,203,98396,203,99677,203,98389,203,99687,100,98304,100,99703,100,97655,100,99867,100,,,100020,100,,,100023,100,,,100070,100,,
2019-06-28 09:59:22.790602629,98974,100,98787,203,99475,103,98706,203,99644,203,98396,203,99668,203,98389,203,99677,203,98304,100,99687,100,97655,100,99703,100,,,99867,100,,,100020,100,,,100023,100,,
2019-06-28 09:59:28.915272162,98974,100,98787,203,99475,103,98706,203,99644,203,98396,203,99668,203,98389,203,99677,203,98304,100,99687,100,98184,100,99703,100,97655,100,99867,100,,,100020,100,,,100023,100,,
2019-06-28 09:59:30.000000000,98974,183,98787,183,99644,183,98706,183,99668,183,98396,183,99677,183,98389,183,99687,183,98304,183,99703,100,98184,100,99867,100,97655,100,100020,100,,,100023,100,,,100070,100,,
2019-06-28 09:59:40.000000000,98974,240,98787,240,99644,236,98706,236,99668,236,98396,236,99677,100,98389,100,99687,100,98304,100,99703,100,98184,100,99867,100,97655,100,100020,100,,,100023,100,,,100070,100,,
2019-06-28 09:59:41.879190387,98974,340,98787,240,99644,236,98706,236,99668,236,98396,236,99677,100,98389,100,99687,100,98304,100,99703,100,98184,100,99867,100,97655,100,100020,100,,,100023,100,,,100070,100,,
2019-06-28 09:59:42.756148133,98974,340,98787,240,99644,236,98706,236,99668,236,98396,236,99677,100,98389,100,99687,100,98304,100,99703,100,98184,100,99867,100,97909,100,100020,100,97655,100,100023,100,,,100070,100,,
2019-06-28 09:59:45.849560356,98974,340,98787,140,99644,236,98706,236,99668,236,98396,236,99677,100,98389,100,99687,100,98304,100,99703,100,98184,100,99867,100,97909,100,100020,100,97655,100,100023,100,,,100070,100,,
2019-06-28 09:59:46.348767569,98974,340,98787,140,99644,236,98706,236,99668,236,98396,236,99677,100,98389,100,99687,100,98304,100,99703,100,98190,100,99867,100,98184,100,100020,100,97909,100,100023,100,97655,100,100070,100,,
2019-06-28 09:59:47.623470438,98974,340,98787,40,99644,236,98706,236,99668,236,98396,236,99677,100,98389,100,99687,100,98304,100,99703,100,98190,100,99867,100,98184,100,100020,100,97909,100,100023,100,97655,100,100070,100,,
2019-06-28 09:59:50.000000000,98974,613,98706,513,99644,100,98396,100,99668,100,98389,100,99677,100,98304,100,99687,100,98190,100,99703,100,98184,100,99867,100,97909,100,100020,100,97655,100,100023,100,,,100070,100,,
2019-06-28 10:00:00.000000000,98974,406,98706,306,99644,306,98396,306,99668,100,98389,100,99677,100,98304,100,99687,100,98190,100,99703,100,98184,100,99867,100,97909,100,100020,100,97655,100,100023,100,,,100070,100,,
2019-06-28 10:00:04.000443368,98974,406,98706,306,99644,306,98396,306,99668,100,98389,100,99677,100,98304,100,99687,100,98295,100,99703,100,98190,100,99867,100,98184,100,100020,100,97909,100,100023,100,97655,100,100070,100,,
2019-06-28 10:00:10.000000000,98974,406,98706,306,99644,306,98396,306,99668,100,98389,100,99677,100,98304,100,99687,100,98295,100,99703,100,98190,100,99867,100,98184,100,100020,100,97909,100,100023,100,97655,100,100070,100,,
2019-06-28 10:00:20.000000000,98974,406,98706,306,99644,306,98396,306,99668,100,98389,100,99677,100,98304,100,99687,100,98295,100,99703,100,98190,100,99867,100,98184,100,100020,100,97909,100,100023,100,97655,100,100070,100,,
2019-06-28 10:00:21.411534763,98787,100,98706,306,98974,406,98396,306,99644,306,98389,100,99668,100,98304,100,99687,100,98295,100,99703,100,98190,100,99867,100,98184,100,100020,100,97909,100,100023,100,97655,100,100070,100,,
2019-06-28 10:00:21.445346583,98787,100,98706,306,98974,406,98457,100,99644,306,98396,306,99668,100,98389,100,99687,100,98304,100,99703,100,98295,100,99867,100,98190,100,100020,100,97909,100,100023,100,97655,100,100070,100,,
2019-06-28 10:00:23.068668434,98787,100,98706,206,98974,406,98457,100,99644,306,98396,306,99668,100,98389,100,99687,100,98304,100,99703,100,98295,100,99867,100,98190,100,100020,100,97909,100,100023,100,97655,100,100070,100,,
2019-06-28 10:00:30.000000000,98787,203,98457,203,98974,303,98396,203,99644,203,98389,203,99668,203,98304,203,99687,100,98295,100,99703,100,98190,100,99867,100,97909,100,100020,100,97655,100,100023,100,,,100070,100,,
2019-06-28 10:00:33.895780832,98657,100,98457,203,98787,203,98396,203,98974,303,98389,203,99644,203,98304,203,99668,203,98295,100,99687,100,98190,100,99703,100,97655,100,99867,100,,,100020,100,,,100023,100,,
2019-06-28 10:00:40.000000000,98657,240,98457,240,98787,236,98396,236,98974,336,98389,236,99644,100,98304,100,99668,100,98295,100,99687,100,98190,100,99703,100,97655,100,99867,100,,,100020,100,,,100023,100,,
2019-06-28 10:00:41.066369037,98657,140,98457,240,98787,236,98396,236,98974,336,98389,236,99644,100,98304,100,99668,100,98295,100,99687,100,98190,100,99703,100,97655,100,99867,100,,,100020,100,,,100023,100,,
2019-06-28 10:00:47.925343065,98657,140,98457,240,98706,100,98396,236,98787,236,98389,236,98974,336,98304,100,99644,100,98295,100,99668,100,98190,100,99687,100,97655,100,99703,100,,,99867,100,,,100020,100,,
2019-06-28 10:00:50.000000000,98706,203,98457,203,98787,203,98396,203,98974,303,98389,203,99644,203,98304,203,99668,100,98295,100,99687,100,98190,100,99703,100,97655,100,99867,100,,,100020,100,,,100023,100,,
2019-06-28 10:00:54.518798313,98706,203,98594,100,98787,203,98457,203,98974,303,98396,203,99644,203,98389,203,99668,100,98304,203,99687,100,98295,100,99703,100,98190,100,99867,100,97655,100,100020,100,,,100023,100,,
2019-06-28 10:01:00.000000000,98706,240,98594,240,98787,236,98457,236,98974,336,98396,236,99644,100,98389,100,99668,100,98304,100,99687,100,98295,100,99703,100,98190,100,99867,100,97655,100,100020,100,,,100023,100,,
2019-06-28 10:01:07.846391830,98706,140,98594,240,98787,236,98457,236,98974,336,98396,236,99644,100,98389,100,99668,100,98304,100,99687,100,98295,100,99703,100,98190,100,100020,100,97655,100,100023,100,,,100070,100,,
2019-06-28 10:01:10.000000000,98787,306,98594,306,98974,406,98457,306,99644,100,98396,100,99668,100,98389,100,99687,100,98304,100,99703,100,98295,100,100020,100,98190,100,100023,100,97655,100,100070,100,,,100073,100,,
2019-06-28 10:01:20.000000000,98787,513,98594,513,98974,200,98457,100,99644,100,98396,100,99668,100,98389,100,99687,100,98304,100,99703,100,98295,100,100020,100,98190,100,100023,100,97655,100,100070,100,,,100073,100,,
2019-06-28 10:01:24.170984716,98787,513,98594,513,98974,200,98530,100,99644,100,98457,100,99668,100,98396,100,99687,100,98389,100,99703,100,98304,100,100020,100,98295,100,100023,100,98190,100,100070,100,97655,100,100073,100,,
2019-06-28 10:01:29.054590294,98787,513,98594,513,98974,200,98530,100,99644,100,98457,100,99668,100,98396,100,99687,100,98391,100,99703,100,98389,100,100020,100,98304,100,100023,100,98295,100,100070,100,98190,100,100073,100,97655,100
2019-06-28 10:01:30.000000000,98787,240,98594,240,98974,336,98530,236,99644,236,98457,236,99668,100,98396,100,99687,100,98391,100,99703,100,98389,100,100020,100,98304,100,100023,100,98295,100,100070,100,98190,100,100073,100,97655,100
2019-06-28 10:01:40.000000000,98787,240,98594,240,98974,336,98530,236,99644,236,98457,236,99668,100,98396,100,99687,100,98391,100,99703,100,98389,100,100020,100,98304,100,100023,100,98295,100,100070,100,98190,100,100073,100,97655,100
2019-06-28 10:01:48.649991823,98787,240,98594,240,98974,336,98530,236,99644,236,98457,236,99668,100,98396,100,99687,100,98391,100,99703,100,98389,100,100020,100,98304,100,100023,100,98295,100,100070,100,98220,100,100073,100,98190,100
2019-06-28 10:01:50.000000000,98787,183,98594,183,98974,283,98530,183,99644,183,98457,183,99668,183,98396,183,99687,183,98391,183,99703,100,98389,100,100020,100,98304,100,100023,100,98295,100,100070,100,98220,100,100073,100,98190,100
2019-06-28 10:02:00.000000000,98787,240,98594,240,98974,336,98530,236,99644,236,98457,236,99668,100,98396,100,99687,100,98391,100,99703,100,98389,100,100020,100,98304,100,100023,100,98295,100,100070,100,98220,100,100073,100,98190,100
2019-06-28 10:02:10.000000000,98787,183,98594,183,98974,283,98530,183,99644,183,98457,183,99668,183,98396,183,99687,183,98391,183,99703,100,98389,100,100020,100,98304,100,100023,100,98295,100,100070,100,98220,100,100073,100,98190,100
2019-06-28 10:02:20.000000000,98787,183,98594,183,98974,283,98530,183,99644,183,98457,183,99668,183,98396,183,99687,183,98391,183,99703,100,98389,100,100020,100,98304,100,100023,100,98295,100,100070,100,98220,100,100073,100,98190,100
2019-06-28 10:02:30.000000000,98787,513,98594,513,98974,200,98530,100,99644,100,98457,100,99668,100,98396,100,99687,100,98391,100,99703,100,98389,100,100020,100,98304,100,100023,100,98295,100,100070,100,98220,100,100073,100,98190,100
2019-06-28 10:02:32.276453301,98656,100,98594,513,98787,513,98530,100,98974,100,98457,100,99644,100,98396,100,99668,100,98391,100,99687,100,98389,100,99703,100,98304,100,100020,100,98295,100,100023,100,98220,100,100070,100,98190,100
2019-06-28 10:02:35.920352999,98656,100,98594,413,98787,513,98530,100,98974,100,98457,100,99644,100,98396,100,99668,100,98391,100,99687,100,98389,100,99703,100,98304,100,100020,100,98295,100,100023,100,98220,100,100070,100,98190,100
2019-06-28 10:02:40.000000000,98656,513,98530,513,98787,100,98457,100,98974,100,98396,100,99644,100,98391,100,99668,100,98389,100,99687,100,98304,100,99703,100,98295,100,100020,100,98220,100,100023,100,98190,100,100070,100,97655,100
2019-06-28 10:02:43.989261533,98656,513,98530,513,98787,100,98457,100,98974,100,98396,100,99644,100,98391,100,99668,100,98389,100,99687,100,98304,100,99703,100,98295,100,100020,100,98220,100,100023,100,98190,100,100070,100,97670,100
2019-06-28 10:02:50.000000000,98656,203,98530,203,98787,203,98457,203,98974,203,98396,203,99644,203,98391,203,99668,100,98389,100,99687,100,98304,100,99703,100,98295,100,100020,100,98220,100,100023,100,98190,100,100070,100,97670,100
2019-06-28 10:02:56.176827089,98656,203,98530,103,98787,203,98457,203,98974,203,98396,203,99644,203,98391,203,99668,100,98389,100,99687,100,98304,100,99703,100,98220,100,100020,100,98190,100,100023,100,97670,100,100070,100,97655,100
2019-06-28 10:02:57.340962946,98656,203,98530,103,98787,203,98457,203,98974,203,98396,203,99644,203,98391,203,99668,100,98389,100,99687,100,98304,100,99703,100,98220,100,100020,100,98190,100,100023,100,97670,100,100070,100,97655,100
2019-06-28 10:02:59.215679475,98656,203,98530,103,98787,203,98457,203,98974,203,98396,203,99644,203,98391,203,99668,100,98389,100,99687,100,98304,100,100020,100,98258,100,100023,100,98220,100,100070,100,98190,100,100073,100,97670,100
2019-06-28 10:03:00.000000000,98656,203,98457,203,98787,203,98396,203,98974,203,98391,203,99644,203,98389,203,99668,100,98304,100,99687,100,98258,100,100020,100,98220,100,100023,100,98190,100,100070,100,97670,100,100073,100,97655,100
2019-06-28 10:03:10.000000000,98656,513,98457,513,98787,100,98396,100,98974,100,98391,100,99644,100,98389,100,99668,100,98304,100,99687,100,98258,100,100020,100,98220,100,100023,100,98190,100,100070,100,97670,100,100073,100,97655,100
2019-06-28 10:03:17.107000654,98594,100,98457,513,98656,513,98396,100,98787,100,98391,100,98974,100,98389,100,99644,100,98304,100,99668,100,98258,100,99687,100,98220,100,100020,100,98190,100,100023,100,97670,100,100070,100,97655,100
2019-06-28 10:03:18.895846621,98594,100,98457,513,98656,513,98396,100,98787,100,98391,100,98974,100,98389,100,99644,100,98304,100,99668,100,98258,100,99687,100,98220,100,100020,100,98190,100,100023,100,97969,100,100070,100,97670,100
2019-06-28 10:03:20.000000000,98594,183,98457,183,98656,183,98396,183,98787,183,98391,183,98974,183,98389,183,99644,183,98304,183,99668,100,98258,100,99687,100,98220,100,100020,100,98190,100,100023,100,97969,100,100070,100,97670,100
2019-06-28 10:03:21.564344985,98594,283,98457,183,98656,183,98396,183,98787,183,98391,183,98974,183,98389,183,99644,183,98304,183,99668,100,98258,100,99687,100,98220,100,100020,100,98190,100,100023,100,97969,100,100070,100,97670,100
2019-06-28 10:03:23.008300628,98594,283,98457,183,98656,83,98396,183,98787,183,98391,183,98974,183,98389,183,99644,183,98304,183,99668,100,98258,100,99687,100,98220,100,100020,100,98190,100,100023,100,97969,100,100070,100,97670,100
2019-06-28 10:03:30.000000000,98594,283,98457,183,98787,183,98396,183,98974,183,98391,183,99644,183,98389,183,99668,183,98304,183,99687,100,98258,100,100020,100,98220,100,100023,100,98190,100,100070,100,97969,100,100073,100,97670,100
2019-06-28 10:03:33.160320606,98594,383,98457,183,98787,183,98396,183,98974,183,98391,183,99644,183,98389,183,99668,183,98304,183,99687,100,98258,100,100020,100,98220,100,100023,100,98190,100,100070,100,97969,100,100073,100,97670,100
2019-06-28 10:03:40.000000000,98594,713,98457,513,98787,100,98396,100,98974,100,98391,100,99644,100,98389,100,99668,100,98304,100,99687,100,98258,100,100020,100,98220,100,100023,100,98190,100,100070,100,97969,100,100073,100,97670,100
2019-06-28 10:03:50.000000000,98594,383,98457,183,98787,183,98396,183,98974,183,98391,183,99644,183,98389,183,99668,183,98304,183,99687,100,98258,100,100020,100,98220,100,100023,100,98190,100,100070,100,97969,100,100073,100,97670,100
2019-06-28 10:03:58.508791097,98594,383,98457,83,98787,183,98396,183,98974,183,98391,183,99644,183,98389,183,99668,183,98304,183,99687,100,98258,100,100020,100,98220,100,100023,100,98190,100,100070,100,97969,100,100073,100,97670,100
2019-06-28 10:04:00.000000000,98594,383,98396,183,98787,183,98391,183,98974,183,98389,183,99644,183,98304,183,99668,183,98258,183,99687,100,98220,100,100020,100,98190,100,100023,100,97969,100,100070,100,97670,100,100073,100,97655,100
2019-06-28 10:04:10.000000000,98594,506,98396,306,98787,306,98391,306,98974,100,98389,100,99644,100,98304,100,99668,100,98258,100,99687,100,98220,100,100020,100,98190,100,100023,100,97969,100,100070,100,97670,100,100073,100,97655,100
2019-06-28 10:04:18.522135525,98594,506,98396,206,98787,306,98391,306,98974,100,98389,100,99644,100,98304,100,99668,100,98258,100,99687,100,98220,100,100020,100,98190,100,100023,100,97969,100,100070,100,97670,100,100073,100,97655,100
2019-06-28 10:04:19.259995382,98594,506,98396,206,98787,206,98391,306,98974,100,98389,100,99644,100,98304,100,99668,100,98258,100,99687,100,98220,100,100020,100,98190,100,100023,100,97969,100,100070,100,97670,100,100073,100,97655,100
2019-06-28 10:04:20.000000000,98594,403,98391,203,98974,203,98389,203,99644,203,98304,203,99668,203,98258,203,99687,100,98220,100,100020,100,98190,100,100023,100,97969,100,100070,100,97670,100,100073,100,97655,100,100098,100,,
2019-06-28 10:04:30.000000000,98594,713,98391,513,98974,100,98389,100,99644,100,98304,100,99668,100,98258,100,99687,100,98220,100,100020,100,98190,100,100023,100,97969,100,100070,100,97670,100,100073,100,97655,100,100098,100,,
2019-06-28 10:04:40.000000000,98594,506,98391,306,98974,306,98389,306,99644,100,98304,100,99668,100,98258,100,99687,100,98220,100,100020,100,98190,100,100023,100,97969,100,100070,100,97670,100,100073,100,97655,100,100098,100,,
2019-06-28 10:04:47.121759791,98594,506,98391,206,98974,306,98389,306,99644,100,98304,100,99668,100,98258,100,99687,100,98220,100,100020,100,98190,100,100023,100,97969,100,100070,100,97670,100,100073,100,97655,100,100098,100,,
2019-06-28 10:04:50.000000000,98594,713,98389,513,98974,100,98304,100,99644,100,98258,100,99668,100,98220,100,99687,100,98190,100,100020,100,97969,100,100023,100,97670,100,100070,100,97655,100,100073,100,,,100098,100,,
2019-06-28 10:04:52.784881871,98594,713,98389,513,98974,100,98304,100,99644,100,98258,100,99668,100,98220,100,99687,100,98190,100,100020,100,97969,100,100023,100,97751,100,100070,100,97670,100,100073,100,97655,100,100098,100,,
2019-06-28 10:05:00.000000000,98594,403,98389,203,98974,203,98304,203,99644,203,98258,203,99668,203,98220,203,99687,100,98190,100,100020,100,97969,100,100023,100,97751,100,100070,100,97670,100,100073,100,97655,100,100098,100,,
2019-06-28 10:05:09.551153142,98594,403,98389,203,98974,203,98304,203,99644,203,98258,203,99668,203,98220,203,99687,100,98190,100,100020,100,97969,100,100023,100,97818,100,100070,100,97751,100,100073,100,97670,100,100098,100,97655,100
2019-06-28 10:05:10.000000000,98594,713,98389,513,98974,100,98304,100,99644,100,98258,100,99668,100,98220,100,99687,100,98190,100,100020,100,97969,100,100023,100,97818,100,100070,100,97751,100,100073,100,97670,100,100098,100,97655,100
2019-06-28 10:05:14.351217451,98594,713,98389,413,98974,100,98304,100,99644,100,98258,100,99668,100,98220,100,99687,100,98190,100,100020,100,97969,100,100023,100,97818,100,100070,100,97751,100,100073,100,97670,100,100098,100,97655,100
2019-06-28 10:05:14.913130653,98594,713,98389,313,98974,100,98304,100,99644,100,98258,100,99668,100,98220,100,99687,100,98190,100,100020,100,97969,100,100023,100,97818,100,100070,100,97751,100,100073,100,97670,100,100098,100,97655,100
2019-06-28 10:05:15.760968602,98594,713,98389,213,98974,100,98304,100,99644,100,98258,100,99668,100,98220,100,100020,100,98190,100,100023,100,97969,100,100070,100,97818,100,100073,100,97751,100,100098,100,97670,100,100107,100,97655,100
2019-06-28 10:05:20.000000000,98594,506,98304,306,98974,306,98258,306,99644,100,98220,100,99668,100,98190,100,100020,100,97969,100,100023,100,97818,100,100070,100,97751,100,100073,100,97670,100,100098,100,97655,100,100107,100,,
2019-06-28 10:05:21.660025404,98594,506,98304,206,98974,306,98258,306,99644,100,98220,100,99668,100,98190,100,100020,100,97969,100,100023,100,97818,100,100070,100,97751,100,100073,100,97670,100,100098,100,97655,100,100107,100,97653,100
2019-06-28 10:05:28.710110674,98594,506,98304,106,98974,306,98258,306,99644,100,98220,100,99668,100,98190,100,100020,100,97969,100,100023,100,97818,100,100070,100,97751,100,100073,100,97670,100,100098,100,97655,100,100107,100,97653,100
2019-06-28 10:05:30.000000000,98594,403,98258,203,98974,203,98220,203,99644,203,98190,203,99668,203,97969,203,100020,100,97818,100,100023,100,97751,100,100070,100,97670,100,100073,100,97655,100,100098,100,97653,100,100107,100,,
2019-06-28 10:05:40.000000000,98594,713,98258,513,98974,100,98220,100,99644,100,98190,100,99668,100,97969,100,100020,100,97818,100,100023,100,97751,100,100070,100,97670,100,100073,100,97655,100,100098,100,97653,100,100107,100,,
2019-06-28 10:05:50.000000000,98594,440,98258,240,98974,236,98220,236,99644,236,98190,236,99668,100,97969,100,100020,100,97818,100,100023,100,97751,100,100070,100,97670,100,100073,100,97655,100,100098,100,97653,100,100107,100,,
2019-06-28 10:05:57.821173938,98594,440,98258,240,98974,236,98220,236,99644,236,98190,236,99668,100,97969,100,100020,100,97818,100,100023,100,97799,100,100070,100,97751,100,100073,100,97670,100,100098,100,97655,100,100107,100,97653,100
2019-06-28 10:06:00.000000000,98594,440,98258,240,98974,236,98220,236,99644,236,98190,236,99668,100,97969,100,100020,100,97818,100,100023,100,97799,100,100070,100,97751,100,100073,100,97670,100,100098,100,97655,100,100107,100,97653,100
2019-06-28 10:06:10.000000000,98594,506,98258,306,98974,306,98220,306,99644,100,98190,100,99668,100,97969,100,100020,100,97818,100,100023,100,97799,100,100070,100,97751,100,100073,100,97670,100,100098,100,97655,100,100107,100,97653,100
