,ask_price_1,ask_size_1,bid_price_1,bid_size_1,ask_price_2,ask_size_2,bid_price_2,bid_size_2,ask_price_3,ask_size_3,bid_price_3,bid_size_3,ask_price_4,ask_size_4,bid_price_4,bid_size_4,ask_price_5,ask_size_5,bid_price_5,bid_size_5,ask_price_6,ask_size_6,bid_price_6,bid_size_6,ask_price_7,ask_size_7,bid_price_7,bid_size_7,ask_price_8,ask_size_8,bid_price_8,bid_size_8,ask_price_9,ask_size_9,bid_price_9,bid_size_9,ask_price_10,ask_size_10,bid_price_10,bid_size_10
2019-06-28 09:30:00.000000000,100096,100,99837,100,,,,,,,,,,,,,,,,,,,,,,,,,,,,,,,,,,,,
2019-06-28 09:30:00.000000002,100096,100,99837,100,,,99821,100,,,,,,,,,,,,,,,,,,,,,,,,,,,,,,,,
2019-06-28 09:30:00.000000006,100096,100,100000,100,,,99837,100,,,99821,100,,,,,,,,,,,,,,,,,,,,,,,,,,,,
2019-06-28 09:30:00.000000007,100096,100,100000,100,,,99837,100,,,99821,100,,,99788,100,,,,,,,,,,,,,,,,,,,,,,,,
2019-06-28 09:30:00.000000012,100096,100,100000,100,,,99980,100,,,99925,100,,,99837,100,,,99821,100,,,99788,100,,,,,,,,,,,,,,,,
2019-06-28 09:30:00.000000015,100096,100,100000,100,100115,100,99980,100,,,99925,100,,,99837,100,,,99821,100,,,99788,100,,,,,,,,,,,,,,,,
2019-06-28 09:30:00.000000016,100096,100,100000,100,100115,100,99980,100,,,99925,100,,,99858,100,,,99837,100,,,99821,100,,,99788,100,,,,,,,,,,,,
2019-06-28 09:30:00.000000018,100096,100,99980,100,100115,100,99925,100,,,99861,100,,,99858,100,,,99837,100,,,99821,100,,,99788,100,,,,,,,,,,,,
2019-06-28 09:30:00.000000019,100016,100,99980,100,100096,100,99925,100,100115,100,99861,100,,,99858,100,,,99837,100,,,99821,100,,,99788,100,,,,,,,,,,,,
2019-06-28 09:30:00.000000021,100096,100,99980,100,100115,100,99925,100,,,99880,100,,,99861,100,,,99858,100,,,99837,100,,,99821,100,,,99788,100,,,,,,,,
2019-06-28 09:30:00.000000023,100096,100,99980,100,100115,100,99947,100,,,99925,100,,,99880,100,,,99861,100,,,99858,100,,,99837,100,,,99821,100,,,99788,100,,,,
2019-06-28 09:30:00.000000024,100096,100,99980,100,100115,100,99947,100,,,99925,100,,,99880,100,,,99861,100,,,99858,100,,,99856,100,,,99837,100,,,99821,100,,,99788,100
2019-06-28 09:30:00.000000027,100096,100,99980,100,100115,100,99947,100,100146,100,99925,100,,,99880,100,,,99861,100,,,99858,100,,,99856,100,,,99837,100,,,99821,100,,,99788,100
2019-06-28 09:30:00.000000028,100096,100,99980,100,100115,100,99947,100,100146,100,99925,100,,,99890,100,,,99880,100,,,99861,100,,,99858,100,,,99856,100,,,99837,100,,,99821,100
2019-06-28 09:30:00.000000029,100096,100,99980,100,100115,100,99947,100,100146,200,99925,100,,,99890,100,,,99880,100,,,99861,100,,,99858,100,,,99856,100,,,99837,100,,,99821,100
2019-06-28 09:30:00.000000030,100096,100,99980,100,100102,100,99947,100,100115,100,99925,100,100146,200,99890,100,,,99880,100,,,99861,100,,,99858,100,,,99856,100,,,99837,100,,,99821,100
2019-06-28 09:30:00.000000034,100096,100,99980,100,100102,100,99947,100,100115,100,99925,100,100146,200,99901,100,,,99890,100,,,99880,100,,,99861,100,,,99858,100,,,99856,100,,,99855,100
2019-06-28 09:30:00.000000039,100096,100,99980,100,100102,100,99947,100,100115,100,99925,100,100146,200,99901,100,,,99898,100,,,99890,100,,,99880,100,,,99861,100,,,99858,100,,,99856,100
2019-06-28 09:30:00.000000041,100096,100,99980,100,100101,100,99947,100,100102,100,99925,100,100115,100,99901,100,100146,200,99898,100,,,99890,100,,,99880,100,,,99861,100,,,99858,100,,,99856,100
2019-06-28 09:30:00.000000042,100051,100,99980,100,100096,100,99947,100,100101,100,99925,100,100102,100,99901,100,100115,100,99898,100,100146,200,99890,100,,,99880,100,,,99861,100,,,99858,100,,,99856,100
2019-06-28 09:30:00.000000043,100051,100,99980,100,100096,100,99947,100,100101,100,99925,100,100102,100,99924,100,100115,100,99901,100,100146,200,99898,100,,,99890,100,,,99880,100,,,99861,100,,,99858,100
2019-06-28 09:30:00.000000045,100051,100,99947,100,100096,100,99925,100,100101,100,99924,100,100102,100,99901,100,100115,100,99898,100,100146,200,99890,100,,,99880,100,,,99861,100,,,99858,100,,,99856,100
2019-06-28 09:30:00.000000046,100051,100,100002,100,100096,100,99947,100,100101,100,99925,100,100102,100,99924,100,100115,100,99901,100,100146,200,99898,100,,,99890,100,,,99880,100,,,99861,100,,,99858,100
2019-06-28 09:30:00.000000048,100051,100,100002,100,100096,100,99980,100,100101,100,99947,100,100102,100,99925,100,100115,100,99924,100,100146,200,99901,100,,,99898,100,,,99890,100,,,99880,100,,,99861,100
2019-06-28 09:30:00.000000050,100017,100,100002,100,100051,100,99980,100,100096,100,99947,100,100101,100,99925,100,100102,100,99924,100,100115,100,99901,100,100146,200,99898,100,,,99890,100,,,99880,100,,,99861,100
2019-06-28 09:30:00.000000052,100017,100,100002,100,100050,100,99980,100,100051,100,99947,100,100096,100,99925,100,100101,100,99924,100,100102,100,99901,100,100115,100,99898,100,100146,200,99890,100,,,99880,100,,,99861,100
2019-06-28 09:30:00.000000058,100017,100,100002,100,100050,100,99980,100,100051,100,99947,100,100060,100,99925,100,100064,100,99924,100,100096,100,99901,100,100101,100,99898,100,100102,100,99890,100,100115,100,99880,100,100146,200,99861,100
2019-06-28 09:30:00.000000060,100017,100,100002,100,100030,100,99980,100,100050,100,99947,100,100051,100,99925,100,100060,100,99924,100,100064,100,99901,100,100096,100,99898,100,100101,100,99890,100,100102,100,99880,100,100115,100,99861,100
2019-06-28 09:30:00.000000062,100017,100,100002,100,100030,100,99980,100,100050,100,99948,100,100051,100,99947,100,100060,100,99925,100,100064,100,99924,100,100096,100,99901,100,100101,200,99898,100,100102,100,99890,100,100115,100,99880,100
2019-06-28 09:30:00.000000064,100017,100,100002,100,100030,100,99980,100,100050,100,99948,100,100051,100,99947,100,100060,100,99925,100,100064,100,99924,100,100096,100,99901,100,100101,200,99898,100,100102,100,99890,100,100115,100,99880,100
2019-06-28 09:30:00.000000065,100017,100,100003,100,100030,100,100002,100,100050,100,99981,100,100051,100,99980,100,100060,100,99948,100,100064,100,99947,100,100096,100,99925,100,100101,200,99924,100,100102,100,99901,100,100115,100,99898,100
2019-06-28 09:30:00.000000068,100017,100,100003,100,100030,100,100002,100,100050,100,99981,100,100051,100,99980,100,100060,100,99948,100,100064,100,99947,100,100080,100,99925,100,100096,100,99924,100,100101,200,99901,100,100102,100,99898,100
2019-06-28 09:30:00.000000069,100017,100,100003,100,100030,100,100002,100,100050,100,99981,100,100051,100,99980,100,100058,100,99948,100,100060,100,99947,100,100064,100,99925,100,100080,100,99924,100,100096,100,99901,100,100101,200,99898,100
2019-06-28 09:30:00.000000075,100017,100,100003,100,100030,100,100002,100,100050,100,99981,100,100051,200,99980,100,100058,100,99948,100,100060,100,99947,100,100064,100,99925,100,100080,100,99924,100,100096,100,99901,100,100101,200,99898,100
2019-06-28 09:30:00.000000078,100017,100,100003,100,100030,100,100002,100,100050,100,99981,100,100051,200,99980,100,100058,100,99948,100,100060,100,99947,100,100064,100,99925,100,100080,100,99924,100,100096,100,99901,100,100101,200,99898,100
2019-06-28 09:30:00.000000079,100017,100,100002,100,100030,100,99981,100,100050,100,99980,100,100051,200,99948,100,100058,100,99947,100,100060,100,99925,100,100064,100,99924,100,100080,100,99901,100,100096,100,99898,100,100101,200,99894,100
2019-06-28 09:30:00.000000081,100017,100,100002,100,100030,100,99981,200,100050,100,99980,100,100051,200,99948,100,100058,100,99947,100,100060,100,99925,100,100064,100,99924,100,100080,100,99901,100,100096,100,99898,100,100101,200,99894,100
2019-06-28 09:30:00.000000082,100017,100,100002,100,100030,100,99981,200,100036,100,99980,100,100050,100,99951,100,100051,200,99948,100,100058,100,99947,100,100060,100,99925,100,100064,100,99924,100,100080,100,99901,100,100096,100,99898,100
2019-06-28 09:30:00.000000091,100017,100,100002,100,100030,100,99997,100,100036,100,99981,200,100050,100,99980,100,100051,200,99951,100,100058,100,99948,100,100060,100,99947,100,100064,100,99925,100,100080,100,99924,100,100087,100,99901,100
2019-06-28 09:30:00.000000093,100017,100,99981,200,100030,100,99980,100,100036,100,99951,100,100050,100,99948,100,100051,200,99947,100,100058,100,99925,100,100060,100,99924,100,100064,100,99901,100,100080,100,99898,100,100087,100,99894,100
2019-06-28 09:30:08.271826176,100017,100,99981,200,100030,100,99980,100,100036,100,99951,100,100050,100,99948,100,100051,200,99925,100,100058,100,99924,100,100060,100,99901,100,100064,100,99898,100,100074,100,99894,100,100080,100,99890,100
2019-06-28 09:30:10.000000000,100017,231,99981,331,100030,227,99980,227,100036,227,99951,227,100050,100,99948,100,100051,200,99925,100,100058,100,99924,100,100060,100,99901,100,100064,100,99898,100,100074,100,99894,100,100080,100,99890,100
2019-06-28 09:30:20.000000000,100017,196,99981,296,100030,196,99980,196,100036,196,99951,196,100050,196,99948,196,100051,200,99925,100,100058,100,99924,100,100060,100,99901,100,100064,100,99898,100,100074,100,99894,100,100080,100,99890,100
2019-06-28 09:30:24.860215139,100017,196,99981,296,100030,196,99980,196,100036,196,99951,196,100050,196,99948,196,100051,200,99925,100,100058,100,99924,100,100060,100,99901,100,100064,100,99898,100,100074,100,99894,100,100080,100,99890,100
2019-06-28 09:30:30.000000000,100017,196,99981,296,100030,196,99980,196,100036,196,99951,196,100050,196,99948,196,100051,200,99925,100,100058,100,99924,100,100060,100,99901,100,100064,100,99898,100,100074,100,99894,100,100080,100,99890,100
2019-06-28 09:30:40.000000000,100017,293,99981,393,100030,293,99980,293,100036,100,99951,100,100050,100,99948,100,100051,200,99925,100,100058,100,99924,100,100060,100,99901,100,100064,100,99898,100,100074,100,99894,100,100080,100,99890,100
2019-06-28 09:30:50.000000000,100017,293,99981,393,100030,293,99980,293,100036,100,99951,100,100050,100,99948,100,100051,200,99925,100,100058,100,99924,100,100060,100,99901,100,100064,100,99898,100,100074,100,99894,100,100080,100,99890,100
2019-06-28 09:31:00.000000000,100017,486,99981,586,100030,100,99980,100,100036,100,99951,100,100050,100,99948,100,100051,200,99925,100,100058,100,99924,100,100060,100,99901,100,100064,100,99898,100,100074,100,99894,100,100080,100,99890,100
2019-06-28 09:31:00.391401551,100017,486,99981,586,100030,100,99980,100,100036,100,99951,100,100050,100,99948,100,100051,200,99925,100,100058,100,99924,100,100060,100,99901,100,100064,100,99898,100,100074,100,99894,100,100080,100,99890,100
2019-06-28 09:31:10.000000000,100017,231,99981,331,100030,227,99980,227,100036,227,99951,227,100050,100,99948,100,100051,200,99925,100,100058,100,99924,100,100060,100,99901,100,100064,100,99898,100,100074,100,99894,100,100080,100,99890,100
2019-06-28 09:31:20.000000000,100017,293,99981,393,100030,293,99980,293,100036,100,99951,100,100050,100,99948,100,100051,200,99925,100,100058,100,99924,100,100060,100,99901,100,100064,100,99898,100,100074,100,99894,100,100080,100,99890,100
2019-06-28 09:31:30.000000000,100017,486,99981,586,100030,100,99980,100,100036,100,99951,100,100050,100,99948,100,100051,200,99925,100,100058,100,99924,100,100060,100,99901,100,100064,100,99898,100,100074,100,99894,100,100080,100,99890,100
2019-06-28 09:31:34.031973723,100017,486,99981,586,100030,100,99980,100,100036,100,99951,100,100050,100,99948,100,100051,200,99925,100,100058,100,99924,100,100060,100,99901,100,100064,100,99898,100,100074,100,99894,100,100080,100,99890,100
2019-06-28 09:31:40.000000000,100017,177,99981,277,100030,177,99980,177,100036,177,99951,177,100050,177,99948,177,100051,277,99925,177,100058,100,99924,100,100060,100,99901,100,100064,100,99898,100,100074,100,99894,100,100080,100,99890,100
2019-06-28 09:31:50.000000000,100017,486,99981,586,100030,100,99980,100,100036,100,99951,100,100050,100,99948,100,100051,200,99925,100,100058,100,99924,100,100060,100,99901,100,100064,100,99898,100,100074,100,99894,100,100080,100,99890,100
2019-06-28 09:32:00.000000000,100017,486,99981,586,100030,100,99980,100,100036,100,99951,100,100050,100,99948,100,100051,200,99925,100,100058,100,99924,100,100060,100,99901,100,100064,100,99898,100,100074,100,99894,100,100080,100,99890,100
2019-06-28 09:32:04.258070338,100017,486,99981,486,100030,100,99980,100,100036,100,99951,100,100050,100,99948,100,100051,200,99940,100,100058,100,99925,100,100060,100,99924,100,100064,100,99901,100,100074,100,99898,100,100080,100,99894,100
2019-06-28 09:32:10.000000000,100017,293,99981,293,100030,293,99980,293,100036,100,99951,100,100050,100,99948,100,100051,200,99940,100,100058,100,99925,100,100060,100,99924,100,100064,100,99901,100,100074,100,99898,100,100080,100,99894,100
2019-06-28 09:32:20.000000000,100017,231,99981,231,100030,227,99980,227,100036,227,99951,227,100050,100,99948,100,100051,200,99940,100,100058,100,99925,100,100060,100,99924,100,100064,100,99901,100,100074,100,99898,100,100080,100,99894,100
2019-06-28 09:32:23.362068527,100017,231,99981,231,100030,227,99980,227,100036,227,99970,100,100050,100,99951,227,100051,200,99948,100,100058,100,99940,100,100060,100,99925,100,100064,100,99924,100,100074,100,99901,100,100080,100,99898,100
2019-06-28 09:32:30.000000000,100017,293,99981,293,100030,293,99980,293,100036,100,99970,100,100050,100,99951,100,100051,200,99948,100,100058,100,99940,100,100060,100,99925,100,100064,100,99924,100,100074,100,99901,100,100080,100,99898,100
2019-06-28 09:32:40.000000000,100017,177,99981,177,100030,177,99980,177,100036,177,99970,177,100050,177,99951,177,100051,277,99948,177,100058,100,99940,100,100060,100,99925,100,100064,100,99924,100,100074,100,99901,100,100080,100,99898,100
2019-06-28 09:32:48.532190846,100017,277,99981,177,100030,177,99980,177,100036,177,99970,177,100050,177,99951,177,100051,277,99948,177,100058,100,99940,100,100064,100,99925,100,100074,100,99924,100,100080,100,99901,100,100087,100,99898,100
2019-06-28 09:32:50.000000000,100017,586,99981,486,100030,100,99980,100,100036,100,99970,100,100050,100,99951,100,100051,200,99948,100,100058,100,99940,100,100064,100,99925,100,100074,100,99924,100,100080,100,99901,100,100087,100,99898,100
2019-06-28 09:33:00.000000000,100017,586,99981,486,100030,100,99980,100,100036,100,99970,100,100050,100,99951,100,100051,200,99948,100,100058,100,99940,100,100064,100,99925,100,100074,100,99924,100,100080,100,99901,100,100087,100,99898,100
2019-06-28 09:33:10.000000000,100017,586,99981,486,100030,100,99980,100,100036,100,99970,100,100050,100,99951,100,100051,200,99948,100,100058,100,99940,100,100064,100,99925,100,100074,100,99924,100,100080,100,99901,100,100087,100,99898,100
2019-06-28 09:33:20.000000000,100017,277,99981,177,100030,177,99980,177,100036,177,99970,177,100050,177,99951,177,100051,277,99948,177,100058,100,99940,100,100064,100,99925,100,100074,100,99924,100,100080,100,99901,100,100087,100,99898,100
2019-06-28 09:33:22.420582978,100017,177,99981,177,100030,177,99980,177,100036,177,99970,177,100050,177,99951,177,100051,277,99948,177,100058,100,99940,100,100064,100,99925,100,100074,100,99924,100,100080,100,99901,100,100087,100,99898,100
2019-06-28 09:33:25.980782813,100017,177,99981,177,100030,177,99980,177,100036,177,99970,177,100050,177,99951,177,100051,277,99948,177,100058,100,99940,100,100064,100,99925,100,100074,100,99924,100,100080,100,99901,100,100087,100,99898,100
2019-06-28 09:33:30.000000000,100017,486,99981,486,100030,100,99980,100,100036,100,99970,100,100050,100,99951,100,100051,200,99948,100,100058,100,99940,100,100064,100,99925,100,100074,100,99924,100,100080,100,99901,100,100087,100,99898,100
2019-06-28 09:33:30.108654679,100017,386,99981,486,100030,100,99980,100,100036,100,99970,100,100050,100,99951,100,100051,200,99948,100,100058,100,99940,100,100064,100,99925,100,100074,100,99924,100,100080,100,99901,100,100087,100,99898,100
2019-06-28 09:33:34.563507749,100017,386,99981,486,100030,100,99980,100,100036,100,99970,100,100050,100,99948,100,100051,200,99940,100,100058,100,99925,100,100064,100,99924,100,100074,100,99901,100,100080,100,99898,100,100087,100,99894,100
2019-06-28 09:33:40.000000000,100030,293,99981,293,100036,293,99980,293,100050,100,99970,100,100051,200,99948,100,100058,100,99940,100,100064,100,99925,100,100074,100,99924,100,100080,100,99901,100,100087,100,99898,100,100101,200,99894,100
2019-06-28 09:33:50.000000000,100030,177,99981,177,100036,177,99980,177,100050,177,99970,177,100051,277,99948,177,100058,177,99940,177,100064,100,99925,100,100074,100,99924,100,100080,100,99901,100,100087,100,99898,100,100101,200,99894,100
2019-06-28 09:34:00.000000000,100030,486,99981,486,100036,100,99980,100,100050,100,99970,100,100051,200,99948,100,100058,100,99940,100,100064,100,99925,100,100074,100,99924,100,100080,100,99901,100,100087,100,99898,100,100101,200,99894,100
2019-06-28 09:34:01.109664040,100030,386,99981,486,100036,100,99980,100,100050,100,99970,100,100051,200,99948,100,100058,100,99940,100,100064,100,99925,100,100074,100,99924,100,100080,100,99898,100,100087,100,99894,100,100101,200,99890,100
2019-06-28 09:34:10.000000000,100036,231,99981,231,100050,227,99980,227,100051,327,99970,227,100058,100,99948,100,100064,100,99940,100,100074,100,99925,100,100080,100,99924,100,100087,100,99898,100,100101,200,99894,100,100102,100,99890,100
2019-06-28 09:34:20.000000000,100036,231,99981,231,100050,227,99980,227,100051,327,99970,227,100058,100,99948,100,100064,100,99940,100,100074,100,99925,100,100080,100,99924,100,100087,100,99898,100,100101,200,99894,100,100102,100,99890,100
2019-06-28 09:34:30.000000000,100036,177,99981,177,100050,177,99980,177,100051,277,99970,177,100058,177,99948,177,100064,177,99940,177,100074,100,99925,100,100080,100,99924,100,100087,100,99898,100,100101,200,99894,100,100102,100,99890,100
2019-06-28 09:34:30.709088323,100050,177,100036,23,100051,277,99981,177,100058,177,99980,177,100064,177,99970,177,100074,100,99948,177,100080,100,99940,177,100087,100,99925,100,100101,200,99924,100,100102,100,99898,100,100108,100,99894,100
2019-06-28 09:34:40.000000000,100050,177,100036,100,100051,277,99981,177,100058,177,99980,177,100064,177,99970,177,100074,177,99948,177,100080,100,99940,100,100087,100,99925,100,100101,200,99924,100,100102,100,99898,100,100108,100,99894,100
2019-06-28 09:34:50.000000000,100050,177,100036,100,100051,277,99981,177,100058,177,99980,177,100064,177,99970,177,100074,177,99948,177,100080,100,99940,100,100087,100,99925,100,100101,200,99924,100,100102,100,99898,100,100108,100,99894,100
2019-06-28 09:34:52.440656921,100050,177,100036,77,100051,277,99981,177,100058,177,99980,177,100064,177,99970,177,100074,177,99948,177,100080,100,99940,100,100087,100,99925,100,100101,200,99924,100,100102,100,99898,100,100108,100,99894,100
2019-06-28 09:34:57.394066779,100050,77,100036,77,100051,277,99981,177,100058,177,99980,177,100064,177,99970,177,100074,177,99948,177,100080,100,99940,100,100087,100,99925,100,100101,200,99924,100,100102,100,99898,100,100108,100,99894,100
2019-06-28 09:34:58.141617242,100051,277,100050,23,100058,177,100036,77,100064,177,99981,177,100074,177,99980,177,100087,100,99970,177,100101,200,99948,177,100102,100,99940,100,100108,100,99925,100,100115,100,99924,100,100122,100,99898,100
2019-06-28 09:35:00.000000000,100051,393,100050,216,100058,293,99981,293,100064,100,99980,100,100074,100,99970,100,100087,100,99948,100,100101,200,99940,100,100102,100,99925,100,100108,100,99924,100,100115,100,99898,100,100122,100,99894,100
2019-06-28 09:35:03.759541329,100051,393,100050,216,100058,293,99981,293,100064,100,99980,100,100074,100,99970,100,100087,100,99948,100,100101,200,99940,100,100102,100,99925,100,100108,100,99924,100,100115,100,99898,100,100146,100,99894,100
2019-06-28 09:35:03.931319718,100051,393,100050,216,100058,293,99981,293,100064,100,99980,100,100074,100,99970,100,100087,100,99948,100,100101,200,99940,100,100102,100,99925,100,100108,100,99924,100,100115,100,99898,100,100146,100,99894,100
2019-06-28 09:35:10.000000000,100051,586,100050,409,100058,100,99981,100,100064,100,99980,100,100074,100,99970,100,100087,100,99948,100,100101,200,99940,100,100102,100,99925,100,100108,100,99924,100,100115,100,99898,100,100146,100,99894,100
2019-06-28 09:35:20.000000000,100051,393,100050,216,100058,293,99981,293,100064,100,99980,100,100074,100,99970,100,100087,100,99948,100,100101,200,99940,100,100102,100,99925,100,100108,100,99924,100,100115,100,99898,100,100146,100,99894,100
2019-06-28 09:35:30.000000000,100051,277,100050,100,100058,177,99981,177,100064,177,99980,177,100074,177,99970,177,100087,177,99948,177,100101,200,99940,100,100102,100,99925,100,100108,100,99924,100,100115,100,99898,100,100146,100,99894,100
2019-06-28 09:35:40.000000000,100051,277,100050,100,100058,177,99981,177,100064,177,99980,177,100074,177,99970,177,100087,177,99948,177,100101,200,99940,100,100102,100,99925,100,100108,100,99924,100,100115,100,99898,100,100146,100,99894,100
2019-06-28 09:35:41.099669707,100051,277,100050,100,100058,177,99981,177,100064,177,99980,177,100074,177,99970,177,100087,177,99948,177,100101,200,99940,100,100102,100,99925,100,100108,100,99924,100,100115,100,99898,100,100146,100,99894,100
2019-06-28 09:35:50.000000000,100051,331,100050,154,100058,227,99981,227,100064,227,99980,227,100074,100,99970,100,100087,100,99948,100,100101,200,99940,100,100102,100,99925,100,100108,100,99924,100,100115,100,99898,100,100146,100,99894,100
2019-06-28 09:35:51.093892480,100051,231,100050,154,100058,227,99981,227,100064,227,99980,227,100074,100,99970,100,100087,100,99948,100,100101,200,99940,100,100102,100,99925,100,100108,100,99924,100,100115,100,99898,100,100146,100,99894,100
2019-06-28 09:36:00.000000000,100051,293,100050,216,100058,293,99981,293,100064,100,99980,100,100074,100,99970,100,100087,100,99948,100,100101,200,99940,100,100102,100,99925,100,100108,100,99924,100,100115,100,99898,100,100146,100,99894,100
2019-06-28 09:36:10.000000000,100051,293,100050,216,100058,293,99981,293,100064,100,99980,100,100074,100,99970,100,100087,100,99948,100,100101,200,99940,100,100102,100,99925,100,100108,100,99924,100,100115,100,99898,100,100146,100,99894,100
2019-06-28 09:36:20.000000000,100051,177,100050,100,100058,177,99981,177,100064,177,99980,177,100074,177,99970,177,100087,177,99948,177,100101,200,99940,100,100102,100,99925,100,100108,100,99924,100,100115,100,99898,100,100146,100,99894,100
2019-06-28 09:36:30.000000000,100051,231,100050,154,100058,227,99981,227,100064,227,99980,227,100074,100,99970,100,100087,100,99948,100,100101,200,99940,100,100102,100,99925,100,100108,100,99924,100,100115,100,99898,100,100146,100,99894,100
2019-06-28 09:36:32.172849427,100051,231,100050,54,100058,227,99981,227,100064,227,99980,227,100074,100,99970,100,100087,100,99948,100,100101,200,99940,100,100102,100,99925,100,100108,100,99924,100,100115,100,99898,100,100146,100,99894,100
2019-06-28 09:36:40.000000000,100051,177,99981,177,100058,177,99980,177,100064,177,99970,177,100074,177,99948,177,100087,177,99940,177,100101,200,99925,100,100102,100,99924,100,100108,100,99898,100,100115,100,99894,100,100146,100,99890,100
2019-06-28 09:36:50.000000000,100051,196,99981,196,100058,196,99980,196,100064,196,99970,196,100074,196,99948,196,100087,100,99940,100,100101,200,99925,100,100102,100,99924,100,100108,100,99898,100,100115,100,99894,100,100146,100,99890,100
2019-06-28 09:37:00.000000000,100051,486,99981,486,100058,100,99980,100,100064,100,99970,100,100074,100,99948,100,100087,100,99940,100,100101,200,99925,100,100102,100,99924,100,100108,100,99898,100,100115,100,99894,100,100146,100,99890,100
2019-06-28 09:37:06.434749014,100051,486,99981,386,100058,100,99980,100,100064,100,99970,100,100074,100,99948,100,100087,100,99940,100,100101,200,99925,100,100102,100,99924,100,100108,100,99898,100,100115,100,99890,100,100146,100,99880,100
2019-06-28 09:37:10.000000000,100051,231,99980,231,100058,227,99970,227,100064,227,99948,227,100074,100,99940,100,100087,100,99925,100,100101,200,99924,100,100102,100,99898,100,100108,100,99890,100,100115,100,99880,100,100146,100,99861,100
2019-06-28 09:37:20.000000000,100051,486,99980,486,100058,100,99970,100,100064,100,99948,100,100074,100,99940,100,100087,100,99925,100,100101,200,99924,100,100102,100,99898,100,100108,100,99890,100,100115,100,99880,100,100146,100,99861,100
2019-06-28 09:37:21.718075071,100051,486,99980,486,100058,100,99970,100,100064,100,99948,100,100074,100,99940,100,100087,100,99924,100,100101,200,99898,100,100102,100,99890,100,100108,100,99880,100,100115,100,99861,100,100146,100,99829,100
2019-06-28 09:37:29.507112162,100051,486,99980,486,100058,100,99970,100,100064,100,99948,100,100074,100,99940,100,100087,100,99924,100,100101,200,99898,100,100102,100,99890,100,100108,100,99880,100,100115,100,99861,100,100146,100,99829,100
2019-06-28 09:37:30.000000000,100051,196,99980,196,100058,196,99970,196,100064,196,99948,196,100074,196,99940,196,100087,100,99924,100,100101,200,99898,100,100102,100,99890,100,100108,100,99880,100,100115,100,99861,100,100146,100,99829,100
2019-06-28 09:37:40.000000000,100051,293,99980,293,100058,293,99970,293,100064,100,99948,100,100074,100,99940,100,100087,100,99924,100,100101,200,99898,100,100102,100,99890,100,100108,100,99880,100,100115,100,99861,100,100146,100,99829,100
2019-06-28 09:37:46.333427210,100051,293,99980,293,100058,293,99970,293,100064,100,99948,100,100087,100,99940,100,100101,200,99924,100,100102,100,99898,100,100108,100,99890,100,100115,100,99880,100,100146,100,99861,100,100147,100,99829,100
2019-06-28 09:37:48.260585761,100051,293,99980,293,100058,293,99970,293,100087,100,99948,100,100101,200,99940,100,100102,100,99924,100,100108,100,99898,100,100115,100,99890,100,100146,100,99880,100,100147,100,99861,100,100180,100,99829,100
2019-06-28 09:37:50.000000000,100051,177,99980,177,100058,177,99970,177,100087,177,99948,177,100101,277,99940,177,100102,177,99924,177,100108,100,99898,100,100115,100,99890,100,100146,100,99880,100,100147,100,99861,100,100180,100,99829,100
2019-06-28 09:38:00.000000000,100051,196,99980,196,100058,196,99970,196,100087,196,99948,196,100101,296,99940,196,100102,100,99924,100,100108,100,99898,100,100115,100,99890,100,100146,100,99880,100,100147,100,99861,100,100180,100,99829,100
2019-06-28 09:38:10.000000000,100051,486,99980,486,100058,100,99970,100,100087,100,99948,100,100101,200,99940,100,100102,100,99924,100,100108,100,99898,100,100115,100,99890,100,100146,100,99880,100,100147,100,99861,100,100180,100,99829,100
2019-06-28 09:38:13.523773098,100050,100,99980,486,100051,486,99970,100,100058,100,99948,100,100087,100,99940,100,100101,200,99924,100,100102,100,99898,100,100108,100,99890,100,100115,100,99880,100,100146,100,99861,100,100147,100,99829,100
2019-06-28 09:38:20.000000000,100050,177,99980,177,100051,177,99970,177,100058,177,99948,177,100087,177,99940,177,100101,277,99924,177,100102,100,99898,100,100108,100,99890,100,100115,100,99880,100,100146,100,99861,100,100147,100,99829,100
2019-06-28 09:38:24.615739799,100050,177,99980,77,100051,177,99970,177,100058,177,99948,177,100087,177,99940,177,100101,277,99924,177,100102,100,99898,100,100108,100,99890,100,100115,100,99880,100,100146,100,99861,100,100147,100,99829,100
2019-06-28 09:38:30.000000000,100050,231,99970,231,100051,227,99948,227,100058,227,99940,227,100087,100,99924,100,100101,200,99898,100,100102,100,99890,100,100108,100,99880,100,100115,100,99861,100,100146,100,99829,100,100147,100,99768,100
2019-06-28 09:38:40.000000000,100050,177,99970,177,100051,177,99948,177,100058,177,99940,177,100087,177,99924,177,100101,277,99898,177,100102,100,99890,100,100108,100,99880,100,100115,100,99861,100,100146,100,99829,100,100147,100,99768,100
2019-06-28 09:38:44.692584861,100050,177,99970,177,100051,177,99948,177,100058,177,99940,177,100087,77,99924,177,100101,277,99918,100,100102,100,99898,177,100108,100,99890,100,100115,100,99880,100,100146,100,99861,100,100147,100,99829,100
2019-06-28 09:38:50.000000000,100050,231,99970,231,100051,227,99948,227,100058,227,99940,227,100101,200,99924,100,100102,100,99918,100,100108,100,99898,100,100115,100,99890,100,100146,100,99880,100,100147,100,99861,100,100180,100,99829,100
2019-06-28 09:38:53.651939495,100050,231,99970,231,100051,227,99948,227,100058,227,99940,227,100101,200,99924,100,100102,100,99918,100,100108,100,99898,100,100115,100,99890,100,100146,100,99880,100,100147,100,99829,100,100180,100,99768,100
2019-06-28 09:39:00.000000000,100050,196,99970,196,100051,196,99948,196,100058,196,99940,196,100101,296,99924,196,100102,100,99918,100,100108,100,99898,100,100115,100,99890,100,100146,100,99880,100,100147,100,99829,100,100180,100,99768,100
2019-06-28 09:39:10.000000000,100050,231,99970,231,100051,227,99948,227,100058,227,99940,227,100101,200,99924,100,100102,100,99918,100,100108,100,99898,100,100115,100,99890,100,100146,100,99880,100,100147,100,99829,100,100180,100,99768,100
2019-06-28 09:39:19.972091702,100050,231,99970,231,100051,227,99948,227,100058,227,99940,227,100081,100,99924,100,100101,200,99918,100,100102,100,99898,100,100108,100,99890,100,100115,100,99880,100,100146,100,99829,100,100147,100,99768,100
2019-06-28 09:39:20.000000000,100050,293,99970,293,100051,293,99948,293,100058,100,99940,100,100081,100,99924,100,100101,200,99918,100,100102,100,99898,100,100108,100,99890,100,100115,100,99880,100,100146,100,99829,100,100147,100,99768,100
2019-06-28 09:39:30.000000000,100050,486,99970,486,100051,100,99948,100,100058,100,99940,100,100081,100,99924,100,100101,200,99918,100,100102,100,99898,100,100108,100,99890,100,100115,100,99880,100,100146,100,99829,100,100147,100,99768,100
2019-06-28 09:39:40.000000000,100050,196,99970,196,100051,196,99948,196,100058,196,99940,196,100081,196,99924,196,100101,200,99918,100,100102,100,99898,100,100108,100,99890,100,100115,100,99880,100,100146,100,99829,100,100147,100,99768,100
2019-06-28 09:39:50.000000000,100050,231,99970,231,100051,227,99948,227,100058,227,99940,227,100081,100,99924,100,100101,200,99918,100,100102,100,99898,100,100108,100,99890,100,100115,100,99880,100,100146,100,99829,100,100147,100,99768,100
2019-06-28 09:39:51.887636357,100050,231,99982,100,100051,227,99970,231,100058,227,99948,227,100081,100,99940,227,100101,200,99924,100,100102,100,99918,100,100108,100,99898,100,100115,100,99890,100,100146,100,99880,100,100147,100,99829,100
2019-06-28 09:39:53.899084621,100050,231,99982,200,100051,227,99970,231,100058,227,99948,227,100081,100,99940,227,100101,200,99924,100,100102,100,99918,100,100108,100,99898,100,100115,100,99890,100,100146,100,99880,100,100147,100,99829,100
2019-06-28 09:40:00.000000000,100050,293,99982,393,100051,293,99970,293,100058,100,99948,100,100081,100,99940,100,100101,200,99924,100,100102,100,99918,100,100108,100,99898,100,100115,100,99890,100,100146,100,99880,100,100147,100,99829,100
2019-06-28 09:40:10.000000000,100050,486,99982,586,100051,100,99970,100,100058,100,99948,100,100081,100,99940,100,100101,200,99924,100,100102,100,99918,100,100108,100,99898,100,100115,100,99890,100,100146,100,99880,100,100147,100,99829,100
2019-06-28 09:40:20.000000000,100050,177,99982,277,100051,177,99970,177,100058,177,99948,177,100081,177,99940,177,100101,277,99924,177,100102,100,99918,100,100108,100,99898,100,100115,100,99890,100,100146,100,99880,100,100147,100,99829,100
2019-06-28 09:40:28.373032444,100050,77,99982,277,100051,177,99970,177,100058,77,99948,177,100081,177,99940,177,100101,277,99924,177,100102,100,99918,100,100108,100,99898,100,100115,100,99890,100,100146,100,99880,100,100147,100,99829,100
2019-06-28 09:40:30.000000000,100051,486,99982,586,100081,100,99970,100,100101,200,99948,100,100102,100,99940,100,100108,100,99924,100,100115,100,99918,100,100146,100,99898,100,100147,100,99890,100,100180,100,99880,100,100212,100,99829,100
2019-06-28 09:40:40.000000000,100051,177,99982,277,100081,177,99970,177,100101,277,99948,177,100102,177,99940,177,100108,177,99924,177,100115,100,99918,100,100146,100,99898,100,100147,100,99890,100,100180,100,99880,100,100212,100,99829,100
2019-06-28 09:40:50.000000000,100051,231,99982,331,100081,227,99970,227,100101,327,99948,227,100102,100,99940,100,100108,100,99924,100,100115,100,99918,100,100146,100,99898,100,100147,100,99890,100,100180,100,99880,100,100212,100,99829,100
2019-06-28 09:41:00.000000000,100051,177,99982,277,100081,177,99970,177,100101,277,99948,177,100102,177,99940,177,100108,177,99924,177,100115,100,99918,100,100146,100,99898,100,100147,100,99890,100,100180,100,99880,100,100212,100,99829,100
2019-06-28 09:41:07.642975962,100051,177,99983,100,100081,177,99982,277,100101,277,99970,177,100102,177,99948,177,100108,177,99940,177,100115,100,99924,177,100146,100,99918,100,100147,100,99898,100,100180,100,99890,100,100212,100,99880,100
2019-06-28 09:41:10.000000000,100051,231,99983,231,100081,227,99982,327,100101,327,99970,227,100102,100,99948,100,100108,100,99940,100,100115,100,99924,100,100146,100,99918,100,100147,100,99898,100,100180,100,99890,100,100212,100,99880,100
2019-06-28 09:41:20.000000000,100051,486,99983,486,100081,100,99982,200,100101,200,99970,100,100102,100,99948,100,100108,100,99940,100,100115,100,99924,100,100146,100,99918,100,100147,100,99898,100,100180,100,99890,100,100212,100,99880,100
2019-06-28 09:41:30.000000000,100051,177,99983,177,100081,177,99982,277,100101,277,99970,177,100102,177,99948,177,100108,177,99940,177,100115,100,99924,100,100146,100,99918,100,100147,100,99898,100,100180,100,99890,100,100212,100,99880,100
2019-06-28 09:41:38.488601546,100051,177,99983,177,100081,177,99982,277,100101,277,99970,177,100102,177,99956,100,100108,177,99948,177,100115,100,99940,177,100146,100,99924,100,100147,100,99918,100,100180,100,99898,100,100212,100,99890,100
2019-06-28 09:41:40.000000000,100051,196,99983,196,100081,196,99982,296,100101,296,99970,196,100102,196,99956,196,100108,100,99948,100,100115,100,99940,100,100146,100,99924,100,100147,100,99918,100,100180,100,99898,100,100212,100,99890,100
2019-06-28 09:41:43.149480601,100049,100,99983,196,100051,196,99982,296,100081,196,99970,196,100101,296,99956,196,100102,196,99948,100,100108,100,99940,100,100115,100,99924,100,100146,100,99918,100,100147,100,99898,100,100180,100,99890,100
2019-06-28 09:41:50.000000000,100049,196,99983,196,100051,196,99982,296,100081,196,99970,196,100101,296,99956,196,100102,100,99948,100,100108,100,99940,100,100115,100,99924,100,100146,100,99918,100,100147,100,99898,100,100180,100,99890,100
2019-06-28 09:41:52.982471520,100049,196,99983,96,100051,196,99982,296,100081,196,99970,96,100101,296,99956,196,100102,100,99948,100,100108,100,99940,100,100115,100,99924,100,100146,100,99918,100,100147,100,99898,100,100180,100,99890,100
2019-06-28 09:41:53.568650714,99983,4,99982,296,100049,196,99970,96,100051,196,99956,196,100081,196,99948,100,100101,296,99940,100,100102,100,99924,100,100108,100,99918,100,100115,100,99898,100,100146,100,99890,100,100147,100,99880,100
2019-06-28 09:42:00.000000000,99983,100,99982,296,100049,196,99956,196,100051,196,99948,196,100081,196,99940,196,100101,200,99924,100,100102,100,99918,100,100108,100,99898,100,100115,100,99890,100,100146,100,99880,100,100147,100,99829,100
2019-06-28 09:42:10.000000000,99983,135,99982,331,100049,227,99956,227,100051,227,99948,227,100081,100,99940,100,100101,200,99924,100,100102,100,99918,100,100108,100,99898,100,100115,100,99890,100,100146,100,99880,100,100147,100,99829,100
2019-06-28 09:42:11.393217829,99983,135,99982,331,100049,227,99956,227,100051,227,99948,227,100081,100,99940,100,100101,200,99918,100,100102,100,99898,100,100108,100,99890,100,100115,100,99880,100,100146,100,99829,100,100147,100,99816,100
2019-06-28 09:42:14.016834989,99983,135,99982,331,100049,227,99956,227,100051,227,99948,227,100081,100,99940,100,100101,200,99918,100,100102,100,99898,100,100108,100,99890,100,100115,100,99880,100,100146,100,99829,100,100147,100,99827,100
2019-06-28 09:42:20.000000000,99983,197,99982,393,100049,293,99956,293,100051,100,99948,100,100081,100,99940,100,100101,200,99918,100,100102,100,99898,100,100108,100,99890,100,100115,100,99880,100,100146,100,99829,100,100147,100,99827,100
2019-06-28 09:42:30.000000000,99983,100,99982,296,100049,196,99956,196,100051,196,99948,196,100081,196,99940,196,100101,200,99918,100,100102,100,99898,100,100108,100,99890,100,100115,100,99880,100,100146,100,99829,100,100147,100,99827,100
2019-06-28 09:42:40.000000000,99983,390,99982,586,100049,100,99956,100,100051,100,99948,100,100081,100,99940,100,100101,200,99918,100,100102,100,99898,100,100108,100,99890,100,100115,100,99880,100,100146,100,99829,100,100147,100,99827,100
2019-06-28 09:42:49.226448855,99983,390,99982,486,100049,100,99956,100,100051,100,99948,100,100081,100,99940,100,100101,200,99918,100,100102,100,99898,100,100108,100,99890,100,100115,100,99880,100,100146,100,99829,100,100147,100,99827,100
2019-06-28 09:42:50.000000000,99983,100,99982,196,100049,196,99956,196,100051,196,99948,196,100081,196,99940,196,100101,200,99918,100,100102,100,99898,100,100108,100,99890,100,100115,100,99880,100,100146,100,99829,100,100147,100,99827,100
2019-06-28 09:42:54.886084664,99983,100,99982,96,100049,196,99956,196,100051,196,99948,196,100081,196,99940,196,100101,200,99918,100,100102,100,99898,100,100108,100,99890,100,100115,100,99880,100,100146,100,99829,100,100147,100,99827,100
2019-06-28 09:42:58.831275665,99982,4,99956,196,99983,100,99948,196,100049,196,99940,196,100051,196,99918,100,100081,196,99898,100,100101,200,99890,100,100102,100,99880,100,100108,100,99829,100,100115,100,99827,100,100146,100,99816,100
2019-06-28 09:43:00.000000000,99982,81,99956,177,99983,81,99948,177,100049,177,99940,177,100051,177,99918,177,100081,177,99898,177,100101,200,99890,100,100102,100,99880,100,100108,100,99829,100,100115,100,99827,100,100146,100,99816,100
2019-06-28 09:43:10.000000000,99982,81,99956,177,99983,81,99948,177,100049,177,99940,177,100051,177,99918,177,100081,177,99898,177,100101,200,99890,100,100102,100,99880,100,100108,100,99829,100,100115,100,99827,100,100146,100,99816,100
2019-06-28 09:43:20.000000000,99982,390,99956,486,99983,4,99948,100,100049,100,99940,100,100051,100,99918,100,100081,100,99898,100,100101,200,99890,100,100102,100,99880,100,100108,100,99829,100,100115,100,99827,100,100146,100,99816,100
2019-06-28 09:43:30.000000000,99982,390,99956,486,99983,4,99948,100,100049,100,99940,100,100051,100,99918,100,100081,100,99898,100,100101,200,99890,100,100102,100,99880,100,100108,100,99829,100,100115,100,99827,100,100146,100,99816,100
2019-06-28 09:43:31.341214323,99982,390,99956,386,99983,4,99948,100,100049,100,99940,100,100051,100,99918,100,100081,100,99898,100,100101,200,99890,100,100108,100,99880,100,100115,100,99829,100,100146,100,99827,100,100147,100,99816,100
2019-06-28 09:43:37.923549672,99982,390,99956,286,99983,4,99948,100,100049,100,99940,100,100051,100,99918,100,100081,100,99898,100,100101,200,99890,100,100108,100,99880,100,100115,100,99829,100,100146,100,99827,100,100147,100,99816,100
2019-06-28 09:43:39.359481882,99982,390,99956,286,99983,4,99948,100,100049,100,99940,100,100051,100,99918,100,100081,100,99898,100,100101,200,99890,100,100108,100,99880,100,100115,100,99829,100,100146,100,99827,100,100147,100,99816,100
2019-06-28 09:43:39.644101117,99982,390,99956,186,99983,4,99948,100,100049,100,99940,100,100051,100,99918,100,100081,100,99898,100,100101,200,99890,100,100108,100,99880,100,100115,100,99829,100,100146,100,99827,100,100180,100,99816,100
2019-06-28 09:43:40.000000000,99982,135,99948,231,99983,131,99940,227,100049,227,99918,227,100051,100,99898,100,100081,100,99890,100,100101,200,99880,100,100108,100,99829,100,100115,100,99827,100,100146,100,99816,100,100180,100,99768,100
2019-06-28 09:43:50.000000000,99982,100,99948,196,99983,100,99940,196,100049,196,99918,196,100051,196,99898,196,100081,100,99890,100,100101,200,99880,100,100108,100,99829,100,100115,100,99827,100,100146,100,99816,100,100180,100,99768,100
2019-06-28 09:44:00.000000000,99982,390,99948,486,99983,4,99940,100,100049,100,99918,100,100051,100,99898,100,100081,100,99890,100,100101,200,99880,100,100108,100,99829,100,100115,100,99827,100,100146,100,99816,100,100180,100,99768,100
2019-06-28 09:44:10.000000000,99982,197,99948,293,99983,197,99940,293,100049,100,99918,100,100051,100,99898,100,100081,100,99890,100,100101,200,99880,100,100108,100,99829,100,100115,100,99827,100,100146,100,99816,100,100180,100,99768,100
2019-06-28 09:44:20.000000000,99982,135,99948,231,99983,131,99940,227,100049,227,99918,227,100051,100,99898,100,100081,100,99890,100,100101,200,99880,100,100108,100,99829,100,100115,100,99827,100,100146,100,99816,100,100180,100,99768,100
2019-06-28 09:44:30.000000000,99982,135,99948,231,99983,131,99940,227,100049,227,99918,227,100051,100,99898,100,100081,100,99890,100,100101,200,99880,100,100108,100,99829,100,100115,100,99827,100,100146,100,99816,100,100180,100,99768,100
2019-06-28 09:44:40.000000000,99982,390,99948,486,99983,4,99940,100,100049,100,99918,100,100051,100,99898,100,100081,100,99890,100,100101,200,99880,100,100108,100,99829,100,100115,100,99827,100,100146,100,99816,100,100180,100,99768,100
2019-06-28 09:44:50.000000000,99982,197,99948,293,99983,197,99940,293,100049,100,99918,100,100051,100,99898,100,100081,100,99890,100,100101,200,99880,100,100108,100,99829,100,100115,100,99827,100,100146,100,99816,100,100180,100,99768,100
2019-06-28 09:45:00.000000000,99982,100,99948,196,99983,100,99940,196,100049,196,99918,196,100051,196,99898,196,100081,100,99890,100,100101,200,99880,100,100108,100,99829,100,100115,100,99827,100,100146,100,99816,100,100180,100,99768,100
2019-06-28 09:45:05.531596759,99982,100,99948,96,99983,100,99940,196,100049,196,99918,196,100051,196,99898,196,100081,100,99890,100,100101,200,99880,100,100108,100,99829,100,100115,100,99827,100,100146,100,99816,100,100212,100,99768,100
2019-06-28 09:45:10.000000000,99982,100,99940,196,99983,100,99918,196,100049,196,99898,196,100051,196,99890,196,100081,100,99880,100,100101,200,99829,100,100108,100,99827,100,100115,100,99816,100,100146,100,99768,100,100212,100,99700,100
2019-06-28 09:45:10.911212871,99982,100,99940,196,99983,100,99918,196,100049,196,99898,196,100051,196,99890,196,100081,100,99880,100,100101,200,99853,100,100108,100,99829,100,100115,100,99827,100,100146,100,99816,100,100212,100,99768,100
2019-06-28 09:45:13.695027513,99982,100,99940,196,99983,100,99918,96,100049,196,99898,196,100051,196,99890,196,100081,100,99880,100,100101,200,99853,100,100108,100,99829,100,100115,100,99827,100,100146,100,99816,100,100169,100,99768,100
2019-06-28 09:45:19.182700494,99982,100,99940,196,99983,100,99918,96,100049,196,99905,100,100051,196,99898,196,100081,100,99890,196,100101,200,99880,100,100108,100,99853,100,100115,100,99829,100,100146,100,99827,100,100169,100,99816,100
2019-06-28 09:45:19.543853098,99958,100,99940,196,99982,100,99918,96,99983,100,99905,100,100049,196,99898,196,100051,196,99890,196,100081,100,99880,100,100101,200,99853,100,100108,100,99829,100,100115,100,99827,100,100146,100,99816,100
2019-06-28 09:45:20.000000000,99958,293,99940,293,99982,197,99905,293,99983,4,99898,100,100049,100,99890,100,100051,100,99880,100,100081,100,99853,100,100101,200,99829,100,100108,100,99827,100,100115,100,99816,100,100146,100,99768,100
2019-06-28 09:45:24.927322681,99958,293,99940,293,99982,197,99905,293,99983,4,99898,100,100049,100,99880,100,100051,100,99853,100,100081,100,99829,100,100101,200,99827,100,100108,100,99816,100,100115,100,99768,100,100146,100,99700,100
2019-06-28 09:45:27.376996165,99958,293,99940,293,99982,197,99905,293,99983,4,99898,100,100049,100,99880,100,100051,100,99853,100,100081,100,99829,100,100101,200,99827,100,100108,100,99816,100,100115,100,99768,100,100146,100,99700,100
2019-06-28 09:45:30.000000000,99958,486,99940,486,99982,4,99905,100,99983,4,99898,100,100049,100,99880,100,100051,100,99853,100,100081,100,99829,100,100101,200,99827,100,100108,100,99816,100,100115,100,99768,100,100146,100,99700,100
2019-06-28 09:45:32.966010407,99958,486,99940,486,99982,4,99905,100,99983,4,99898,100,100049,100,99880,100,100051,100,99853,100,100081,100,99829,100,100101,200,99827,100,100108,200,99816,100,100115,100,99768,100,100146,100,99700,100
2019-06-28 09:45:40.000000000,99958,231,99940,231,99982,131,99905,227,99983,131,99898,227,100049,100,99880,100,100051,100,99853,100,100081,100,99829,100,100101,200,99827,100,100108,200,99816,100,100115,100,99768,100,100146,100,99700,100
2019-06-28 09:45:50.000000000,99958,177,99940,177,99982,81,99905,177,99983,81,99898,177,100049,177,99880,177,100051,177,99853,177,100081,100,99829,100,100101,200,99827,100,100108,200,99816,100,100115,100,99768,100,100146,100,99700,100
2019-06-28 09:45:59.945844734,99958,177,99949,100,99982,81,99940,177,99983,81,99905,177,100049,177,99898,177,100051,177,99880,177,100081,100,99853,177,100101,200,99829,100,100108,200,99827,100,100115,100,99816,100,100146,100,99768,100
2019-06-28 09:46:00.000000000,99958,196,99949,196,99982,100,99940,196,99983,100,99905,196,100049,196,99898,196,100051,100,99880,100,100081,100,99853,100,100101,200,99829,100,100108,200,99827,100,100115,100,99816,100,100146,100,99768,100
2019-06-28 09:46:02.564099416,99958,96,99949,196,99982,100,99940,196,99983,100,99905,196,100049,196,99898,196,100051,100,99880,100,100081,100,99853,100,100101,100,99829,100,100108,200,99827,100,100115,100,99816,100,100146,100,99768,100
2019-06-28 09:46:06.001166211,99958,96,99949,196,99982,100,99940,196,99983,100,99905,196,100049,196,99898,196,100051,100,99880,100,100081,100,99853,100,100101,100,99829,100,100106,100,99827,100,100108,200,99768,100,100115,100,99700,100
2019-06-28 09:46:10.000000000,99982,390,99949,486,99983,4,99940,100,100049,100,99905,100,100051,100,99898,100,100081,100,99880,100,100101,100,99853,100,100106,100,99829,100,100108,200,99827,100,100115,100,99768,100,100146,100,99700,100
2019-06-28 09:46:20.000000000,99982,135,99949,231,99983,131,99940,227,100049,227,99905,227,100051,100,99898,100,100081,100,99880,100,100101,100,99853,100,100106,100,99829,100,100108,200,99827,100,100115,100,99768,100,100146,100,99700,100
2019-06-28 09:46:30.000000000,99982,390,99949,486,99983,4,99940,100,100049,100,99905,100,100051,100,99898,100,100081,100,99880,100,100101,100,99853,100,100106,100,99829,100,100108,200,99827,100,100115,100,99768,100,100146,100,99700,100
2019-06-28 09:46:34.670197896,99982,390,99949,486,99983,4,99940,100,100049,100,99905,100,100081,100,99898,100,100101,100,99880,100,100106,100,99853,100,100108,200,99829,100,100115,100,99827,100,100146,100,99768,100,100162,100,99700,100
2019-06-28 09:46:38.994433947,99982,390,99949,486,99983,4,99940,100,100049,100,99905,100,100081,100,99898,100,100101,100,99880,100,100106,100,99853,100,100108,200,99829,100,100115,100,99827,100,100146,100,99768,100,100169,200,99700,100
2019-06-28 09:46:40.000000000,99982,197,99949,293,99983,197,99940,293,100049,100,99905,100,100081,100,99898,100,100101,100,99880,100,100106,100,99853,100,100108,200,99829,100,100115,100,99827,100,100146,100,99768,100,100169,200,99700,100
2019-06-28 09:46:43.878964883,99982,97,99949,293,99983,197,99940,293,100049,100,99905,100,100081,100,99898,100,100101,100,99880,100,100106,100,99853,100,100108,200,99829,100,100115,100,99827,100,100146,100,99768,100,100169,200,99700,100
2019-06-28 09:46:50.000000000,99983,135,99949,231,100049,227,99940,227,100081,227,99905,227,100101,100,99898,100,100106,100,99880,100,100108,200,99853,100,100115,100,99829,100,100146,100,99827,100,100169,200,99768,100,100212,100,99700,100
2019-06-28 09:46:56.680533439,99983,135,99949,231,100049,227,99940,227,100081,227,99905,227,100106,100,99898,100,100108,200,99880,100,100115,100,99853,100,100146,100,99829,100,100169,200,99827,100,100212,100,99768,100,100250,100,99700,100
2019-06-28 09:47:00.000000000,99983,81,99949,177,100049,177,99940,177,100081,177,99905,177,100106,177,99898,177,100108,277,99880,177,100115,100,99853,100,100146,100,99829,100,100169,200,99827,100,100212,100,99768,100,100250,100,99700,100
2019-06-28 09:47:05.080961416,99983,81,99958,100,100049,177,99949,177,100081,177,99940,177,100106,177,99905,177,100108,277,99898,177,100115,100,99880,177,100146,100,99853,100,100169,200,99829,100,100212,100,99827,100,100250,100,99768,100
2019-06-28 09:47:08.167254876,99983,81,99958,100,100049,177,99949,177,100081,177,99940,177,100106,177,99905,177,100108,277,99898,177,100115,100,99880,177,100146,100,99853,100,100169,200,99829,100,100212,100,99827,100,100250,100,99768,100
2019-06-28 09:47:10.000000000,99983,197,99958,293,100049,293,99949,293,100081,100,99940,100,100106,100,99905,100,100108,200,99898,100,100115,100,99880,100,100146,100,99853,100,100169,200,99829,100,100212,100,99827,100,100250,100,99768,100
2019-06-28 09:47:20.000000000,99983,197,99958,293,100049,293,99949,293,100081,100,99940,100,100106,100,99905,100,100108,200,99898,100,100115,100,99880,100,100146,100,99853,100,100169,200,99829,100,100212,100,99827,100,100250,100,99768,100
2019-06-28 09:47:30.000000000,99983,197,99958,293,100049,293,99949,293,100081,100,99940,100,100106,100,99905,100,100108,200,99898,100,100115,100,99880,100,100146,100,99853,100,100169,200,99829,100,100212,100,99827,100,100250,100,99768,100
2019-06-28 09:47:40.000000000,99983,100,99958,196,100049,196,99949,196,100081,196,99940,196,100106,196,99905,196,100108,200,99898,100,100115,100,99880,100,100146,100,99853,100,100169,200,99829,100,100212,100,99827,100,100250,100,99768,100
2019-06-28 09:47:48.179678891,99983,100,99958,196,100049,196,99949,196,100081,196,99940,196,100106,196,99905,196,100108,200,99898,100,100115,100,99880,100,100146,100,99853,100,100169,200,99829,100,100212,100,99827,100,100250,100,99768,100
2019-06-28 09:47:50.000000000,99983,135,99958,231,100049,227,99949,227,100081,227,99940,227,100106,100,99905,100,100108,200,99898,100,100115,100,99880,100,100146,100,99853,100,100169,200,99829,100,100212,100,99827,100,100250,100,99768,100
2019-06-28 09:47:57.117760210,99983,35,99958,231,100049,227,99949,227,100081,227,99940,227,100106,100,99905,100,100108,200,99898,100,100115,100,99880,100,100146,100,99853,100,100169,100,99829,100,100212,100,99827,100,100250,100,99768,100
2019-06-28 09:48:00.000000000,100049,231,99958,231,100081,227,99949,227,100106,227,99940,227,100108,200,99905,100,100115,100,99898,100,100146,100,99880,100,100169,100,99853,100,100212,100,99829,100,100250,100,99827,100,100379,100,99768,100
2019-06-28 09:48:10.000000000,100049,196,99958,196,100081,196,99949,196,100106,196,99940,196,100108,296,99905,196,100115,100,99898,100,100146,100,99880,100,100169,100,99853,100,100212,100,99829,100,100250,100,99827,100,100379,100,99768,100
2019-06-28 09:48:20.000000000,100049,231,99958,231,100081,227,99949,227,100106,227,99940,227,100108,200,99905,100,100115,100,99898,100,100146,100,99880,100,100169,100,99853,100,100212,100,99829,100,100250,100,99827,100,100379,100,99768,100
2019-06-28 09:48:30.000000000,100049,293,99958,293,100081,293,99949,293,100106,100,99940,100,100108,200,99905,100,100115,100,99898,100,100146,100,99880,100,100169,100,99853,100,100212,100,99829,100,100250,100,99827,100,100379,100,99768,100
2019-06-28 09:48:32.875333023,100049,193,99958,293,100081,293,99949,293,100106,100,99940,100,100108,200,99905,100,100115,100,99898,100,100146,100,99880,100,100169,100,99853,100,100212,100,99829,100,100250,100,99827,100,100379,100,99768,100
2019-06-28 09:48:40.000000000,100081,486,99958,486,100106,100,99949,100,100108,200,99940,100,100115,100,99905,100,100146,100,99898,100,100169,100,99880,100,100212,100,99853,100,100250,100,99829,100,100379,100,99827,100,100386,100,99768,100
2019-06-28 09:48:50.000000000,100081,196,99958,196,100106,196,99949,196,100108,296,99940,196,100115,196,99905,196,100146,100,99898,100,100169,100,99880,100,100212,100,99853,100,100250,100,99829,100,100379,100,99827,100,100386,100,99768,100
2019-06-28 09:48:54.547609934,100081,196,99983,100,100106,196,99958,196,100108,296,99949,196,100115,196,99940,196,100146,100,99905,196,100169,100,99898,100,100212,100,99880,100,100250,100,99853,100,100379,100,99829,100,100386,100,99827,100
2019-06-28 09:48:55.150654331,100081,196,99983,100,100106,196,99958,196,100108,296,99949,196,100115,196,99940,196,100146,100,99905,196,100169,100,99898,100,100212,100,99880,100,100250,100,99853,100,100379,100,99829,100,100386,100,99827,100
2019-06-28 09:48:56.629445271,100081,196,99983,200,100106,196,99958,196,100108,296,99949,196,100115,196,99940,196,100146,100,99905,196,100169,100,99898,100,100212,100,99880,100,100250,100,99853,100,100379,100,99829,100,100386,100,99827,100
2019-06-28 09:49:00.000000000,100081,196,99983,296,100106,196,99958,196,100108,296,99949,196,100115,196,99940,196,100146,100,99905,100,100169,100,99898,100,100212,100,99880,100,100250,100,99853,100,100379,100,99829,100,100386,100,99827,100
2019-06-28 09:49:10.000000000,100081,231,99983,331,100106,227,99958,227,100108,327,99949,227,100115,100,99940,100,100146,100,99905,100,100169,100,99898,100,100212,100,99880,100,100250,100,99853,100,100379,100,99829,100,100386,100,99827,100
2019-06-28 09:49:10.063255919,100081,131,99983,331,100106,227,99958,227,100108,327,99949,227,100115,100,99940,100,100146,100,99905,100,100169,100,99898,100,100212,100,99880,100,100250,100,99853,100,100379,100,99829,100,100386,100,99827,100
2019-06-28 09:49:12.854553917,100081,31,99983,331,100106,227,99958,227,100108,327,99949,227,100115,100,99940,100,100146,100,99905,100,100169,100,99898,100,100212,100,99880,100,100250,100,99853,100,100379,100,99829,100,100386,100,99827,100
2019-06-28 09:49:20.000000000,100106,177,99983,277,100108,277,99958,177,100115,177,99949,177,100146,177,99940,177,100169,177,99905,177,100212,100,99898,100,100250,100,99880,100,100379,100,99853,100,100386,100,99829,100,100428,100,99827,100
2019-06-28 09:49:30.000000000,100106,231,99983,331,100108,327,99958,227,100115,227,99949,227,100146,100,99940,100,100169,100,99905,100,100212,100,99898,100,100250,100,99880,100,100379,100,99853,100,100386,100,99829,100,100428,100,99827,100
2019-06-28 09:49:32.203945237,100106,231,100081,100,100108,327,99983,231,100115,227,99958,227,100146,100,99949,227,100169,100,99940,100,100212,100,99905,100,100250,100,99898,100,100379,100,99880,100,100386,100,99853,100,100428,100,99829,100
2019-06-28 09:49:40.000000000,100106,231,100081,231,100108,327,99983,227,100115,227,99958,227,100146,100,99949,100,100169,100,99940,100,100212,100,99905,100,100250,100,99898,100,100379,100,99880,100,100386,100,99853,100,100428,100,99829,100
2019-06-28 09:49:44.786245941,100106,131,100081,231,100108,327,99983,227,100115,227,99958,227,100146,100,99949,100,100169,100,99940,100,100212,100,99905,100,100250,100,99898,100,100379,100,99880,100,100386,100,99853,100,100428,100,99829,100
2019-06-28 09:49:50.000000000,100108,277,100081,177,100115,177,99983,177,100146,177,99958,177,100169,177,99949,177,100212,177,99940,177,100250,100,99905,100,100379,100,99898,100,100386,100,99880,100,100428,100,99853,100,100457,100,99829,100
2019-06-28 09:50:00.000000000,100108,331,100081,231,100115,227,99983,227,100146,227,99958,227,100169,100,99949,100,100212,100,99940,100,100250,100,99905,100,100379,100,99898,100,100386,100,99880,100,100428,100,99853,100,100457,100,99829,100
2019-06-28 09:50:01.046457871,100108,231,100081,231,100115,227,99983,227,100146,227,99958,227,100169,100,99949,100,100212,100,99940,100,100250,100,99905,100,100379,100,99898,100,100386,100,99880,100,100428,100,99853,100,100457,100,99829,100
2019-06-28 09:50:10.000000000,100108,293,100081,293,100115,293,99983,293,100146,100,99958,100,100169,100,99949,100,100212,100,99940,100,100250,100,99905,100,100379,100,99898,100,100386,100,99880,100,100428,100,99853,100,100457,100,99829,100
2019-06-28 09:50:10.157164778,100108,293,100081,293,100115,293,99983,293,100146,100,99958,100,100169,100,99949,100,100212,100,99940,100,100250,100,99905,100,100379,100,99898,100,100386,100,99880,100,100428,100,99829,100,100457,100,99827,100
2019-06-28 09:50:20.000000000,100108,196,100081,196,100115,196,99983,196,100146,196,99958,196,100169,196,99949,196,100212,100,99940,100,100250,100,99905,100,100379,100,99898,100,100386,100,99880,100,100428,100,99829,100,100457,100,99827,100
2019-06-28 09:50:26.186300641,100108,96,100081,196,100115,196,99983,196,100146,196,99958,196,100169,196,99949,196,100212,100,99940,100,100250,100,99905,100,100379,100,99898,100,100386,100,99880,100,100428,100,99829,100,100457,100,99827,100
2019-06-28 09:50:30.000000000,100115,231,100081,231,100146,227,99983,227,100169,227,99958,227,100212,100,99949,100,100250,100,99940,100,100379,100,99905,100,100386,100,99898,100,100428,100,99880,100,100457,100,99829,100,100537,100,99827,100
2019-06-28 09:50:31.868900406,100115,131,100081,231,100146,227,99983,227,100169,127,99958,227,100212,100,99949,100,100250,100,99940,100,100379,100,99905,100,100386,100,99898,100,100428,100,99880,100,100457,100,99829,100,100537,100,99827,100
2019-06-28 09:50:40.000000000,100146,177,100081,177,100212,177,99983,177,100250,177,99958,177,100379,177,99949,177,100386,177,99940,177,100428,100,99905,100,100457,100,99898,100,100537,100,99880,100,100542,100,99829,100,100650,100,99827,100
2019-06-28 09:50:50.000000000,100146,231,100081,231,100212,227,99983,227,100250,227,99958,227,100379,100,99949,100,100386,100,99940,100,100428,100,99905,100,100457,100,99898,100,100537,100,99880,100,100542,100,99829,100,100650,100,99827,100
2019-06-28 09:51:00.000000000,100146,177,100081,177,100212,177,99983,177,100250,177,99958,177,100379,177,99949,177,100386,177,99940,177,100428,100,99905,100,100457,100,99898,100,100537,100,99880,100,100542,100,99829,100,100650,100,99827,100
2019-06-28 09:51:10.000000000,100146,486,100081,486,100212,100,99983,100,100250,100,99958,100,100379,100,99949,100,100386,100,99940,100,100428,100,99905,100,100457,100,99898,100,100537,100,99880,100,100542,100,99829,100,100650,100,99827,100
2019-06-28 09:51:20.000000000,100146,231,100081,231,100212,227,99983,227,100250,227,99958,227,100379,100,99949,100,100386,100,99940,100,100428,100,99905,100,100457,100,99898,100,100537,100,99880,100,100542,100,99829,100,100650,100,99827,100
2019-06-28 09:51:26.125373160,100114,100,100081,231,100146,231,99983,227,100212,227,99958,227,100250,227,99949,100,100379,100,99940,100,100386,100,99905,100,100428,100,99898,100,100457,100,99880,100,100537,100,99829,100,100542,100,99827,100
2019-06-28 09:51:30.000000000,100114,231,100081,231,100146,227,99983,227,100212,227,99958,227,100250,100,99949,100,100379,100,99940,100,100386,100,99905,100,100428,100,99898,100,100457,100,99880,100,100537,100,99829,100,100542,100,99827,100
2019-06-28 09:51:36.463788490,100114,231,100081,231,100146,227,99983,227,100180,100,99958,227,100212,227,99949,100,100250,100,99940,100,100379,100,99905,100,100386,100,99898,100,100428,100,99880,100,100457,100,99829,100,100537,100,99827,100
2019-06-28 09:51:38.104322828,100114,131,100081,231,100146,227,99983,227,100180,100,99958,227,100212,227,99949,100,100250,100,99940,100,100379,100,99905,100,100386,100,99898,100,100428,100,99880,100,100457,100,99829,100,100537,100,99827,100
2019-06-28 09:51:40.000000000,100146,196,100081,196,100180,196,99983,196,100212,196,99958,196,100250,196,99949,196,100379,100,99940,100,100386,100,99905,100,100428,100,99898,100,100457,100,99880,100,100537,100,99829,100,100542,100,99827,100
2019-06-28 09:51:44.029695106,100082,100,100081,196,100146,196,99983,196,100180,196,99958,196,100212,196,99949,196,100250,196,99940,100,100386,100,99905,100,100428,100,99898,100,100457,100,99880,100,100537,100,99829,100,100542,100,99827,100
2019-06-28 09:51:50.000000000,100082,177,100081,177,100146,177,99983,177,100180,177,99958,177,100212,177,99949,177,100250,177,99940,177,100386,100,99905,100,100428,100,99898,100,100457,100,99880,100,100537,100,99829,100,100542,100,99827,100
2019-06-28 09:52:00.000000000,100082,177,100081,177,100146,177,99983,177,100180,177,99958,177,100212,177,99949,177,100250,177,99940,177,100386,100,99905,100,100428,100,99898,100,100457,100,99880,100,100537,100,99829,100,100542,100,99827,100
2019-06-28 09:52:02.485481345,100082,177,100081,177,100146,177,99983,177,100180,177,99958,177,100212,177,99949,177,100250,177,99940,77,100386,100,99905,100,100428,100,99898,100,100457,100,99880,100,100537,100,99829,100,100542,100,99827,100
2019-06-28 09:52:04.331976501,100082,177,100081,177,100146,177,99983,177,100180,177,99958,77,100212,177,99949,177,100250,177,99940,77,100386,100,99905,100,100428,100,99898,100,100457,100,99880,100,100537,100,99829,100,100542,100,99827,100
2019-06-28 09:52:10.000000000,100082,196,100081,196,100146,196,99983,196,100180,196,99949,196,100212,196,99905,196,100250,100,99898,100,100386,100,99880,100,100428,100,99829,100,100457,100,99827,100,100537,100,99768,100,100542,100,99700,100
2019-06-28 09:52:15.870015720,100082,96,100081,196,100146,196,99983,196,100180,196,99949,196,100212,196,99905,196,100250,100,99898,100,100386,100,99829,100,100428,100,99827,100,100457,100,99768,100,100537,100,99700,100,100542,100,99605,100
2019-06-28 09:52:16.430393197,100146,196,100082,4,100180,196,100081,196,100212,196,99983,196,100250,100,99949,196,100386,100,99905,196,100428,100,99898,100,100457,100,99829,100,100537,100,99827,100,100542,100,99768,100,100650,100,99700,100
2019-06-28 09:52:20.000000000,100146,177,100082,81,100180,177,100081,177,100212,177,99983,177,100250,177,99949,177,100386,177,99905,177,100428,100,99898,100,100457,100,99829,100,100537,100,99827,100,100542,100,99768,100,100650,100,99700,100
2019-06-28 09:52:28.693769791,100146,77,100082,81,100180,177,100081,177,100212,177,99983,177,100250,177,99949,177,100386,177,99905,177,100428,100,99898,100,100457,100,99829,100,100537,100,99827,100,100542,100,99768,100,100650,100,99700,100
2019-06-28 09:52:30.000000000,100180,486,100082,390,100212,100,100081,100,100250,100,99983,100,100386,100,99949,100,100428,100,99905,100,100457,100,99898,100,100537,100,99829,100,100542,100,99827,100,100650,100,99768,100,101155,100,99700,100
2019-06-28 09:52:40.000000000,100180,231,100082,135,100212,227,100081,227,100250,227,99983,227,100386,100,99949,100,100428,100,99905,100,100457,100,99898,100,100537,100,99829,100,100542,100,99827,100,100650,100,99768,100,101155,100,99700,100
2019-06-28 09:52:43.800273821,100180,131,100082,135,100212,227,100081,227,100250,227,99983,227,100386,100,99949,100,100428,100,99905,100,100457,100,99898,100,100537,100,99829,100,100542,100,99827,100,101155,100,99768,100,101388,100,99700,100
2019-06-28 09:52:50.000000000,100212,293,100082,197,100250,293,100081,293,100386,100,99983,100,100428,100,99949,100,100457,100,99905,100,100537,100,99898,100,100542,100,99829,100,101155,100,99827,100,101388,100,99768,100,,,99700,100
2019-06-28 09:53:00.000000000,100212,177,100082,81,100250,177,100081,177,100386,177,99983,177,100428,177,99949,177,100457,177,99905,177,100537,100,99898,100,100542,100,99829,100,101155,100,99827,100,101388,100,99768,100,,,99700,100
2019-06-28 09:53:00.847709465,100212,77,100082,81,100250,177,100081,177,100386,177,99983,177,100428,177,99949,177,100457,177,99905,177,100537,100,99898,100,100542,100,99829,100,101155,100,99827,100,101388,100,99768,100,,,99700,100
2019-06-28 09:53:07.142533044,100212,77,100082,81,100250,177,100081,177,100386,177,99983,177,100428,177,99949,177,100457,177,99905,177,100537,100,99898,100,100542,100,99829,100,100909,100,99827,100,101155,100,99768,100,101388,100,99700,100
2019-06-28 09:53:10.000000000,100250,177,100082,81,100386,177,100081,177,100428,177,99983,177,100457,177,99949,177,100537,177,99905,177,100542,100,99898,100,100909,100,99829,100,101155,100,99827,100,101388,100,99768,100,,,99700,100
2019-06-28 09:53:20.000000000,100250,196,100082,100,100386,196,100081,196,100428,196,99983,196,100457,196,99949,196,100537,100,99905,100,100542,100,99898,100,100909,100,99829,100,101155,100,99827,100,101388,100,99768,100,,,99700,100
2019-06-28 09:53:30.000000000,100250,177,100082,81,100386,177,100081,177,100428,177,99983,177,100457,177,99949,177,100537,177,99905,177,100542,100,99898,100,100909,100,99829,100,101155,100,99827,100,101388,100,99768,100,,,99700,100
2019-06-28 09:53:40.000000000,100250,293,100082,197,100386,293,100081,293,100428,100,99983,100,100457,100,99949,100,100537,100,99905,100,100542,100,99898,100,100909,100,99829,100,101155,100,99827,100,101388,100,99768,100,,,99700,100
2019-06-28 09:53:41.701050161,100250,293,100082,197,100386,293,100081,293,100428,100,99983,100,100457,100,99949,100,100473,100,99905,100,100537,100,99898,100,100542,100,99829,100,100909,100,99827,100,101155,100,99768,100,101388,100,99700,100
2019-06-28 09:53:50.000000000,100250,293,100082,197,100386,293,100081,293,100428,100,99983,100,100457,100,99949,100,100473,100,99905,100,100537,100,99898,100,100542,100,99829,100,100909,100,99827,100,101155,100,99768,100,101388,100,99700,100
2019-06-28 09:53:58.004446340,100250,193,100082,197,100386,293,100081,293,100428,100,99983,100,100457,100,99949,100,100473,100,99905,100,100537,100,99898,100,100542,100,99829,100,100909,100,99827,100,101155,100,99768,100,101388,100,99700,100
2019-06-28 09:54:00.000000000,100386,293,100082,197,100428,293,100081,293,100457,100,99983,100,100473,100,99949,100,100537,100,99905,100,100542,100,99898,100,100909,100,99829,100,101155,100,99827,100,101388,100,99768,100,,,99700,100
2019-06-28 09:54:10.000000000,100386,177,100082,81,100428,177,100081,177,100457,177,99983,177,100473,177,99949,177,100537,177,99905,177,100542,100,99898,100,100909,100,99829,100,101155,100,99827,100,101388,100,99768,100,,,99700,100
2019-06-28 09:54:12.492964073,100386,177,100082,81,100428,177,100081,177,100457,177,99983,177,100473,177,99949,177,100537,177,99905,177,100542,100,99898,100,100628,100,99829,100,100909,100,99827,100,101155,100,99768,100,101388,100,99700,100
2019-06-28 09:54:20.000000000,100386,231,100082,135,100428,227,100081,227,100457,227,99983,227,100473,100,99949,100,100537,100,99905,100,100542,100,99898,100,100628,100,99829,100,100909,100,99827,100,101155,100,99768,100,101388,100,99700,100
2019-06-28 09:54:23.771110117,100386,231,100212,100,100428,227,100082,135,100457,227,100081,227,100473,100,99983,227,100537,100,99949,100,100542,100,99905,100,100628,100,99898,100,100909,100,99829,100,101155,100,99827,100,101388,100,99768,100
2019-06-28 09:54:23.972916002,100386,231,100212,100,100428,227,100082,135,100457,227,100081,227,100473,100,99983,227,100509,100,99949,100,100537,100,99905,100,100542,100,99898,100,100628,100,99829,100,100909,100,99827,100,101155,100,99768,100
2019-06-28 09:54:30.000000000,100386,196,100212,196,100428,196,100082,100,100457,196,100081,196,100473,196,99983,196,100509,100,99949,100,100537,100,99905,100,100542,100,99898,100,100628,100,99829,100,100909,100,99827,100,101155,100,99768,100
2019-06-28 09:54:40.000000000,100386,293,100212,293,100428,293,100082,197,100457,100,100081,100,100473,100,99983,100,100509,100,99949,100,100537,100,99905,100,100542,100,99898,100,100628,100,99829,100,100909,100,99827,100,101155,100,99768,100
2019-06-28 09:54:50.000000000,100386,231,100212,231,100428,227,100082,131,100457,227,100081,227,100473,100,99983,100,100509,100,99949,100,100537,100,99905,100,100542,100,99898,100,100628,100,99829,100,100909,100,99827,100,101155,100,99768,100
2019-06-28 09:54:51.364723148,100386,231,100212,231,100428,227,100082,131,100457,227,100081,227,100473,100,99983,100,100509,100,99949,100,100537,100,99905,100,100542,100,99898,100,100628,100,99829,100,100843,100,99827,100,100909,100,99768,100
2019-06-28 09:54:57.312276524,100386,131,100212,231,100428,227,100082,131,100457,227,100081,227,100473,100,99983,100,100509,100,99949,100,100537,100,99905,100,100542,100,99898,100,100628,100,99829,100,100843,100,99827,100,100909,100,99768,100
2019-06-28 09:55:00.000000000,100428,293,100212,293,100457,293,100082,197,100473,100,100081,100,100509,100,99983,100,100537,100,99949,100,100542,100,99905,100,100628,100,99898,100,100843,100,99829,100,100909,100,99827,100,101155,100,99768,100
2019-06-28 09:55:10.000000000,100428,177,100212,177,100457,177,100082,81,100473,177,100081,177,100509,177,99983,177,100537,177,99949,177,100542,100,99905,100,100628,100,99898,100,100843,100,99829,100,100909,100,99827,100,101155,100,99768,100
2019-06-28 09:55:14.374761916,100385,100,100212,177,100428,177,100082,81,100457,177,100081,177,100473,177,99983,177,100509,177,99949,177,100537,177,99905,100,100542,100,99898,100,100628,100,99829,100,100843,100,99827,100,100909,100,99768,100
2019-06-28 09:55:17.475538373,100385,100,100212,177,100428,177,100082,81,100457,177,100081,177,100473,177,99983,177,100509,177,99949,177,100537,177,99905,100,100542,100,99898,100,100610,100,99829,100,100628,100,99827,100,100843,100,99768,100
2019-06-28 09:55:20.000000000,100385,486,100212,486,100428,100,100082,4,100457,100,100081,100,100473,100,99983,100,100509,100,99949,100,100537,100,99905,100,100542,100,99898,100,100610,100,99829,100,100628,100,99827,100,100843,100,99768,100
2019-06-28 09:55:28.616850057,100385,486,100212,486,100428,100,100082,4,100457,100,100081,100,100473,100,99983,100,100509,100,99949,100,100537,100,99905,100,100542,100,99898,100,100585,100,99829,100,100610,100,99827,100,100628,100,99768,100
2019-06-28 09:55:30.000000000,100385,196,100212,196,100428,196,100082,100,100457,196,100081,196,100473,196,99983,196,100509,100,99949,100,100537,100,99905,100,100542,100,99898,100,100585,100,99829,100,100610,100,99827,100,100628,100,99768,100
2019-06-28 09:55:40.000000000,100385,486,100212,486,100428,100,100082,4,100457,100,100081,100,100473,100,99983,100,100509,100,99949,100,100537,100,99905,100,100542,100,99898,100,100585,100,99829,100,100610,100,99827,100,100628,100,99768,100
2019-06-28 09:55:42.498946588,100385,486,100212,486,100428,100,100082,4,100457,100,100081,100,100473,100,99983,100,100509,100,99949,100,100537,100,99905,100,100542,100,99898,100,100585,100,99829,100,100610,100,99827,100,100628,100,99768,100
2019-06-28 09:55:50.000000000,100385,177,100212,177,100428,177,100082,81,100457,177,100081,177,100473,177,99983,177,100509,177,99949,177,100537,100,99905,100,100542,100,99898,100,100585,100,99829,100,100610,100,99827,100,100628,100,99768,100
2019-06-28 09:56:00.000000000,100385,486,100212,486,100428,100,100082,4,100457,100,100081,100,100473,100,99983,100,100509,100,99949,100,100537,100,99905,100,100542,100,99898,100,100585,100,99829,100,100610,100,99827,100,100628,100,99768,100
2019-06-28 09:56:07.305847359,100385,486,100212,486,100428,100,100082,4,100457,100,100081,100,100466,100,99983,100,100473,100,99949,100,100509,100,99905,100,100537,100,99898,100,100542,100,99829,100,100585,100,99827,100,100610,100,99768,100
2019-06-28 09:56:10.000000000,100385,177,100212,177,100428,177,100082,81,100457,177,100081,177,100466,177,99983,177,100473,177,99949,177,100509,100,99905,100,100537,100,99898,100,100542,100,99829,100,100585,100,99827,100,100610,100,99768,100
2019-06-28 09:56:20.000000000,100385,486,100212,486,100428,100,100082,4,100457,100,100081,100,100466,100,99983,100,100473,100,99949,100,100509,100,99905,100,100537,100,99898,100,100542,100,99829,100,100585,100,99827,100,100610,100,99768,100
2019-06-28 09:56:29.078063249,100385,486,100250,100,100428,100,100212,486,100457,100,100082,4,100466,100,100081,100,100473,100,99983,100,100509,100,99949,100,100537,100,99905,100,100542,100,99898,100,100585,100,99829,100,100610,100,99827,100
2019-06-28 09:56:30.000000000,100385,231,100250,231,100428,227,100212,227,100457,227,100082,131,100466,100,100081,100,100473,100,99983,100,100509,100,99949,100,100537,100,99905,100,100542,100,99898,100,100585,100,99829,100,100610,100,99827,100
2019-06-28 09:56:39.633633370,100362,100,100250,231,100385,231,100212,227,100428,227,100082,131,100457,227,100081,100,100466,100,99983,100,100473,100,99949,100,100509,100,99905,100,100537,100,99898,100,100542,100,99829,100,100585,100,99827,100
2019-06-28 09:56:40.000000000,100362,231,100250,231,100385,227,100212,227,100428,227,100082,131,100457,100,100081,100,100466,100,99983,100,100473,100,99949,100,100509,100,99905,100,100537,100,99898,100,100542,100,99829,100,100585,100,99827,100
2019-06-28 09:56:50.000000000,100362,486,100250,486,100385,100,100212,100,100428,100,100082,4,100457,100,100081,100,100466,100,99983,100,100473,100,99949,100,100509,100,99905,100,100537,100,99898,100,100542,100,99829,100,100585,100,99827,100
2019-06-28 09:57:00.000000000,100362,177,100250,177,100385,177,100212,177,100428,177,100082,81,100457,177,100081,177,100466,177,99983,177,100473,100,99949,100,100509,100,99905,100,100537,100,99898,100,100542,100,99829,100,100585,100,99827,100
2019-06-28 09:57:03.808017591,100362,177,100250,77,100385,177,100212,177,100428,177,100082,81,100457,177,100081,177,100466,177,99983,177,100473,100,99949,100,100509,100,99905,100,100537,100,99898,100,100542,100,99829,100,100585,100,99827,100
2019-06-28 09:57:04.768267466,100362,177,100250,77,100385,177,100212,177,100428,177,100082,81,100457,177,100081,177,100466,177,100079,100,100473,100,99983,177,100509,100,99949,100,100537,100,99905,100,100542,100,99898,100,100585,100,99829,100
2019-06-28 09:57:10.000000000,100362,486,100212,486,100385,100,100082,4,100428,100,100081,100,100457,100,100079,100,100466,100,99983,100,100473,100,99949,100,100509,100,99905,100,100537,100,99898,100,100542,100,99829,100,100585,100,99827,100
2019-06-28 09:57:20.000000000,100362,196,100212,196,100385,196,100082,100,100428,196,100081,196,100457,196,100079,196,100466,100,99983,100,100473,100,99949,100,100509,100,99905,100,100537,100,99898,100,100542,100,99829,100,100585,100,99827,100
2019-06-28 09:57:30.000000000,100362,177,100212,177,100385,177,100082,81,100428,177,100081,177,100457,177,100079,177,100466,177,99983,177,100473,100,99949,100,100509,100,99905,100,100537,100,99898,100,100542,100,99829,100,100585,100,99827,100
2019-06-28 09:57:40.000000000,100362,293,100212,293,100385,293,100082,197,100428,100,100081,100,100457,100,100079,100,100466,100,99983,100,100473,100,99949,100,100509,100,99905,100,100537,100,99898,100,100542,100,99829,100,100585,100,99827,100
2019-06-28 09:57:50.000000000,100362,293,100212,293,100385,293,100082,197,100428,100,100081,100,100457,100,100079,100,100466,100,99983,100,100473,100,99949,100,100509,100,99905,100,100537,100,99898,100,100542,100,99829,100,100585,100,99827,100
2019-06-28 09:57:55.983860710,100249,100,100212,293,100362,193,100082,197,100385,293,100081,100,100428,100,100079,100,100457,100,99983,100,100466,100,99949,100,100473,100,99905,100,100509,100,99898,100,100537,100,99829,100,100542,100,99827,100
2019-06-28 09:58:00.000000000,100249,177,100212,177,100385,177,100082,81,100428,177,100081,177,100457,177,100079,177,100466,177,99983,177,100473,100,99949,100,100509,100,99905,100,100537,100,99898,100,100542,100,99829,100,100585,100,99827,100
2019-06-28 09:58:10.000000000,100249,486,100212,486,100385,100,100082,4,100428,100,100081,100,100457,100,100079,100,100466,100,99983,100,100473,100,99949,100,100509,100,99905,100,100537,100,99898,100,100542,100,99829,100,100585,100,99827,100
2019-06-28 09:58:16.116384492,100249,486,100212,386,100385,100,100082,4,100428,100,100081,100,100457,100,100079,100,100466,100,99983,100,100473,100,99949,100,100509,100,99905,100,100537,100,99898,100,100542,100,99829,100,100610,100,99827,100
2019-06-28 09:58:20.000000000,100249,293,100082,197,100385,293,100081,293,100428,100,100079,100,100457,100,99983,100,100466,100,99949,100,100473,100,99905,100,100509,100,99898,100,100537,100,99829,100,100542,100,99827,100,100610,100,99768,100
2019-06-28 09:58:30.000000000,100249,196,100082,100,100385,196,100081,196,100428,196,100079,196,100457,196,99983,196,100466,100,99949,100,100473,100,99905,100,100509,100,99898,100,100537,100,99829,100,100542,100,99827,100,100610,100,99768,100
2019-06-28 09:58:38.603735932,100249,96,100082,100,100385,196,100081,196,100428,196,100079,196,100457,196,99983,196,100466,100,99949,100,100473,100,99905,100,100509,100,99898,100,100537,100,99829,100,100542,100,99827,100,100610,100,99768,100
2019-06-28 09:58:40.000000000,100385,196,100082,100,100428,196,100081,196,100457,196,100079,196,100466,196,99983,196,100473,100,99949,100,100509,100,99905,100,100537,100,99898,100,100542,100,99829,100,100610,100,99827,100,100628,100,99768,100
2019-06-28 09:58:41.897000549,100266,100,100082,100,100385,196,100081,196,100428,196,100079,196,100457,196,99983,196,100466,196,99949,100,100473,100,99905,100,100509,100,99898,100,100537,100,99829,100,100542,100,99827,100,100610,100,99768,100
2019-06-28 09:58:50.000000000,100266,231,100082,135,100385,227,100081,227,100428,227,100079,227,100457,100,99983,100,100466,100,99949,100,100473,100,99905,100,100509,100,99898,100,100537,100,99829,100,100542,100,99827,100,100610,100,99768,100
2019-06-28 09:58:53.946743176,100266,131,100082,135,100385,227,100081,227,100428,227,100079,227,100457,100,99983,100,100466,100,99949,100,100473,100,99905,100,100509,100,99898,100,100537,100,99829,100,100542,100,99827,100,100610,100,99768,100
2019-06-28 09:59:00.000000000,100385,196,100082,100,100428,196,100081,196,100457,196,100079,196,100466,196,99983,196,100473,100,99949,100,100509,100,99905,100,100537,100,99898,100,100542,100,99829,100,100610,100,99827,100,100628,100,99768,100
2019-06-28 09:59:10.000000000,100385,486,100082,390,100428,100,100081,100,100457,100,100079,100,100466,100,99983,100,100473,100,99949,100,100509,100,99905,100,100537,100,99898,100,100542,100,99829,100,100610,100,99827,100,100628,100,99768,100
2019-06-28 09:59:17.811049772,100385,486,100249,100,100428,100,100082,390,100457,100,100081,100,100466,100,100079,100,100473,100,99983,100,100509,100,99949,100,100537,100,99905,100,100542,100,99898,100,100610,100,99829,100,100628,100,99827,100
2019-06-28 09:59:20.000000000,100385,196,100249,196,100428,196,100082,100,100457,196,100081,196,100466,196,100079,196,100473,100,99983,100,100509,100,99949,100,100537,100,99905,100,100542,100,99898,100,100610,100,99829,100,100628,100,99827,100
2019-06-28 09:59:25.477252689,100385,196,100249,196,100428,196,100082,100,100457,196,100081,196,100466,196,100079,196,100473,100,99983,100,100509,100,99949,100,100535,100,99905,100,100537,100,99898,100,100542,100,99829,100,100610,100,99827,100
2019-06-28 09:59:30.000000000,100385,231,100249,231,100428,227,100082,131,100457,227,100081,227,100466,100,100079,100,100473,100,99983,100,100509,100,99949,100,100535,100,99905,100,100537,100,99898,100,100542,100,99829,100,100610,100,99827,100
2019-06-28 09:59:36.548837202,100385,231,100249,231,100428,227,100082,131,100457,227,100081,227,100466,100,100079,100,100473,100,99983,100,100509,100,99949,100,100535,100,99905,100,100537,100,99898,100,100542,100,99829,100,100574,100,99827,100
2019-06-28 09:59:40.000000000,100385,293,100249,293,100428,293,100082,197,100457,100,100081,100,100466,100,100079,100,100473,100,99983,100,100509,100,99949,100,100535,100,99905,100,100537,100,99898,100,100542,100,99829,100,100574,100,99827,100
2019-06-28 09:59:44.021421530,100385,293,100249,293,100428,293,100220,100,100457,100,100082,197,100466,100,100081,100,100473,100,100079,100,100509,100,99983,100,100535,100,99949,100,100537,100,99905,100,100542,100,99898,100,100574,100,99829,100
2019-06-28 09:59:50.000000000,100385,293,100249,293,100428,293,100220,293,100457,100,100082,4,100466,100,100081,100,100473,100,100079,100,100509,100,99983,100,100535,100,99949,100,100537,100,99905,100,100542,100,99898,100,100574,100,99829,100
2019-06-28 09:59:55.046892252,100385,293,100249,193,100428,293,100220,293,100457,100,100082,4,100466,100,100081,100,100473,100,100079,100,100509,100,99983,100,100535,100,99949,100,100537,100,99905,100,100542,100,99898,100,100574,100,99829,100
2019-06-28 10:00:00.000000000,100385,231,100220,231,100428,227,100082,131,100457,227,100081,227,100466,100,100079,100,100473,100,99983,100,100509,100,99949,100,100535,100,99905,100,100537,100,99898,100,100542,100,99829,100,100574,100,99827,100
2019-06-28 10:00:00.630494856,100385,231,100249,100,100428,227,100220,231,100457,227,100082,131,100466,100,100081,227,100473,100,100079,100,100509,100,99983,100,100535,100,99949,100,100537,100,99905,100,100542,100,99898,100,100574,100,99829,100
2019-06-28 10:00:01.980692308,100385,131,100249,100,100428,227,100220,231,100457,227,100082,131,100466,100,100081,227,100473,100,100079,100,100509,100,99983,100,100535,100,99949,100,100537,100,99905,100,100542,100,99898,100,100574,100,99829,100
2019-06-28 10:00:08.051808473,100385,31,100249,100,100428,227,100220,231,100457,227,100082,131,100466,100,100081,227,100473,100,100079,100,100509,100,99983,100,100537,100,99949,100,100542,100,99905,100,100574,100,99898,100,100610,100,99829,100
2019-06-28 10:00:10.000000000,100428,486,100249,486,100457,100,100220,100,100466,100,100082,4,100473,100,100081,100,100509,100,100079,100,100537,100,99983,100,100542,100,99949,100,100574,100,99905,100,100610,100,99898,100,100628,100,99829,100
2019-06-28 10:00:20.000000000,100428,196,100249,196,100457,196,100220,196,100466,196,100082,100,100473,196,100081,196,100509,100,100079,100,100537,100,99983,100,100542,100,99949,100,100574,100,99905,100,100610,100,99898,100,100628,100,99829,100
2019-06-28 10:00:30.000000000,100428,293,100249,293,100457,293,100220,293,100466,100,100082,4,100473,100,100081,100,100509,100,100079,100,100537,100,99983,100,100542,100,99949,100,100574,100,99905,100,100610,100,99898,100,100628,100,99829,100
2019-06-28 10:00:32.466207143,100428,193,100249,293,100457,293,100220,293,100466,100,100082,4,100473,100,100081,100,100509,100,100079,100,100537,100,99983,100,100542,100,99949,100,100574,100,99905,100,100610,100,99898,100,100628,100,99829,100
2019-06-28 10:00:40.000000000,100457,196,100249,196,100466,196,100220,196,100473,196,100082,100,100509,196,100081,196,100537,100,100079,100,100542,100,99983,100,100574,100,99949,100,100610,100,99905,100,100628,100,99898,100,100682,100,99829,100
2019-06-28 10:00:42.917174743,100457,196,100385,100,100466,196,100249,196,100473,196,100220,196,100509,196,100082,100,100537,100,100081,196,100542,100,100079,100,100574,100,99983,100,100610,100,99949,100,100628,100,99905,100,100682,100,99898,100
2019-06-28 10:00:50.000000000,100457,293,100385,293,100466,293,100249,293,100473,100,100220,100,100509,100,100082,4,100537,100,100081,100,100542,100,100079,100,100574,100,99983,100,100610,100,99949,100,100628,100,99905,100,100682,100,99898,100
2019-06-28 10:01:00.000000000,100457,231,100385,231,100466,227,100249,227,100473,227,100220,227,100509,100,100082,4,100537,100,100081,100,100542,100,100079,100,100574,100,99983,100,100610,100,99949,100,100628,100,99905,100,100682,100,99898,100
2019-06-28 10:01:05.816189506,100457,231,100385,231,100466,227,100338,100,100473,227,100249,227,100509,100,100220,227,100537,100,100082,4,100542,100,100081,100,100574,100,100079,100,100610,100,99983,100,100628,100,99949,100,100909,100,99905,100
2019-06-28 10:01:10.000000000,100457,177,100385,177,100466,177,100338,177,100473,177,100249,177,100509,177,100220,177,100537,177,100082,81,100542,100,100081,100,100574,100,100079,100,100610,100,99983,100,100628,100,99949,100,100909,100,99905,100
2019-06-28 10:01:15.934750117,100457,177,100385,277,100466,177,100338,177,100473,177,100249,177,100509,177,100220,177,100537,177,100082,81,100542,100,100081,100,100574,100,100079,100,100610,100,99983,100,100628,100,99949,100,100909,100,99905,100
2019-06-28 10:01:20.000000000,100457,177,100385,277,100466,177,100338,177,100473,177,100249,177,100509,177,100220,177,100537,177,100082,81,100542,100,100081,100,100574,100,100079,100,100610,100,99983,100,100628,100,99949,100,100909,100,99905,100
2019-06-28 10:01:25.977327150,100457,177,100385,277,100466,177,100338,177,100468,100,100249,177,100473,177,100220,177,100509,177,100082,81,100537,177,100081,100,100542,100,100079,100,100574,100,99983,100,100610,100,99949,100,100628,100,99905,100
2019-06-28 10:01:26.952813669,100457,177,100385,277,100466,177,100338,177,100468,100,100249,177,100473,177,100220,177,100491,100,100082,81,100509,177,100081,100,100537,177,100079,100,100542,100,99983,100,100574,100,99949,100,100610,100,99905,100
2019-06-28 10:01:30.000000000,100457,486,100385,586,100466,100,100338,100,100468,100,100249,100,100473,100,100220,100,100491,100,100082,4,100509,100,100081,100,100537,100,100079,100,100542,100,99983,100,100574,100,99949,100,100610,100,99905,100
2019-06-28 10:01:40.000000000,100457,196,100385,296,100466,196,100338,196,100468,196,100249,196,100473,196,100220,196,100491,100,100082,4,100509,100,100081,100,100537,100,100079,100,100542,100,99983,100,100574,100,99949,100,100610,100,99905,100
2019-06-28 10:01:40.910604258,100427,100,100385,296,100457,196,100338,196,100466,196,100249,196,100468,196,100220,196,100473,196,100082,4,100491,100,100081,100,100509,100,100079,100,100537,100,99983,100,100542,100,99949,100,100574,100,99905,100
2019-06-28 10:01:42.357412870,100427,100,100385,296,100457,196,100338,196,100466,196,100268,100,100468,196,100249,196,100473,196,100220,196,100491,100,100082,4,100509,100,100081,100,100537,100,100079,100,100542,100,99983,100,100574,100,99949,100
2019-06-28 10:01:50.000000000,100427,293,100385,393,100457,293,100338,293,100466,100,100268,100,100468,100,100249,100,100473,100,100220,100,100491,100,100082,4,100509,100,100081,100,100537,100,100079,100,100542,100,99983,100,100574,100,99949,100
2019-06-28 10:02:00.000000000,100427,177,100385,277,100457,177,100338,177,100466,177,100268,177,100468,177,100249,177,100473,177,100220,177,100491,100,100082,4,100509,100,100081,100,100537,100,100079,100,100542,100,99983,100,100574,100,99949,100
2019-06-28 10:02:04.034413354,100427,177,100385,277,100457,177,100338,177,100466,177,100268,177,100468,177,100249,177,100473,177,100220,177,100491,100,100082,4,100509,100,100081,100,100537,100,100079,100,100542,100,99983,100,100574,100,99949,100
2019-06-28 10:02:10.000000000,100427,486,100385,586,100457,100,100338,100,100466,100,100268,100,100468,100,100249,100,100473,100,100220,100,100491,100,100082,4,100509,100,100081,100,100537,100,100079,100,100542,100,99983,100,100574,100,99949,100
2019-06-28 10:02:14.344018403,100427,486,100385,586,100457,100,100338,100,100466,100,100268,100,100468,100,100249,100,100473,100,100220,100,100491,100,100082,4,100509,100,100081,100,100537,100,100079,100,100542,100,99989,100,100574,100,99983,100
2019-06-28 10:02:20.000000000,100427,231,100385,331,100457,227,100338,227,100466,227,100268,227,100468,100,100249,100,100473,100,100220,100,100491,100,100082,4,100509,100,100081,100,100537,100,100079,100,100542,100,99989,100,100574,100,99983,100
2019-06-28 10:02:26.056491592,100427,231,100385,331,100457,227,100338,127,100466,227,100268,227,100468,100,100249,100,100473,100,100220,100,100491,100,100082,4,100509,100,100081,100,100537,100,100079,100,100542,100,99989,100,100574,100,99983,100
2019-06-28 10:02:30.000000000,100427,231,100385,331,100457,227,100268,227,100466,227,100249,227,100468,100,100220,100,100473,100,100082,4,100491,100,100081,100,100509,100,100079,100,100537,100,99989,100,100542,100,99983,100,100574,100,99949,100
2019-06-28 10:02:40.000000000,100427,231,100385,331,100457,227,100268,227,100466,227,100249,227,100468,100,100220,100,100473,100,100082,4,100491,100,100081,100,100509,100,100079,100,100537,100,99989,100,100542,100,99983,100,100574,100,99949,100
2019-06-28 10:02:47.831226196,100427,231,100385,331,100430,100,100268,127,100457,227,100249,227,100466,227,100220,100,100468,100,100082,4,100473,100,100081,100,100491,100,100079,100,100509,100,99989,100,100537,100,99983,100,100542,100,99949,100
2019-06-28 10:02:50.000000000,100427,177,100385,277,100430,177,100249,177,100457,177,100220,177,100466,177,100082,81,100468,177,100081,177,100473,100,100079,100,100491,100,99989,100,100509,100,99983,100,100537,100,99949,100,100542,100,99932,100
2019-06-28 10:02:52.412260195,100427,177,100385,277,100430,177,100302,100,100457,177,100249,177,100466,177,100220,177,100468,177,100082,81,100473,100,100081,177,100491,100,100079,100,100509,100,99989,100,100537,100,99983,100,100542,100,99949,100
2019-06-28 10:02:53.139213942,100427,177,100385,277,100430,177,100302,100,100457,177,100249,177,100466,177,100220,177,100468,177,100082,81,100473,100,100081,177,100491,100,100079,100,100509,100,99989,100,100537,100,99983,100,100542,100,99949,100
2019-06-28 10:02:57.999476304,100427,177,100385,277,100430,177,100302,100,100457,177,100249,177,100466,177,100220,177,100468,177,100082,81,100473,100,100081,77,100491,100,100079,100,100509,100,99989,100,100537,100,99983,100,100542,100,99949,100
2019-06-28 10:03:00.000000000,100427,486,100385,586,100430,100,100302,100,100457,100,100249,100,100466,100,100220,100,100468,100,100082,4,100473,100,100079,100,100491,100,99989,100,100509,100,99983,100,100537,100,99949,100,100542,100,99932,100
2019-06-28 10:03:10.000000000,100427,177,100385,277,100430,177,100302,177,100457,177,100249,177,100466,177,100220,177,100468,177,100082,81,100473,100,100079,100,100491,100,99989,100,100509,100,99983,100,100537,100,99949,100,100542,100,99932,100
2019-06-28 10:03:20.000000000,100427,177,100385,277,100430,177,100302,177,100457,177,100249,177,100466,177,100220,177,100468,177,100082,81,100473,100,100079,100,100491,100,99989,100,100509,100,99983,100,100537,100,99949,100,100542,100,99932,100
2019-06-28 10:03:30.000000000,100427,177,100385,277,100430,177,100302,177,100457,177,100249,177,100466,177,100220,177,100468,177,100082,81,100473,100,100079,100,100491,100,99989,100,100509,100,99983,100,100537,100,99949,100,100542,100,99932,100
2019-06-28 10:03:40.000000000,100427,231,100385,331,100430,227,100302,227,100457,227,100249,227,100466,100,100220,100,100468,100,100082,4,100473,100,100079,100,100491,100,99989,100,100509,100,99983,100,100537,100,99949,100,100542,100,99932,100
2019-06-28 10:03:50.000000000,100427,231,100385,331,100430,227,100302,227,100457,227,100249,227,100466,100,100220,100,100468,100,100082,4,100473,100,100079,100,100491,100,99989,100,100509,100,99983,100,100537,100,99949,100,100542,100,99932,100
2019-06-28 10:04:00.000000000,100427,196,100385,296,100430,196,100302,196,100457,196,100249,196,100466,196,100220,196,100468,100,100082,4,100473,100,100079,100,100491,100,99989,100,100509,100,99983,100,100537,100,99949,100,100542,100,99932,100
2019-06-28 10:04:01.620654580,100427,196,100385,296,100430,196,100302,196,100457,196,100249,196,100466,196,100220,196,100468,100,100082,4,100473,100,100079,100,100491,100,99989,100,100509,100,99983,100,100537,100,99949,100,100542,100,99932,100
2019-06-28 10:04:10.000000000,100427,177,100385,277,100430,177,100302,177,100457,177,100249,177,100466,177,100220,177,100468,177,100082,81,100473,100,100079,100,100491,100,99989,100,100509,100,99983,100,100537,100,99949,100,100542,100,99932,100
2019-06-28 10:04:11.502164992,100427,177,100385,277,100430,177,100302,177,100457,177,100249,177,100466,177,100220,77,100468,177,100082,81,100473,100,100079,100,100491,100,99989,100,100509,100,99983,100,100537,100,99949,100,100542,100,99932,100
2019-06-28 10:04:20.000000000,100427,486,100385,586,100430,100,100302,100,100457,100,100249,100,100466,100,100082,4,100468,100,100079,100,100473,100,99989,100,100491,100,99983,100,100509,100,99949,100,100537,100,99932,100,100542,100,99898,100
2019-06-28 10:04:21.567984579,100427,486,100385,586,100430,100,100302,100,100457,100,100249,100,100466,100,100082,4,100468,100,100079,100,100473,100,99989,100,100491,100,99983,100,100509,100,99949,100,100537,100,99932,100,100542,100,99898,100
2019-06-28 10:04:29.363691572,100427,586,100385,586,100430,100,100302,100,100457,100,100249,100,100466,100,100082,4,100468,100,100079,100,100473,100,99989,100,100491,100,99983,100,100509,100,99949,100,100537,100,99932,100,100542,100,99898,100
2019-06-28 10:04:30.000000000,100427,586,100385,586,100430,100,100302,100,100457,100,100249,100,100466,100,100082,4,100468,100,100079,100,100473,100,99989,100,100491,100,99983,100,100509,100,99949,100,100537,100,99932,100,100542,100,99898,100
2019-06-28 10:04:37.591778987,100427,586,100385,486,100430,100,100302,100,100457,100,100249,100,100466,100,100082,4,100468,100,100079,100,100473,100,99989,100,100491,100,99983,100,100509,100,99949,100,100537,100,99932,100,100542,100,99898,100
2019-06-28 10:04:40.000000000,100427,393,100385,293,100430,293,100302,293,100457,100,100249,100,100466,100,100082,4,100468,100,100079,100,100473,100,99989,100,100491,100,99983,100,100509,100,99949,100,100537,100,99932,100,100542,100,99898,100
2019-06-28 10:04:41.060236611,100427,393,100385,293,100430,293,100302,293,100457,100,100249,100,100466,100,100082,4,100468,100,100079,100,100473,100,99989,100,100491,100,99983,100,100509,100,99949,100,100537,100,99932,100,100542,100,99898,100
2019-06-28 10:04:46.736234249,100427,393,100385,193,100430,293,100302,293,100457,100,100249,100,100466,100,100082,4,100468,100,100079,100,100473,100,99989,100,100491,100,99983,100,100509,100,99949,100,100537,100,99932,100,100542,100,99898,100
2019-06-28 10:04:50.000000000,100427,296,100302,196,100430,196,100249,196,100457,196,100082,100,100466,196,100079,196,100468,100,99989,100,100473,100,99983,100,100491,100,99949,100,100509,100,99932,100,100537,100,99898,100,100542,100,99847,100
2019-06-28 10:04:54.260171632,100427,296,100302,196,100430,196,100249,196,100457,196,100082,100,100466,196,100079,196,100468,100,99989,100,100473,100,99983,100,100491,100,99949,100,100509,100,99932,100,100537,100,99898,100,100563,100,99847,100
2019-06-28 10:05:00.000000000,100427,586,100302,486,100430,100,100249,100,100457,100,100082,4,100466,100,100079,100,100468,100,99989,100,100473,100,99983,100,100491,100,99949,100,100509,100,99932,100,100537,100,99898,100,100563,100,99847,100
2019-06-28 10:05:10.000000000,100427,393,100302,293,100430,293,100249,293,100457,100,100082,4,100466,100,100079,100,100468,100,99989,100,100473,100,99983,100,100491,100,99949,100,100509,100,99932,100,100537,100,99898,100,100563,100,99847,100
2019-06-28 10:05:12.248999536,100427,393,100302,293,100430,293,100249,293,100466,100,100082,4,100468,100,100079,100,100473,100,99989,100,100491,100,99983,100,100509,100,99949,100,100537,100,99932,100,100563,100,99898,100,100574,100,99847,100
2019-06-28 10:05:20.000000000,100427,393,100302,293,100430,293,100249,293,100466,100,100082,4,100468,100,100079,100,100473,100,99989,100,100491,100,99983,100,100509,100,99949,100,100537,100,99932,100,100563,100,99898,100,100574,100,99847,100
2019-06-28 10:05:30.000000000,100427,277,100302,177,100430,177,100249,177,100466,177,100082,81,100468,177,100079,177,100473,177,99989,177,100491,100,99983,100,100509,100,99949,100,100537,100,99932,100,100563,100,99898,100,100574,100,99847,100
2019-06-28 10:05:40.000000000,100427,331,100302,231,100430,227,100249,227,100466,227,100082,131,100468,100,100079,100,100473,100,99989,100,100491,100,99983,100,100509,100,99949,100,100537,100,99932,100,100563,100,99898,100,100574,100,99847,100
2019-06-28 10:05:50.000000000,100427,277,100302,177,100430,177,100249,177,100466,177,100082,81,100468,177,100079,177,100473,177,99989,177,100491,100,99983,100,100509,100,99949,100,100537,100,99932,100,100563,100,99898,100,100574,100,99847,100
2019-06-28 10:06:00.000000000,100427,277,100302,177,100430,177,100249,177,100466,177,100082,81,100468,177,100079,177,100473,177,99989,177,100491,100,99983,100,100509,100,99949,100,100537,100,99932,100,100563,100,99898,100,100574,100,99847,100
2019-06-28 10:06:10.000000000,100427,296,100302,196,100430,196,100249,196,100466,196,100082,100,100468,196,100079,196,100473,100,99989,100,100491,100,99983,100,100509,100,99949,100,100537,100,99932,100,100563,100,99898,100,100574,100,99847,100
2019-06-28 10:06:20.000000000,100427,393,100302,293,100430,293,100249,293,100466,100,100082,4,100468,100,100079,100,100473,100,99989,100,100491,100,99983,100,100509,100,99949,100,100537,100,99932,100,100563,100,99898,100,100574,100,99847,100
2019-06-28 10:06:25.437486385,100385,100,100302,293,100427,393,100249,293,100430,293,100082,4,100466,100,100079,100,100468,100,99989,100,100473,100,99983,100,100491,100,99949,100,100509,100,99932,100,100537,100,99898,100,100563,100,99847,100
2019-06-28 10:06:30.000000000,100385,486,100302,486,100427,200,100249,100,100430,100,100082,4,100466,100,100079,100,100468,100,99989,100,100473,100,99983,100,100491,100,99949,100,100509,100,99932,100,100537,100,99898,100,100563,100,99847,100
2019-06-28 10:06:33.183390923,100385,486,100302,486,100427,200,100249,100,100430,100,100082,4,100466,100,100079,100,100468,100,99989,100,100473,100,99983,100,100491,100,99949,100,100509,100,99932,100,100537,100,99898,100,100563,100,99847,100
2019-06-28 10:06:40.000000000,100385,177,100302,177,100427,277,100249,177,100430,177,100082,81,100466,177,100079,177,100468,177,99989,177,100473,100,99983,100,100491,100,99949,100,100509,100,99932,100,100537,100,99898,100,100563,100,99847,100
2019-06-28 10:06:40.365087013,100385,277,100302,177,100427,277,100249,177,100430,177,100082,81,100466,177,100079,177,100468,177,99989,177,100473,100,99983,100,100491,100,99949,100,100509,100,99932,100,100537,100,99898,100,100563,100,99847,100
2019-06-28 10:06:49.292892180,100385,277,100302,77,100427,277,100249,177,100430,177,100082,81,100466,177,100079,177,100468,177,99989,177,100473,100,99983,100,100491,100,99949,100,100509,100,99932,100,100537,100,99898,100,100563,100,99847,100
2019-06-28 10:06:50.000000000,100385,277,100249,177,100427,277,100082,81,100430,177,100079,177,100466,177,99989,177,100468,177,99983,177,100473,100,99949,100,100491,100,99932,100,100509,100,99898,100,100537,100,99847,100,100563,100,99833,100
2019-06-28 10:06:55.938240233,100385,277,100249,77,100427,277,100082,81,100430,177,100079,177,100466,177,99989,177,100468,177,99983,177,100473,100,99949,100,100491,100,99932,100,100509,100,99898,100,100537,100,99847,100,100563,100,99833,100
2019-06-28 10:06:58.049407441,100302,100,100249,77,100385,277,100082,81,100427,277,100079,177,100430,177,99989,177,100466,177,99983,177,100468,177,99932,100,100473,100,99898,100,100491,100,99847,100,100509,100,99833,100,100537,100,99829,100
2019-06-28 10:07:00.000000000,100302,486,100082,390,100385,200,100079,100,100427,200,99989,100,100430,100,99983,100,100466,100,99932,100,100468,100,99898,100,100473,100,99847,100,100491,100,99833,100,100509,100,99829,100,100537,100,99827,100
2019-06-28 10:07:00.606817848,100302,486,100082,290,100385,200,100079,100,100427,200,99989,100,100430,100,99983,100,100466,100,99932,100,100468,100,99898,100,100473,100,99847,100,100491,100,99833,100,100509,100,99829,100,100537,100,99827,100
2019-06-28 10:07:09.600237526,100302,486,100082,190,100385,200,100079,100,100427,200,99989,100,100430,100,99983,100,100466,100,99932,100,100468,100,99898,100,100473,100,99833,100,100491,100,99829,100,100509,100,99827,100,100537,100,99670,100
2019-06-28 10:07:10.000000000,100302,486,100079,486,100385,200,99989,100,100427,200,99983,100,100430,100,99932,100,100466,100,99898,100,100468,100,99833,100,100473,100,99829,100,100491,100,99827,100,100509,100,99670,100,100537,100,99300,100
2019-06-28 10:07:20.000000000,100302,231,100079,231,100385,327,99989,227,100427,327,99983,227,100430,100,99932,100,100466,100,99898,100,100468,100,99833,100,100473,100,99829,100,100491,100,99827,100,100509,100,99670,100,100537,100,99300,100
2019-06-28 10:07:30.000000000,100302,177,100079,177,100385,277,99989,177,100427,277,99983,177,100430,177,99932,177,100466,177,99898,177,100468,100,99833,100,100473,100,99829,100,100491,100,99827,100,100509,100,99670,100,100537,100,99300,100
2019-06-28 10:07:31.854450163,100082,100,100079,177,100302,177,99989,177,100385,277,99983,177,100427,277,99932,177,100430,177,99898,177,100466,177,99833,100,100468,100,99829,100,100473,100,99827,100,100491,100,99670,100,100509,100,99300,100
2019-06-28 10:07:40.000000000,100082,231,100079,231,100302,227,99989,227,100385,327,99983,227,100427,200,99932,100,100430,100,99898,100,100466,100,99833,100,100468,100,99829,100,100473,100,99827,100,100491,100,99670,100,100509,100,99300,100
2019-06-28 10:07:50.000000000,100082,231,100079,231,100302,227,99989,227,100385,327,99983,227,100427,200,99932,100,100430,100,99898,100,100466,100,99833,100,100468,100,99829,100,100473,100,99827,100,100491,100,99670,100,100509,100,99300,100
2019-06-28 10:07:57.865352379,100082,331,100079,231,100302,127,99989,227,100385,327,99983,227,100427,200,99932,100,100430,100,99898,100,100466,100,99833,100,100468,100,99829,100,100473,100,99827,100,100491,100,99670,100,100509,100,99300,100
