,ask_price_1,ask_size_1,bid_price_1,bid_size_1,ask_price_2,ask_size_2,bid_price_2,bid_size_2,ask_price_3,ask_size_3,bid_price_3,bid_size_3,ask_price_4,ask_size_4,bid_price_4,bid_size_4,ask_price_5,ask_size_5,bid_price_5,bid_size_5,ask_price_6,ask_size_6,bid_price_6,bid_size_6,ask_price_7,ask_size_7,bid_price_7,bid_size_7,ask_price_8,ask_size_8,bid_price_8,bid_size_8,ask_price_9,ask_size_9,bid_price_9,bid_size_9,ask_price_10,ask_size_10,bid_price_10,bid_size_10
2019-06-28 09:30:00.000000000,99973,100,,,100007,100,,,,,,,,,,,,,,,,,,,,,,,,,,,,,,,,,,
2019-06-28 09:30:00.000000003,99973,100,99925,100,100007,100,,,100071,100,,,,,,,,,,,,,,,,,,,,,,,,,,,,,,
2019-06-28 09:30:00.000000007,99973,100,99925,100,100007,100,99857,100,100071,100,,,,,,,,,,,,,,,,,,,,,,,,,,,,,,
2019-06-28 09:30:00.000000008,99973,100,99925,100,100007,100,99857,100,100071,100,99806,100,,,,,,,,,,,,,,,,,,,,,,,,,,,,
2019-06-28 09:30:00.000000009,99973,100,99939,100,100007,100,99925,100,100071,100,99919,100,,,99857,100,,,99806,100,,,,,,,,,,,,,,,,,,,,
2019-06-28 09:30:00.000000010,99973,100,99939,100,100007,100,99925,100,100064,100,99919,100,100071,100,99857,100,,,99806,100,,,,,,,,,,,,,,,,,,,,
2019-06-28 09:30:00.000000014,100007,100,99939,100,100064,100,99925,100,100071,100,99919,100,,,99857,100,,,99806,100,,,,,,,,,,,,,,,,,,,,
2019-06-28 09:30:00.000000017,100007,100,99939,100,100031,100,99925,100,100064,100,99919,100,100071,100,99857,100,,,99806,100,,,,,,,,,,,,,,,,,,,,
2019-06-28 09:30:00.000000018,99971,100,99939,100,100007,100,99925,100,100031,100,99919,100,100064,100,99857,100,100071,100,99806,100,,,,,,,,,,,,,,,,,,,,
2019-06-28 09:30:00.000000020,99971,100,99939,100,100007,100,99925,100,100031,100,99919,100,100064,100,99857,100,100071,100,99806,100,100127,100,,,100137,100,,,,,,,,,,,,,,
2019-06-28 09:30:00.000000025,99971,100,99939,100,99983,100,99925,100,100007,100,99919,100,100031,100,99857,100,100064,100,99806,100,100071,100,,,100127,100,,,100137,100,,,,,,,,,,
2019-06-28 09:30:00.000000026,99971,100,99939,100,99983,100,99925,100,100007,100,99919,100,100031,100,99910,100,100064,100,99857,100,100071,100,99806,100,100127,100,,,100137,100,,,,,,,,,,
2019-06-28 09:30:00.000000027,99971,100,99939,100,99983,100,99925,100,100007,100,99919,100,100031,100,99910,100,100064,100,99857,100,100071,100,99806,100,100077,100,,,100127,100,,,100137,100,,,,,,
2019-06-28 09:30:00.000000030,99983,100,99939,100,100007,100,99925,100,100031,100,99919,100,100054,100,99910,100,100064,100,99857,100,100071,100,99806,100,100077,100,,,100127,100,,,100137,100,,,,,,
2019-06-28 09:30:00.000000033,99973,100,99939,100,99983,100,99925,100,100007,100,99919,100,100031,100,99910,100,100054,100,99857,100,100064,100,99806,100,100071,100,,,100077,100,,,100127,100,,,100137,100,,
2019-06-28 09:30:00.000000034,99973,100,99939,100,99983,100,99925,100,100007,100,99919,100,100031,100,99910,100,100054,100,99894,100,100064,100,99857,100,100071,100,99806,100,100077,100,,,100127,100,,,100137,100,,
2019-06-28 09:30:00.000000035,99973,100,99939,100,99983,100,99937,100,100007,100,99925,100,100031,100,99919,100,100054,100,99910,100,100064,100,99894,100,100071,100,99857,100,100077,200,99814,100,100127,100,99806,100,100137,100,,
2019-06-28 09:30:00.000000036,99983,100,99939,100,100007,100,99937,100,100031,100,99925,100,100054,100,99919,100,100064,100,99910,100,100071,100,99894,100,100077,200,99857,100,100083,100,99814,100,100127,100,99806,100,100137,100,,
2019-06-28 09:30:00.000000038,99983,100,99959,100,100007,100,99939,100,100031,100,99937,100,100054,100,99925,100,100064,100,99919,100,100071,100,99910,100,100077,200,99909,100,100083,100,99894,100,100127,100,99857,100,100137,100,99814,100
2019-06-28 09:30:00.000000039,99983,100,99959,100,100007,100,99939,100,100031,100,99937,100,100054,100,99925,100,100064,100,99919,100,100071,100,99910,100,100077,200,99909,100,100083,100,99894,100,100127,100,99858,100,100137,100,99857,100
2019-06-28 09:30:00.000000040,99983,100,99959,100,100007,100,99939,100,100031,100,99937,100,100041,100,99925,100,100054,100,99919,100,100064,100,99910,100,100071,100,99909,100,100077,200,99894,100,100083,100,99858,100,100127,100,99857,100
2019-06-28 09:30:00.000000046,99983,100,99959,100,100007,100,99939,100,100031,100,99937,100,100041,100,99925,100,100054,100,99919,100,100064,100,99910,100,100071,100,99909,100,100077,200,99894,100,100083,100,99859,100,100127,100,99858,100
2019-06-28 09:30:00.000000051,99983,100,99959,100,100007,100,99939,100,100031,100,99937,100,100041,100,99925,100,100054,100,99919,100,100064,100,99910,100,100071,100,99909,100,100077,200,99894,100,100083,100,99893,100,100127,100,99859,100
2019-06-28 09:30:00.000000052,99983,100,99959,100,100007,100,99939,100,100031,100,99937,100,100041,100,99925,100,100054,100,99919,100,100064,100,99910,100,100071,100,99909,100,100077,200,99894,100,100083,100,99893,100,100127,100,99859,100
2019-06-28 09:30:00.000000056,99983,100,99959,100,100007,100,99939,100,100031,100,99937,100,100041,100,99925,100,100054,100,99919,100,100064,100,99910,100,100071,100,99909,100,100077,200,99894,100,100083,100,99893,100,100127,100,99859,100
2019-06-28 09:30:00.000000057,99983,100,99959,100,99989,100,99939,100,100007,100,99937,100,100031,100,99925,100,100041,100,99919,100,100054,100,99910,100,100064,100,99909,100,100071,100,99894,100,100077,200,99893,100,100083,100,99859,100
2019-06-28 09:30:00.000000058,99983,100,99959,100,99989,100,99939,100,100007,100,99937,100,100031,100,99926,100,100041,100,99925,100,100054,100,99919,100,100064,100,99910,100,100071,100,99909,100,100077,200,99894,100,100083,100,99893,100
2019-06-28 09:30:00.000000059,99989,100,99959,100,100007,100,99939,100,100031,100,99937,100,100041,100,99926,100,100054,100,99925,100,100064,100,99919,100,100071,100,99910,100,100077,200,99909,100,100083,100,99894,100,100127,100,99893,100
2019-06-28 09:30:00.000000060,99989,100,99959,100,100007,100,99939,100,100031,100,99937,100,100041,100,99926,100,100054,100,99925,100,100064,100,99919,100,100071,100,99910,100,100077,200,99909,100,100083,100,99894,100,100127,100,99893,100
2019-06-28 09:30:00.000000069,100007,100,99959,100,100031,100,99939,100,100041,100,99937,100,100054,100,99926,100,100064,100,99925,100,100071,100,99919,100,100077,200,99910,100,100083,100,99909,100,100127,100,99894,100,100128,100,99893,100
2019-06-28 09:30:00.000000070,100007,100,99959,100,100031,100,99939,100,100041,100,99937,100,100054,100,99926,100,100064,100,99925,100,100071,100,99919,100,100077,200,99910,100,100083,100,99909,100,100094,100,99894,100,100127,100,99893,100
2019-06-28 09:30:00.000000072,100031,100,99959,100,100041,100,99939,100,100054,100,99937,100,100064,100,99926,100,100071,100,99925,100,100077,200,99919,100,100083,100,99910,100,100094,100,99909,100,100127,100,99894,100,100128,100,99893,100
2019-06-28 09:30:00.000000073,100007,100,99959,100,100031,100,99939,100,100041,100,99937,100,100054,100,99926,100,100064,100,99925,100,100071,100,99919,100,100077,200,99910,100,100083,100,99909,100,100094,100,99894,100,100127,100,99893,100
2019-06-28 09:30:00.000000074,100007,100,99959,100,100031,100,99939,100,100041,100,99937,100,100054,100,99926,100,100064,100,99925,100,100071,100,99919,100,100077,200,99910,100,100083,100,99909,100,100093,100,99894,100,100094,100,99893,100
2019-06-28 09:30:00.000000075,100007,100,99991,100,100031,100,99959,100,100041,100,99939,100,100054,100,99937,100,100064,100,99926,100,100071,100,99925,100,100077,200,99919,100,100083,100,99910,100,100093,100,99909,100,100094,100,99894,100
2019-06-28 09:30:00.000000078,100007,100,99991,100,100031,100,99959,100,100041,100,99939,100,100054,100,99937,100,100064,100,99926,100,100071,100,99925,100,100077,200,99919,100,100083,100,99910,100,100092,100,99909,100,100093,100,99894,100
2019-06-28 09:30:00.000000079,100007,100,99994,100,100031,100,99991,100,100041,100,99959,100,100054,100,99939,100,100057,100,99937,100,100064,100,99926,100,100071,100,99925,100,100077,200,99919,100,100083,100,99910,100,100092,100,99909,100
2019-06-28 09:30:00.000000081,100007,100,100006,100,100031,100,99991,100,100041,100,99959,100,100054,100,99939,100,100057,100,99937,100,100064,100,99926,100,100071,100,99925,100,100077,200,99919,100,100083,100,99910,100,100092,100,99909,100
2019-06-28 09:30:00.000000084,100031,100,100006,100,100041,100,99991,100,100054,100,99959,100,100057,100,99939,100,100064,100,99937,100,100071,100,99926,100,100077,200,99925,100,100083,100,99919,100,100092,100,99910,100,100093,100,99909,100
2019-06-28 09:30:00.000000085,100041,100,100006,100,100054,100,99991,100,100057,100,99959,100,100064,100,99939,100,100071,100,99937,100,100077,200,99926,100,100083,100,99925,100,100092,100,99919,100,100093,100,99910,100,100094,100,99909,100
2019-06-28 09:30:00.000000089,100054,100,100006,100,100057,100,99991,100,100064,100,99959,100,100071,100,99939,100,100077,200,99937,100,100083,100,99926,100,100092,100,99925,100,100093,100,99919,100,100094,100,99910,100,100116,100,99909,100
2019-06-28 09:30:00.000000091,100039,100,100006,100,100054,100,99991,100,100057,100,99959,100,100064,100,99939,100,100071,100,99937,100,100077,200,99926,100,100083,100,99925,100,100092,100,99919,100,100093,100,99910,100,100094,100,99909,100
2019-06-28 09:30:00.000000092,100039,100,100006,100,100041,100,99991,100,100054,100,99959,100,100057,100,99939,100,100064,100,99937,100,100071,100,99926,100,100077,200,99925,100,100083,100,99919,100,100092,100,99910,100,100093,100,99909,100
2019-06-28 09:30:00.000000093,100039,100,100006,100,100041,100,99991,100,100054,100,99959,100,100057,100,99939,100,100064,100,99937,100,100071,100,99926,100,100077,200,99925,100,100083,100,99919,100,100092,100,99910,100,100093,100,99909,100
2019-06-28 09:30:00.000000095,100039,100,100006,100,100041,100,99991,100,100054,100,99959,100,100057,100,99939,100,100064,100,99937,100,100071,100,99926,100,100077,200,99925,100,100081,100,99919,100,100083,100,99910,100,100092,100,99909,100
2019-06-28 09:30:00.000000097,100039,100,100006,100,100041,200,99991,100,100054,100,99959,100,100057,100,99939,100,100064,100,99937,100,100071,100,99926,100,100077,200,99925,100,100081,100,99919,100,100083,100,99910,100,100092,100,99909,100
2019-06-28 09:30:00.000000098,100039,100,100031,100,100041,300,100006,100,100054,100,99991,100,100057,100,99959,100,100064,100,99939,100,100071,100,99937,100,100077,200,99926,100,100081,100,99925,100,100083,100,99919,100,100092,100,99910,100
2019-06-28 09:30:10.000000000,100039,193,100031,193,100041,390,100006,190,100054,190,99991,190,100057,100,99959,100,100064,100,99939,100,100071,100,99937,100,100077,200,99926,100,100081,100,99925,100,100083,100,99919,100,100092,100,99910,100
2019-06-28 09:30:17.926196242,100039,193,100031,193,100041,390,100006,190,100054,190,99991,190,100057,100,99959,100,100064,100,99937,100,100071,100,99926,100,100077,200,99925,100,100081,100,99919,100,100083,100,99910,100,100092,100,99909,100
2019-06-28 09:30:20.000000000,100039,193,100031,193,100041,390,100006,190,100054,190,99991,190,100057,100,99959,100,100064,100,99937,100,100071,100,99926,100,100077,200,99925,100,100081,100,99919,100,100083,100,99910,100,100092,100,99909,100
2019-06-28 09:30:30.000000000,100039,373,100031,373,100041,300,100006,100,100054,100,99991,100,100057,100,99959,100,100064,100,99937,100,100071,100,99926,100,100077,200,99925,100,100081,100,99919,100,100083,100,99910,100,100092,100,99909,100
2019-06-28 09:30:36.871416842,100039,273,100031,373,100041,300,100006,100,100054,100,99991,100,100057,100,99959,100,100064,100,99937,100,100071,100,99926,100,100077,200,99925,100,100081,100,99919,100,100083,100,99910,100,100092,100,99909,100
2019-06-28 09:30:40.000000000,100041,573,100031,373,100054,100,100006,100,100057,100,99991,100,100064,100,99959,100,100071,100,99937,100,100077,200,99926,100,100081,100,99925,100,100083,100,99919,100,100092,100,99910,100,100093,100,99909,100
2019-06-28 09:30:47.722783789,100041,573,100031,373,100054,100,100006,100,100061,100,99991,100,100064,100,99959,100,100071,100,99937,100,100077,200,99926,100,100081,100,99925,100,100083,100,99919,100,100092,100,99910,100,100093,100,99909,100
2019-06-28 09:30:50.000000000,100041,393,100031,193,100054,190,100006,190,100061,190,99991,190,100064,100,99959,100,100071,100,99937,100,100077,200,99926,100,100081,100,99925,100,100083,100,99919,100,100092,100,99910,100,100093,100,99909,100
2019-06-28 09:31:00.000000000,100041,393,100031,193,100054,190,100006,190,100061,190,99991,190,100064,100,99959,100,100071,100,99937,100,100077,200,99926,100,100081,100,99925,100,100083,100,99919,100,100092,100,99910,100,100093,100,99909,100
2019-06-28 09:31:10.000000000,100041,573,100031,373,100054,100,100006,100,100061,100,99991,100,100064,100,99959,100,100071,100,99937,100,100077,200,99926,100,100081,100,99925,100,100083,100,99919,100,100092,100,99910,100,100093,100,99909,100
2019-06-28 09:31:20.000000000,100041,573,100031,373,100054,100,100006,100,100061,100,99991,100,100064,100,99959,100,100071,100,99937,100,100077,200,99926,100,100081,100,99925,100,100083,100,99919,100,100092,100,99910,100,100093,100,99909,100
2019-06-28 09:31:24.984116791,100041,573,100031,273,100054,100,100006,100,100061,100,99991,100,100064,100,99959,100,100071,100,99937,100,100077,200,99926,100,100081,100,99925,100,100083,100,99919,100,100092,100,99910,100,100093,100,99909,100
2019-06-28 09:31:25.303899539,100041,573,100031,173,100054,100,100006,100,100061,100,99991,100,100064,100,99959,100,100071,100,99937,100,100077,200,99926,100,100081,100,99925,100,100083,100,99919,100,100092,100,99910,100,100093,100,99909,100
2019-06-28 09:31:30.000000000,100041,355,100006,155,100054,155,99991,155,100061,155,99959,155,100064,155,99937,155,100071,155,99926,155,100077,200,99925,100,100081,100,99919,100,100083,100,99910,100,100092,100,99909,100,100093,100,99894,100
2019-06-28 09:31:40.000000000,100041,355,100006,155,100054,155,99991,155,100061,155,99959,155,100064,155,99937,155,100071,155,99926,155,100077,200,99925,100,100081,100,99919,100,100083,100,99910,100,100092,100,99909,100,100093,100,99894,100
2019-06-28 09:31:50.000000000,100041,393,100006,193,100054,190,99991,190,100061,190,99959,190,100064,100,99937,100,100071,100,99926,100,100077,200,99925,100,100081,100,99919,100,100083,100,99910,100,100092,100,99909,100,100093,100,99894,100
2019-06-28 09:31:51.738094526,100041,293,100006,193,100054,190,99991,190,100061,190,99959,190,100064,100,99937,100,100071,100,99926,100,100077,200,99925,100,100081,100,99919,100,100083,100,99910,100,100092,100,99909,100,100093,100,99894,100
2019-06-28 09:31:54.187722497,100041,293,100006,93,100054,190,99991,190,100061,190,99959,190,100064,100,99937,100,100071,100,99926,100,100077,200,99925,100,100081,100,99919,100,100083,100,99910,100,100092,100,99909,100,100093,100,99894,100
2019-06-28 09:32:00.000000000,100041,293,99991,193,100054,190,99959,190,100061,190,99937,190,100064,100,99926,100,100071,100,99925,100,100077,200,99919,100,100081,100,99910,100,100083,100,99909,100,100092,100,99894,100,100093,100,99893,100
2019-06-28 09:32:10.000000000,100041,473,99991,373,100054,100,99959,100,100061,100,99937,100,100064,100,99926,100,100071,100,99925,100,100077,200,99919,100,100081,100,99910,100,100083,100,99909,100,100092,100,99894,100,100093,100,99893,100
2019-06-28 09:32:20.000000000,100041,473,99991,373,100054,100,99959,100,100061,100,99937,100,100064,100,99926,100,100071,100,99925,100,100077,200,99919,100,100081,100,99910,100,100083,100,99909,100,100092,100,99894,100,100093,100,99893,100
2019-06-28 09:32:30.000000000,100041,255,99991,155,100054,155,99959,155,100061,155,99937,155,100064,155,99926,155,100071,155,99925,155,100077,200,99919,100,100081,100,99910,100,100083,100,99909,100,100092,100,99894,100,100093,100,99893,100
2019-06-28 09:32:40.000000000,100041,473,99991,373,100054,100,99959,100,100061,100,99937,100,100064,100,99926,100,100071,100,99925,100,100077,200,99919,100,100081,100,99910,100,100083,100,99909,100,100092,100,99894,100,100093,100,99893,100
2019-06-28 09:32:45.540961157,100041,373,99991,373,100054,100,99959,100,100061,100,99937,100,100064,100,99926,100,100071,100,99925,100,100077,200,99919,100,100081,100,99910,100,100083,100,99909,100,100092,100,99894,100,100093,100,99893,100
2019-06-28 09:32:50.000000000,100041,193,99991,193,100054,190,99959,190,100061,190,99937,190,100064,100,99926,100,100071,100,99925,100,100077,200,99919,100,100081,100,99910,100,100083,100,99909,100,100092,100,99894,100,100093,100,99893,100
2019-06-28 09:33:00.000000000,100041,236,99991,236,100054,236,99959,236,100061,100,99937,100,100064,100,99926,100,100071,100,99925,100,100077,200,99919,100,100081,100,99910,100,100083,100,99909,100,100092,100,99894,100,100093,100,99893,100
2019-06-28 09:33:07.724025204,100041,236,99991,236,100054,236,99959,236,100061,100,99937,100,100064,100,99926,100,100071,100,99925,100,100077,200,99919,100,100081,100,99910,100,100083,100,99909,100,100092,100,99894,100,100093,100,99893,100
2019-06-28 09:33:10.000000000,100041,193,99991,193,100054,190,99959,190,100061,190,99937,190,100064,100,99926,100,100071,100,99925,100,100077,200,99919,100,100081,100,99910,100,100083,100,99909,100,100092,100,99894,100,100093,100,99893,100
2019-06-28 09:33:16.845706587,100041,193,99991,193,100054,190,99959,190,100061,190,99937,190,100064,100,99926,100,100071,100,99925,100,100077,200,99919,100,100081,100,99910,100,100083,100,99909,100,100092,100,99894,100,100093,100,99893,100
2019-06-28 09:33:20.000000000,100041,193,99991,193,100054,190,99959,190,100061,190,99937,190,100064,100,99926,100,100071,100,99925,100,100077,200,99919,100,100081,100,99910,100,100083,100,99909,100,100092,100,99894,100,100093,100,99893,100
2019-06-28 09:33:30.000000000,100041,236,99991,236,100054,236,99959,236,100061,100,99937,100,100064,100,99926,100,100071,100,99925,100,100077,200,99919,100,100081,100,99910,100,100083,100,99909,100,100092,100,99894,100,100093,100,99893,100
2019-06-28 09:33:32.618069707,100041,236,99991,236,100054,236,99959,236,100061,100,99937,100,100064,100,99926,100,100071,100,99925,100,100077,200,99919,100,100081,100,99910,100,100083,100,99909,100,100092,100,99894,100,100093,100,99893,100
2019-06-28 09:33:33.890330775,100041,136,99991,236,100054,236,99959,236,100061,100,99937,100,100064,100,99926,100,100071,100,99925,100,100077,200,99919,100,100081,100,99910,100,100083,100,99909,100,100092,100,99894,100,100093,100,99893,100
2019-06-28 09:33:40.000000000,100054,168,99991,168,100061,168,99959,168,100064,168,99937,168,100071,168,99926,168,100077,200,99925,100,100081,100,99919,100,100083,100,99910,100,100092,100,99909,100,100093,100,99894,100,100094,100,99893,100
2019-06-28 09:33:47.735955996,100054,168,99991,168,100061,168,99959,68,100064,168,99937,168,100071,168,99926,168,100077,200,99925,100,100081,100,99919,100,100083,100,99910,100,100092,100,99909,100,100093,100,99894,100,100094,100,99893,100
2019-06-28 09:33:49.689357085,100054,168,99991,168,100061,168,99959,68,100064,168,99937,168,100071,168,99926,168,100077,200,99925,100,100081,100,99919,100,100083,100,99910,100,100092,100,99909,100,100093,100,99894,100,100094,100,99893,100
2019-06-28 09:33:50.000000000,100054,193,99991,193,100061,190,99937,190,100064,190,99926,190,100071,100,99925,100,100077,200,99919,100,100081,100,99910,100,100083,100,99909,100,100092,100,99894,100,100093,100,99893,100,100094,100,99857,100
2019-06-28 09:33:51.937944919,100054,193,99991,193,100061,190,99937,190,100064,190,99926,190,100071,100,99925,100,100077,200,99919,100,100081,100,99909,100,100083,100,99894,100,100092,100,99893,100,100093,100,99857,100,100094,100,99814,100
2019-06-28 09:34:00.000000000,100054,236,99991,236,100061,236,99937,236,100064,100,99926,100,100071,100,99925,100,100077,200,99919,100,100081,100,99909,100,100083,100,99894,100,100092,100,99893,100,100093,100,99857,100,100094,100,99814,100
2019-06-28 09:34:04.094564895,100054,136,99991,236,100061,236,99937,236,100064,100,99926,100,100071,100,99925,100,100077,200,99919,100,100081,100,99909,100,100083,100,99894,100,100092,100,99893,100,100093,100,99857,100,100094,100,,
2019-06-28 09:34:10.000000000,100061,193,99991,193,100064,190,99937,190,100071,190,99926,190,100077,200,99925,100,100081,100,99919,100,100083,100,99909,100,100092,100,99894,100,100093,100,99893,100,100094,100,99857,100,100116,100,,
2019-06-28 09:34:20.000000000,100061,236,99991,236,100064,236,99937,236,100071,100,99926,100,100077,200,99925,100,100081,100,99919,100,100083,100,99909,100,100092,100,99894,100,100093,100,99893,100,100094,100,99857,100,100116,100,,
2019-06-28 09:34:27.421143700,100061,236,100041,100,100064,236,99991,236,100071,100,99937,236,100077,200,99926,100,100081,100,99925,100,100083,100,99919,100,100092,100,99909,100,100093,100,99894,100,100094,100,99893,100,100116,100,99857,100
2019-06-28 09:34:30.000000000,100061,236,100041,236,100064,236,99991,236,100071,100,99937,100,100077,200,99926,100,100081,100,99925,100,100083,100,99919,100,100092,100,99909,100,100093,100,99894,100,100094,100,99893,100,100116,100,99857,100
2019-06-28 09:34:40.000000000,100061,193,100041,193,100064,190,99991,190,100071,190,99937,190,100077,200,99926,100,100081,100,99925,100,100083,100,99919,100,100092,100,99909,100,100093,100,99894,100,100094,100,99893,100,100116,100,99857,100
2019-06-28 09:34:50.000000000,100061,373,100041,373,100064,100,99991,100,100071,100,99937,100,100077,200,99926,100,100081,100,99925,100,100083,100,99919,100,100092,100,99909,100,100093,100,99894,100,100094,100,99893,100,100116,100,99857,100
2019-06-28 09:34:55.759884701,100061,373,100041,373,100064,100,99991,100,100071,100,99937,100,100077,200,99926,100,100081,100,99925,100,100083,100,99919,100,100092,100,99909,100,100093,100,99894,100,100094,100,99893,100,100116,100,99857,100
2019-06-28 09:35:00.000000000,100061,155,100041,155,100064,155,99991,155,100071,155,99937,155,100077,255,99926,155,100081,155,99925,155,100083,100,99919,100,100092,100,99909,100,100093,100,99894,100,100094,100,99893,100,100116,100,99857,100
2019-06-28 09:35:10.000000000,100061,155,100041,155,100064,155,99991,155,100071,155,99937,155,100077,255,99926,155,100081,155,99925,155,100083,100,99919,100,100092,100,99909,100,100093,100,99894,100,100094,100,99893,100,100116,100,99857,100
2019-06-28 09:35:20.000000000,100061,155,100041,155,100064,155,99991,155,100071,155,99937,155,100077,255,99926,155,100081,155,99925,155,100083,100,99919,100,100092,100,99909,100,100093,100,99894,100,100094,100,99893,100,100116,100,99857,100
2019-06-28 09:35:30.000000000,100061,193,100041,193,100064,190,99991,190,100071,190,99937,190,100077,200,99926,100,100081,100,99925,100,100083,100,99919,100,100092,100,99909,100,100093,100,99894,100,100094,100,99893,100,100116,100,99857,100
2019-06-28 09:35:40.000000000,100061,155,100041,155,100064,155,99991,155,100071,155,99937,155,100077,255,99926,155,100081,155,99925,155,100083,100,99919,100,100092,100,99909,100,100093,100,99894,100,100094,100,99893,100,100116,100,99857,100
2019-06-28 09:35:50.000000000,100061,168,100041,168,100064,168,99991,168,100071,168,99937,168,100077,268,99926,168,100081,100,99925,100,100083,100,99919,100,100092,100,99909,100,100093,100,99894,100,100094,100,99893,100,100116,100,99857,100
2019-06-28 09:36:00.000000000,100061,193,100041,193,100064,190,99991,190,100071,190,99937,190,100077,200,99926,100,100081,100,99925,100,100083,100,99919,100,100092,100,99909,100,100093,100,99894,100,100094,100,99893,100,100116,100,99857,100
2019-06-28 09:36:04.544022090,100061,93,100041,193,100064,190,99991,190,100071,190,99937,190,100077,200,99926,100,100081,100,99925,100,100083,100,99919,100,100092,100,99909,100,100093,100,99894,100,100094,100,99893,100,100116,100,99857,100
2019-06-28 09:36:10.000000000,100064,168,100041,168,100071,168,99991,168,100077,268,99937,168,100081,168,99926,168,100083,100,99925,100,100092,100,99919,100,100093,100,99909,100,100094,100,99894,100,100116,100,99893,100,100127,100,99857,100
2019-06-28 09:36:20.000000000,100064,155,100041,155,100071,155,99991,155,100077,255,99937,155,100081,155,99926,155,100083,155,99925,155,100092,100,99919,100,100093,100,99909,100,100094,100,99894,100,100116,100,99893,100,100127,100,99857,100
2019-06-28 09:36:30.000000000,100064,193,100041,193,100071,190,99991,190,100077,290,99937,190,100081,100,99926,100,100083,100,99925,100,100092,100,99919,100,100093,100,99909,100,100094,100,99894,100,100116,100,99893,100,100127,100,99857,100
2019-06-28 09:36:39.431937757,100064,193,100041,193,100071,190,99991,190,100077,290,99937,190,100081,100,99926,100,100083,100,99925,100,100092,100,99919,100,100093,100,99909,100,100094,100,99894,100,100116,100,99893,100,100127,100,99857,100
2019-06-28 09:36:40.000000000,100064,168,100041,168,100071,168,99991,168,100077,268,99937,168,100081,168,99926,168,100083,100,99925,100,100092,100,99919,100,100093,100,99909,100,100094,100,99894,100,100116,100,99893,100,100127,100,99857,100
2019-06-28 09:36:44.968651143,100064,168,100041,168,100071,168,99991,168,100077,268,99937,168,100081,168,99926,168,100083,100,99925,100,100092,100,99919,100,100093,100,99909,100,100094,100,99894,100,100116,100,99893,100,100127,100,99857,100
2019-06-28 09:36:46.360781936,100064,168,100041,68,100071,168,99991,168,100077,268,99937,168,100081,168,99926,168,100083,100,99925,100,100092,100,99919,100,100093,100,99909,100,100094,100,99894,100,100116,100,99893,100,100127,100,99857,100
2019-06-28 09:36:50.000000000,100064,236,99991,236,100071,236,99937,236,100077,200,99926,100,100081,100,99925,100,100083,100,99919,100,100092,100,99909,100,100093,100,99894,100,100094,100,99893,100,100116,100,99857,100,100127,100,,
2019-06-28 09:37:00.000000000,100064,155,99991,155,100071,155,99937,155,100077,255,99926,155,100081,155,99925,155,100083,155,99919,155,100092,100,99909,100,100093,100,99894,100,100094,100,99893,100,100116,100,99857,100,100127,100,,
2019-06-28 09:37:10.000000000,100064,193,99991,193,100071,190,99937,190,100077,290,99926,190,100081,100,99925,100,100083,100,99919,100,100092,100,99909,100,100093,100,99894,100,100094,100,99893,100,100116,100,99857,100,100127,100,,
2019-06-28 09:37:15.996182217,100064,93,99991,193,100071,190,99937,190,100077,290,99926,190,100081,100,99925,100,100083,100,99919,100,100092,100,99909,100,100093,100,99894,100,100094,100,99893,100,100116,100,99857,100,100127,100,,
2019-06-28 09:37:20.000000000,100071,168,99991,168,100077,268,99937,168,100081,168,99926,168,100083,168,99925,168,100092,100,99919,100,100093,100,99909,100,100094,100,99894,100,100116,100,99893,100,100127,100,99857,100,100128,100,,
2019-06-28 09:37:30.000000000,100071,168,99991,168,100077,268,99937,168,100081,168,99926,168,100083,168,99925,168,100092,100,99919,100,100093,100,99909,100,100094,100,99894,100,100116,100,99893,100,100127,100,99857,100,100128,100,,
2019-06-28 09:37:40.000000000,100071,236,99991,236,100077,336,99937,236,100081,100,99926,100,100083,100,99925,100,100092,100,99919,100,100093,100,99909,100,100094,100,99894,100,100116,100,99893,100,100127,100,99857,100,100128,100,,
2019-06-28 09:37:42.499082832,100071,236,99991,236,100077,336,99937,236,100081,100,99926,100,100083,100,99925,100,100092,100,99919,100,100093,100,99909,100,100094,100,99894,100,100116,100,99893,100,100127,100,99857,100,100128,100,,
2019-06-28 09:37:44.645745961,100071,236,99991,236,100077,336,99937,236,100081,100,99926,100,100083,100,99919,100,100092,100,99909,100,100093,100,99894,100,100094,100,99893,100,100116,100,99857,100,100127,100,,,100128,100,,
2019-06-28 09:37:50.000000000,100071,155,99991,155,100077,255,99937,155,100081,155,99926,155,100083,155,99919,155,100092,155,99909,155,100093,100,99894,100,100094,100,99893,100,100116,100,99857,100,100127,100,,,100128,100,,
2019-06-28 09:37:54.283370690,100071,155,100061,100,100077,255,99991,155,100081,155,99937,155,100083,155,99926,155,100092,155,99919,155,100093,100,99909,155,100094,100,99894,100,100116,100,99893,100,100127,100,99857,100,100128,100,,
2019-06-28 09:38:00.000000000,100071,193,100061,193,100077,290,99991,190,100081,190,99937,190,100083,100,99926,100,100092,100,99919,100,100093,100,99909,100,100094,100,99894,100,100116,100,99893,100,100127,100,99857,100,100128,100,,
2019-06-28 09:38:10.000000000,100071,373,100061,373,100077,200,99991,100,100081,100,99937,100,100083,100,99926,100,100092,100,99919,100,100093,100,99909,100,100094,100,99894,100,100116,100,99893,100,100127,100,99857,100,100128,100,,
2019-06-28 09:38:10.983309233,100071,373,100061,373,100077,100,99991,100,100081,100,99937,100,100083,100,99926,100,100092,100,99919,100,100093,100,99909,100,100094,100,99894,100,100116,100,99893,100,100127,100,99857,100,100128,100,,
2019-06-28 09:38:19.390825292,100071,373,100061,273,100077,100,99991,100,100081,100,99937,100,100083,100,99926,100,100092,100,99919,100,100093,100,99909,100,100094,100,99894,100,100116,100,99893,100,100127,100,99857,100,100128,100,,
2019-06-28 09:38:20.000000000,100071,193,99991,193,100077,190,99937,190,100081,190,99926,190,100083,100,99919,100,100092,100,99909,100,100093,100,99894,100,100094,100,99893,100,100116,100,99857,100,100127,100,,,100128,100,,
2019-06-28 09:38:22.247232683,100071,193,99991,193,100077,190,99937,190,100081,190,99926,190,100083,100,99919,100,100092,100,99909,100,100093,100,99894,100,100094,100,99893,100,100116,100,99857,100,100127,100,99176,100,100128,100,,
2019-06-28 09:38:24.582993957,100071,193,99991,193,100077,190,99937,190,100081,190,99926,190,100083,100,99919,100,100092,100,99909,100,100093,100,99894,100,100094,100,99893,100,100116,100,99857,100,100127,100,99176,100,100128,100,99088,100
2019-06-28 09:38:30.000000000,100071,155,99991,155,100077,155,99937,155,100081,155,99926,155,100083,155,99919,155,100092,155,99909,155,100093,100,99894,100,100094,100,99893,100,100116,100,99857,100,100127,100,99176,100,100128,100,99088,100
2019-06-28 09:38:40.000000000,100071,236,99991,236,100077,236,99937,236,100081,100,99926,100,100083,100,99919,100,100092,100,99909,100,100093,100,99894,100,100094,100,99893,100,100116,100,99857,100,100127,100,99176,100,100128,100,99088,100
2019-06-28 09:38:50.000000000,100071,155,99991,155,100077,155,99937,155,100081,155,99926,155,100083,155,99919,155,100092,155,99909,155,100093,100,99894,100,100094,100,99893,100,100116,100,99857,100,100127,100,99176,100,100128,100,99088,100
2019-06-28 09:39:00.000000000,100071,373,99991,373,100077,100,99937,100,100081,100,99926,100,100083,100,99919,100,100092,100,99909,100,100093,100,99894,100,100094,100,99893,100,100116,100,99857,100,100127,100,99176,100,100128,100,99088,100
2019-06-28 09:39:10.000000000,100071,168,99991,168,100077,168,99937,168,100081,168,99926,168,100083,168,99919,168,100092,100,99909,100,100093,100,99894,100,100094,100,99893,100,100116,100,99857,100,100127,100,99176,100,100128,100,99088,100
2019-06-28 09:39:11.810742056,100071,168,99991,168,100077,168,99937,168,100081,168,99928,100,100083,168,99926,168,100092,100,99919,168,100093,100,99894,100,100094,100,99893,100,100116,100,99857,100,100127,100,99176,100,100128,100,99088,100
2019-06-28 09:39:12.643632256,100071,168,99991,168,100077,168,99947,100,100081,168,99937,168,100083,168,99928,100,100093,100,99926,168,100094,100,99919,168,100116,100,99894,100,100127,100,99893,100,100128,100,99857,100,100137,100,99176,100
2019-06-28 09:39:20.000000000,100071,373,99991,373,100077,100,99947,100,100081,100,99937,100,100083,100,99928,100,100093,100,99926,100,100094,100,99919,100,100116,100,99894,100,100127,100,99893,100,100128,100,99857,100,100137,100,99176,100
2019-06-28 09:39:30.000000000,100071,168,99991,168,100077,168,99947,168,100081,168,99937,168,100083,168,99928,168,100093,100,99926,100,100094,100,99919,100,100116,100,99894,100,100127,100,99893,100,100128,100,99857,100,100137,100,99176,100
2019-06-28 09:39:40.000000000,100071,373,99991,373,100077,100,99947,100,100081,100,99937,100,100083,100,99928,100,100093,100,99926,100,100094,100,99919,100,100116,100,99894,100,100127,100,99893,100,100128,100,99857,100,100137,100,99176,100
2019-06-28 09:39:50.000000000,100071,236,99991,236,100077,236,99947,236,100081,100,99937,100,100083,100,99928,100,100093,100,99926,100,100094,100,99919,100,100116,100,99894,100,100127,100,99893,100,100128,100,99857,100,100137,100,99176,100
2019-06-28 09:40:00.000000000,100071,193,99991,193,100077,190,99947,190,100081,190,99937,190,100083,100,99928,100,100093,100,99926,100,100094,100,99919,100,100116,100,99894,100,100127,100,99893,100,100128,100,99857,100,100137,100,99176,100
2019-06-28 09:40:10.000000000,100071,155,99991,155,100077,155,99947,155,100081,155,99937,155,100083,155,99928,155,100093,155,99926,155,100094,100,99919,100,100116,100,99894,100,100127,100,99893,100,100128,100,99857,100,100137,100,99176,100
2019-06-28 09:40:20.000000000,100071,236,99991,236,100077,236,99947,236,100081,100,99937,100,100083,100,99928,100,100093,100,99926,100,100094,100,99919,100,100116,100,99894,100,100127,100,99893,100,100128,100,99857,100,100137,100,99176,100
2019-06-28 09:40:20.857263005,100071,236,99991,236,100077,236,99947,236,100081,100,99937,100,100083,100,99928,100,100093,100,99926,100,100094,100,99919,100,100116,100,99894,100,100127,100,99893,100,100128,100,99857,100,100137,100,99176,100
2019-06-28 09:40:30.000000000,100071,236,99991,236,100077,236,99947,236,100081,100,99937,100,100083,100,99928,100,100093,100,99926,100,100094,100,99919,100,100116,100,99894,100,100127,100,99893,100,100128,100,99857,100,100137,100,99176,100
2019-06-28 09:40:40.000000000,100071,373,99991,373,100077,100,99947,100,100081,100,99937,100,100083,100,99928,100,100093,100,99926,100,100094,100,99919,100,100116,100,99894,100,100127,100,99893,100,100128,100,99857,100,100137,100,99176,100
2019-06-28 09:40:49.402331103,100071,373,99991,373,100077,100,99947,100,100081,100,99937,100,100083,100,99928,100,100093,100,99926,100,100094,100,99919,100,100116,100,99894,100,100127,100,99893,100,100128,100,99857,100,100137,100,99176,100
2019-06-28 09:40:50.000000000,100071,373,99991,373,100077,100,99947,100,100081,100,99937,100,100083,100,99928,100,100093,100,99926,100,100094,100,99919,100,100116,100,99894,100,100127,100,99893,100,100128,100,99857,100,100137,100,99176,100
2019-06-28 09:40:54.788697553,100071,373,99991,373,100077,100,99947,100,100081,100,99937,100,100083,100,99928,100,100093,100,99926,100,100094,100,99919,100,100116,100,99894,100,100127,100,99893,100,100128,100,99857,100,100137,100,99176,100
2019-06-28 09:40:55.904638771,100071,373,100062,100,100077,100,99991,373,100081,100,99947,100,100083,100,99937,100,100093,100,99928,100,100094,100,99926,100,100116,100,99919,100,100127,100,99894,100,100128,100,99893,100,100147,100,99857,100
2019-06-28 09:41:00.000000000,100071,155,100062,155,100077,155,99991,155,100081,155,99947,155,100083,155,99937,155,100093,155,99928,155,100094,100,99926,100,100116,100,99919,100,100127,100,99894,100,100128,100,99893,100,100147,100,99857,100
2019-06-28 09:41:10.000000000,100071,193,100062,193,100077,190,99991,190,100081,190,99947,190,100083,100,99937,100,100093,100,99928,100,100094,100,99926,100,100116,100,99919,100,100127,100,99894,100,100128,100,99893,100,100147,100,99857,100
2019-06-28 09:41:20.000000000,100071,168,100062,168,100077,168,99991,168,100081,168,99947,168,100083,168,99937,168,100093,100,99928,100,100094,100,99926,100,100116,100,99919,100,100127,100,99894,100,100128,100,99893,100,100147,100,99857,100
2019-06-28 09:41:24.548674850,100071,68,100062,168,100077,168,99991,168,100081,168,99947,168,100083,168,99937,168,100093,100,99928,100,100094,100,99926,100,100116,100,99919,100,100127,100,99894,100,100128,100,99893,100,100147,100,99857,100
2019-06-28 09:41:25.794859209,100071,68,100062,168,100077,168,99991,168,100081,168,99947,168,100083,168,99937,168,100093,100,99928,100,100094,100,99926,100,100116,100,99919,100,100127,100,99894,100,100128,100,99893,100,100147,100,99857,100
2019-06-28 09:41:30.000000000,100077,373,100062,373,100081,100,99991,100,100083,100,99947,100,100093,100,99937,100,100094,100,99928,100,100116,100,99926,100,100127,100,99919,100,100128,100,99894,100,100147,100,99893,100,100206,100,99857,100
2019-06-28 09:41:40.000000000,100077,193,100062,193,100081,190,99991,190,100083,190,99947,190,100093,100,99937,100,100094,100,99928,100,100116,100,99926,100,100127,100,99919,100,100128,100,99894,100,100147,100,99893,100,100206,100,99857,100
2019-06-28 09:41:50.000000000,100077,168,100062,168,100081,168,99991,168,100083,168,99947,168,100093,168,99937,168,100094,100,99928,100,100116,100,99926,100,100127,100,99919,100,100128,100,99894,100,100147,100,99893,100,100206,100,99857,100
2019-06-28 09:41:50.026099351,100077,68,100062,168,100081,168,99991,168,100083,68,99947,168,100093,168,99937,168,100094,100,99928,100,100116,100,99926,100,100127,100,99919,100,100128,100,99894,100,100147,100,99893,100,100206,100,99857,100
2019-06-28 09:42:00.000000000,100081,236,100062,236,100093,236,99991,236,100094,100,99947,100,100116,100,99937,100,100127,100,99928,100,100128,100,99926,100,100147,100,99919,100,100206,100,99894,100,100288,100,99893,100,100361,100,99857,100
2019-06-28 09:42:04.554089540,100081,236,100062,236,100093,236,99991,236,100094,100,99947,100,100116,100,99937,100,100127,100,99928,100,100128,100,99926,100,100147,100,99919,100,100206,100,99894,100,100288,100,99893,100,100400,100,99857,100
2019-06-28 09:42:10.000000000,100081,168,100062,168,100093,168,99991,168,100094,168,99947,168,100116,168,99937,168,100127,100,99928,100,100128,100,99926,100,100147,100,99919,100,100206,100,99894,100,100288,100,99893,100,100400,100,99857,100
2019-06-28 09:42:18.672191115,100081,168,100071,100,100093,168,100062,168,100094,168,99991,168,100116,168,99947,168,100127,100,99937,168,100128,100,99928,100,100147,100,99926,100,100206,100,99919,100,100288,100,99894,100,100400,100,99893,100
2019-06-28 09:42:20.000000000,100081,193,100071,193,100093,190,100062,190,100094,190,99991,190,100116,100,99947,100,100127,100,99937,100,100128,100,99928,100,100147,100,99926,100,100206,100,99919,100,100288,100,99894,100,100400,100,99893,100
2019-06-28 09:42:21.261651895,100081,193,100071,193,100093,190,100062,190,100094,190,99991,190,100116,100,99947,100,100127,100,99937,100,100128,100,99928,100,100147,100,99926,100,100206,100,99919,100,100288,100,99894,100,100400,100,99893,100
2019-06-28 09:42:30.000000000,100081,168,100071,168,100093,168,100062,168,100094,168,99991,168,100116,168,99947,168,100127,100,99937,100,100128,100,99928,100,100147,100,99926,100,100206,100,99919,100,100288,100,99894,100,100400,100,99893,100
2019-06-28 09:42:40.000000000,100081,373,100071,373,100093,100,100062,100,100094,100,99991,100,100116,100,99947,100,100127,100,99937,100,100128,100,99928,100,100147,100,99926,100,100206,100,99919,100,100288,100,99894,100,100400,100,99893,100
2019-06-28 09:42:43.908911328,100081,373,100071,373,100093,100,100062,100,100094,100,99991,100,100116,100,99947,100,100127,100,99937,100,100128,100,99928,100,100147,100,99926,100,100206,100,99919,100,100288,100,99894,100,100400,100,99893,100
2019-06-28 09:42:50.000000000,100081,236,100071,236,100093,236,100062,236,100094,100,99991,100,100116,100,99947,100,100127,100,99937,100,100128,100,99928,100,100147,100,99926,100,100206,100,99919,100,100288,100,99894,100,100400,100,99893,100
2019-06-28 09:43:00.000000000,100081,168,100071,168,100093,168,100062,168,100094,168,99991,168,100116,168,99947,168,100127,100,99937,100,100128,100,99928,100,100147,100,99926,100,100206,100,99919,100,100288,100,99894,100,100400,100,99893,100
2019-06-28 09:43:10.000000000,100081,168,100071,168,100093,168,100062,168,100094,168,99991,168,100116,168,99947,168,100127,100,99937,100,100128,100,99928,100,100147,100,99926,100,100206,100,99919,100,100288,100,99894,100,100400,100,99893,100
2019-06-28 09:43:13.494397826,100081,68,100071,168,100093,168,100062,168,100094,68,99991,168,100116,168,99947,168,100127,100,99937,100,100128,100,99928,100,100147,100,99926,100,100206,100,99919,100,100288,100,99894,100,100400,100,99893,100
2019-06-28 09:43:20.000000000,100093,155,100071,155,100116,155,100062,155,100127,155,99991,155,100128,155,99947,155,100147,155,99937,155,100206,100,99928,100,100288,100,99926,100,100400,100,99919,100,100474,100,99894,100,100547,100,99893,100
2019-06-28 09:43:30.000000000,100093,373,100071,373,100116,100,100062,100,100127,100,99991,100,100128,100,99947,100,100147,100,99937,100,100206,100,99928,100,100288,100,99926,100,100400,100,99919,100,100474,100,99894,100,100547,100,99893,100
2019-06-28 09:43:40.000000000,100093,155,100071,155,100116,155,100062,155,100127,155,99991,155,100128,155,99947,155,100147,155,99937,155,100206,100,99928,100,100288,100,99926,100,100400,100,99919,100,100474,100,99894,100,100547,100,99893,100
2019-06-28 09:43:48.799070356,100093,155,100071,155,100116,155,100062,155,100127,155,99991,155,100128,155,99947,155,100147,155,99937,155,100206,100,99928,100,100288,100,99926,100,100400,100,99919,100,100474,100,99894,100,100547,100,99893,100
2019-06-28 09:43:50.000000000,100093,193,100071,193,100116,190,100062,190,100127,190,99991,190,100128,100,99947,100,100147,100,99937,100,100206,100,99928,100,100288,100,99926,100,100400,100,99919,100,100474,100,99894,100,100547,100,99893,100
2019-06-28 09:43:59.039199927,100093,93,100071,193,100116,190,100062,190,100127,190,99991,190,100128,100,99947,100,100147,100,99937,100,100206,100,99928,100,100288,100,99926,100,100400,100,99919,100,100474,100,99894,100,100547,100,99893,100
2019-06-28 09:44:00.000000000,100116,373,100071,373,100127,100,100062,100,100128,100,99991,100,100147,100,99947,100,100206,100,99937,100,100288,100,99928,100,100400,100,99926,100,100474,100,99919,100,100547,100,99894,100,100605,100,99893,100
2019-06-28 09:44:10.000000000,100116,193,100071,193,100127,190,100062,190,100128,190,99991,190,100147,100,99947,100,100206,100,99937,100,100288,100,99928,100,100400,100,99926,100,100474,100,99919,100,100547,100,99894,100,100605,100,99893,100
2019-06-28 09:44:20.000000000,100116,155,100071,155,100127,155,100062,155,100128,155,99991,155,100147,155,99947,155,100206,155,99937,155,100288,100,99928,100,100400,100,99926,100,100474,100,99919,100,100547,100,99894,100,100605,100,99893,100
2019-06-28 09:44:30.000000000,100116,193,100071,193,100127,190,100062,190,100128,190,99991,190,100147,100,99947,100,100206,100,99937,100,100288,100,99928,100,100400,100,99926,100,100474,100,99919,100,100547,100,99894,100,100605,100,99893,100
2019-06-28 09:44:38.990501918,100116,93,100071,193,100127,90,100062,190,100128,190,99991,190,100147,100,99947,100,100206,100,99937,100,100288,100,99928,100,100400,100,99926,100,100474,100,99919,100,100547,100,99894,100,100605,100,99893,100
2019-06-28 09:44:40.000000000,100128,155,100071,155,100147,155,100062,155,100206,155,99991,155,100288,155,99947,155,100400,155,99937,155,100474,100,99928,100,100547,100,99926,100,100605,100,99919,100,100640,100,99894,100,100678,100,99893,100
2019-06-28 09:44:50.000000000,100128,168,100071,168,100147,168,100062,168,100206,168,99991,168,100288,168,99947,168,100400,100,99937,100,100474,100,99928,100,100547,100,99926,100,100605,100,99919,100,100640,100,99894,100,100678,100,99893,100
2019-06-28 09:45:00.000000000,100128,193,100071,193,100147,190,100062,190,100206,190,99991,190,100288,100,99947,100,100400,100,99937,100,100474,100,99928,100,100547,100,99926,100,100605,100,99919,100,100640,100,99894,100,100678,100,99893,100
2019-06-28 09:45:10.000000000,100128,155,100071,155,100147,155,100062,155,100206,155,99991,155,100288,155,99947,155,100400,155,99937,155,100474,100,99928,100,100547,100,99926,100,100605,100,99919,100,100640,100,99894,100,100678,100,99893,100
2019-06-28 09:45:12.566527864,100128,55,100071,155,100147,55,100062,155,100206,155,99991,155,100288,155,99947,155,100400,155,99937,155,100474,100,99928,100,100547,100,99926,100,100605,100,99919,100,100640,100,99894,100,100678,100,99893,100
2019-06-28 09:45:20.000000000,100206,155,100071,155,100288,155,100062,155,100400,155,99991,155,100474,155,99947,155,100547,155,99937,155,100605,100,99928,100,100640,100,99926,100,100678,100,99919,100,100921,100,99894,100,101067,100,99893,100
2019-06-28 09:45:30.000000000,100206,168,100071,168,100288,168,100062,168,100400,168,99991,168,100474,168,99947,168,100547,100,99937,100,100605,100,99928,100,100640,100,99926,100,100678,100,99919,100,100921,100,99894,100,101067,100,99893,100
2019-06-28 09:45:31.821505954,100206,68,100071,168,100288,168,100062,168,100400,168,99991,168,100474,168,99947,168,100547,100,99937,100,100605,100,99928,100,100640,100,99926,100,100678,100,99919,100,100921,100,99894,100,101067,100,99893,100
2019-06-28 09:45:33.236940956,100206,68,100071,168,100288,168,100062,168,100400,168,99991,168,100474,168,99947,168,100547,100,99937,100,100605,100,99928,100,100640,100,99926,100,100678,100,99919,100,100921,100,99894,100,101067,100,99893,100
2019-06-28 09:45:36.356091777,100206,68,100071,168,100288,168,100062,168,100400,168,99991,168,100474,68,99947,168,100547,100,99937,100,100605,100,99928,100,100640,100,99926,100,100678,100,99919,100,100921,100,99894,100,101067,100,99893,100
2019-06-28 09:45:40.000000000,100288,168,100071,168,100400,168,100062,168,100547,168,99991,168,100605,168,99947,168,100640,100,99937,100,100678,100,99928,100,100921,100,99926,100,101067,100,99919,100,101427,100,99894,100,101475,100,99893,100
2019-06-28 09:45:50.000000000,100288,155,100071,155,100400,155,100062,155,100547,155,99991,155,100605,155,99947,155,100640,155,99937,155,100678,100,99928,100,100921,100,99926,100,101067,100,99919,100,101427,100,99894,100,101475,100,99893,100
2019-06-28 09:46:00.000000000,100288,193,100071,193,100400,190,100062,190,100547,190,99991,190,100605,100,99947,100,100640,100,99937,100,100678,100,99928,100,100921,100,99926,100,101067,100,99919,100,101427,100,99894,100,101475,100,99893,100
2019-06-28 09:46:05.317660498,100288,93,100071,193,100400,190,100062,190,100547,190,99991,190,100605,100,99947,100,100640,100,99937,100,100678,100,99928,100,100921,100,99926,100,101067,100,99919,100,101427,100,99894,100,101475,100,99893,100
2019-06-28 09:46:10.000000000,100400,155,100071,155,100547,155,100062,155,100605,155,99991,155,100640,155,99947,155,100678,155,99937,155,100921,100,99928,100,101067,100,99926,100,101427,100,99919,100,101475,100,99894,100,101576,100,99893,100
2019-06-28 09:46:20.000000000,100400,373,100071,373,100547,100,100062,100,100605,100,99991,100,100640,100,99947,100,100678,100,99937,100,100921,100,99928,100,101067,100,99926,100,101427,100,99919,100,101475,100,99894,100,101576,100,99893,100
2019-06-28 09:46:30.000000000,100400,373,100071,373,100547,100,100062,100,100605,100,99991,100,100640,100,99947,100,100678,100,99937,100,100921,100,99928,100,101067,100,99926,100,101427,100,99919,100,101475,100,99894,100,101576,100,99893,100
2019-06-28 09:46:40.000000000,100400,168,100071,168,100547,168,100062,168,100605,168,99991,168,100640,168,99947,168,100678,100,99937,100,100921,100,99928,100,101067,100,99926,100,101427,100,99919,100,101475,100,99894,100,101576,100,99893,100
2019-06-28 09:46:50.000000000,100400,193,100071,193,100547,190,100062,190,100605,190,99991,190,100640,100,99947,100,100678,100,99937,100,100921,100,99928,100,101067,100,99926,100,101427,100,99919,100,101475,100,99894,100,101576,100,99893,100
2019-06-28 09:47:00.000000000,100400,373,100071,373,100547,100,100062,100,100605,100,99991,100,100640,100,99947,100,100678,100,99937,100,100921,100,99928,100,101067,100,99926,100,101427,100,99919,100,101475,100,99894,100,101576,100,99893,100
2019-06-28 09:47:10.000000000,100400,168,100071,168,100547,168,100062,168,100605,168,99991,168,100640,168,99947,168,100678,100,99937,100,100921,100,99928,100,101067,100,99926,100,101427,100,99919,100,101475,100,99894,100,101576,100,99893,100
2019-06-28 09:47:20.000000000,100400,155,100071,155,100547,155,100062,155,100605,155,99991,155,100640,155,99947,155,100678,155,99937,155,100921,100,99928,100,101067,100,99926,100,101427,100,99919,100,101475,100,99894,100,101576,100,99893,100
2019-06-28 09:47:29.416304932,100400,155,100206,100,100547,155,100071,155,100605,155,100062,155,100640,155,99991,155,100678,155,99947,155,100921,100,99937,155,101067,100,99928,100,101427,100,99926,100,101475,100,99894,100,101576,100,99893,100
2019-06-28 09:47:30.000000000,100400,373,100206,373,100547,100,100071,100,100605,100,100062,100,100640,100,99991,100,100678,100,99947,100,100921,100,99937,100,101067,100,99928,100,101427,100,99926,100,101475,100,99894,100,101576,100,99893,100
2019-06-28 09:47:30.099476495,100400,373,100206,373,100547,100,100071,100,100605,100,100062,100,100640,100,99991,100,100678,100,99937,100,100921,100,99928,100,101067,100,99926,100,101427,100,99894,100,101475,100,99893,100,101576,100,99857,100
2019-06-28 09:47:30.502421850,100400,273,100206,373,100547,100,100071,100,100605,100,100062,100,100640,100,99991,100,100678,100,99937,100,100921,100,99928,100,101067,100,99926,100,101427,100,99894,100,101475,100,99893,100,101576,100,99857,100
2019-06-28 09:47:40.000000000,100547,373,100206,373,100605,100,100071,100,100640,100,100062,100,100678,100,99991,100,100921,100,99937,100,101067,100,99928,100,101427,100,99926,100,101475,100,99894,100,101576,100,99893,100,101724,100,99857,100
2019-06-28 09:47:40.321600048,100547,373,100206,373,100605,100,100071,100,100640,100,100062,100,100678,100,99991,100,100921,100,99937,100,101067,100,99928,100,101427,100,99926,100,101475,100,99894,100,101576,100,99893,100,101724,100,99176,100
2019-06-28 09:47:45.005114581,100547,373,100288,100,100605,100,100206,373,100640,100,100071,100,100678,100,99991,100,100921,100,99937,100,101067,100,99928,100,101427,100,99926,100,101475,100,99894,100,101576,100,99893,100,101724,100,99176,100
2019-06-28 09:47:50.000000000,100547,168,100288,168,100605,168,100206,168,100640,168,100071,168,100678,168,99991,168,100921,100,99937,100,101067,100,99928,100,101427,100,99926,100,101475,100,99894,100,101576,100,99893,100,101724,100,99176,100
2019-06-28 09:47:54.160419764,100547,168,100288,168,100605,168,100206,168,100640,168,100071,168,100678,168,99991,168,100921,100,99937,100,101067,100,99928,100,101427,100,99926,100,101475,100,99894,100,101576,100,99893,100,101587,100,99176,100
2019-06-28 09:48:00.000000000,100547,373,100288,373,100605,100,100206,100,100640,100,100071,100,100678,100,99991,100,100921,100,99937,100,101067,100,99928,100,101427,100,99926,100,101475,100,99894,100,101576,100,99893,100,101587,100,99176,100
2019-06-28 09:48:02.855654950,100547,373,100288,273,100605,100,100206,100,100640,100,100071,100,100678,100,99991,100,100921,100,99937,100,101067,100,99928,100,101427,100,99926,100,101475,100,99894,100,101576,100,99893,100,101587,100,99176,100
2019-06-28 09:48:10.000000000,100547,155,100206,155,100605,155,100071,155,100640,155,99991,155,100678,155,99937,155,100921,155,99928,155,101067,100,99926,100,101427,100,99894,100,101475,100,99893,100,101576,100,99176,100,101587,100,99088,100
2019-06-28 09:48:11.084836540,100547,55,100206,155,100605,155,100071,155,100640,155,99991,155,100678,155,99937,155,100921,155,99928,155,101067,100,99926,100,101427,100,99894,100,101475,100,99893,100,101576,100,99176,100,101587,100,99088,100
2019-06-28 09:48:20.000000000,100605,155,100206,155,100640,155,100071,155,100678,155,99991,155,100921,155,99937,155,101067,155,99928,155,101427,100,99926,100,101475,100,99894,100,101576,100,99893,100,101587,100,99176,100,101804,100,99088,100
2019-06-28 09:48:23.385494486,100605,155,100400,100,100640,155,100206,155,100678,155,100071,155,100921,155,99991,155,101067,155,99937,155,101427,100,99928,155,101475,100,99926,100,101576,100,99894,100,101587,100,99893,100,101804,100,99176,100
2019-06-28 09:48:23.946012882,100605,55,100400,100,100640,155,100206,155,100678,155,100071,155,100921,155,99991,155,101067,55,99937,155,101427,100,99928,155,101475,100,99926,100,101576,100,99894,100,101587,100,99893,100,101804,100,99176,100
2019-06-28 09:48:24.769004009,100640,155,100605,45,100678,155,100400,100,100921,155,100206,155,101067,55,100071,155,101427,100,99991,155,101475,100,99937,155,101576,100,99928,155,101587,100,99926,100,101804,100,99894,100,102024,100,99893,100
2019-06-28 09:48:30.000000000,100640,236,100605,181,100678,236,100400,236,100921,100,100206,100,101427,100,100071,100,101475,100,99991,100,101576,100,99937,100,101587,100,99928,100,101804,100,99926,100,102024,100,99894,100,,,99893,100
2019-06-28 09:48:38.986243905,100640,136,100605,181,100678,236,100400,236,100921,100,100206,100,101427,100,100071,100,101475,100,99991,100,101576,100,99937,100,101587,100,99928,100,101804,100,99926,100,102024,100,99894,100,,,99893,100
2019-06-28 09:48:40.000000000,100678,236,100605,181,100921,236,100400,236,101427,100,100206,100,101475,100,100071,100,101576,100,99991,100,101587,100,99937,100,101804,100,99928,100,102024,100,99926,100,,,99894,100,,,99893,100
2019-06-28 09:48:50.000000000,100678,155,100605,100,100921,155,100400,155,101427,155,100206,155,101475,155,100071,155,101576,155,99991,155,101587,100,99937,100,101804,100,99928,100,102024,100,99926,100,,,99894,100,,,99893,100
2019-06-28 09:48:54.334801495,100678,155,100605,100,100921,155,100400,155,101427,155,100206,155,101475,155,100071,55,101576,155,99991,155,101587,100,99937,100,101804,100,99928,100,102024,100,99926,100,,,99894,100,,,99893,100
2019-06-28 09:49:00.000000000,100678,236,100605,181,100921,236,100400,236,101427,100,100206,100,101475,100,99991,100,101576,100,99937,100,101587,100,99928,100,101804,100,99926,100,102024,100,99894,100,,,99893,100,,,99176,100
2019-06-28 09:49:06.210269208,100678,136,100605,181,100921,236,100400,236,101427,100,100206,100,101475,100,99991,100,101576,100,99937,100,101587,100,99928,100,101804,100,99926,100,102024,100,99894,100,,,99893,100,,,99176,100
2019-06-28 09:49:10.000000000,100921,155,100605,100,101427,155,100400,155,101475,155,100206,155,101576,155,99991,155,101587,155,99937,155,101804,100,99928,100,102024,100,99926,100,,,99894,100,,,99893,100,,,99176,100
2019-06-28 09:49:20.000000000,100921,155,100605,100,101427,155,100400,155,101475,155,100206,155,101576,155,99991,155,101587,155,99937,155,101804,100,99928,100,102024,100,99926,100,,,99894,100,,,99893,100,,,99176,100
2019-06-28 09:49:22.738843559,100921,155,100605,100,101427,155,100400,155,101475,155,100206,155,101576,155,99991,55,101587,155,99937,155,101762,100,99928,100,101804,100,99926,100,102024,100,99894,100,,,99893,100,,,99176,100
2019-06-28 09:49:28.432269329,100921,155,100605,100,101427,155,100400,155,101475,155,100206,155,101576,155,99991,55,101587,155,99937,155,101697,100,99928,100,101762,100,99926,100,101804,100,99894,100,102024,100,99893,100,,,99176,100
2019-06-28 09:49:30.000000000,100921,193,100605,138,101427,190,100400,190,101475,190,100206,190,101576,100,99937,100,101587,100,99928,100,101697,100,99926,100,101762,100,99894,100,101804,100,99893,100,102024,100,99176,100,,,99088,100
2019-06-28 09:49:34.247727578,100921,193,100605,138,101427,190,100400,190,101475,190,100206,190,101576,100,99937,100,101587,100,99928,100,101677,100,99926,100,101697,100,99894,100,101762,100,99893,100,101804,100,99176,100,102024,100,,
2019-06-28 09:49:40.000000000,100921,168,100605,113,101427,168,100400,168,101475,168,100206,168,101576,168,99937,168,101587,100,99928,100,101677,100,99926,100,101697,100,99894,100,101762,100,99893,100,101804,100,99176,100,102024,100,,
2019-06-28 09:49:40.418261757,100921,168,100640,100,101427,168,100605,113,101475,168,100400,168,101576,168,100206,168,101587,100,99937,168,101677,100,99928,100,101697,100,99926,100,101762,100,99894,100,101804,100,99893,100,102024,100,99176,100
2019-06-28 09:49:40.906434058,100921,68,100640,100,101427,168,100605,113,101475,168,100400,168,101576,168,100206,168,101587,100,99937,68,101677,100,99928,100,101697,100,99926,100,101762,100,99894,100,101804,100,99893,100,102024,100,99176,100
2019-06-28 09:49:45.137617921,100921,68,100640,100,101427,168,100605,113,101475,168,100400,168,101576,168,100206,168,101587,100,99937,68,101677,100,99928,100,101697,100,99926,100,101762,100,99894,100,101804,100,99893,100,101999,100,99176,100
2019-06-28 09:49:45.879733969,100921,68,100640,100,101427,168,100605,113,101475,168,100400,68,101576,168,100206,168,101587,100,99937,68,101677,100,99928,100,101697,100,99926,100,101762,100,99894,100,101804,100,99893,100,101999,100,99176,100
2019-06-28 09:49:50.000000000,101427,168,100640,168,101475,168,100605,113,101576,168,100206,168,101587,168,99928,168,101677,100,99926,100,101697,100,99894,100,101762,100,99893,100,101804,100,99176,100,101999,100,,,102024,100,,
2019-06-28 09:49:59.657137286,101427,168,100640,168,101475,168,100605,113,101576,168,100206,168,101587,168,99928,168,101677,100,99926,100,101697,100,99894,100,101762,100,99893,100,101767,100,99176,100,101804,100,,,101999,100,,
2019-06-28 09:50:00.000000000,101427,155,100640,155,101475,155,100605,100,101576,155,100206,155,101587,155,99928,155,101677,155,99926,155,101697,100,99894,100,101762,100,99893,100,101767,100,99176,100,101804,100,,,101999,100,,
2019-06-28 09:50:10.000000000,101427,193,100640,193,101475,190,100605,135,101576,190,100206,190,101587,100,99928,100,101677,100,99926,100,101697,100,99894,100,101762,100,99893,100,101767,100,99176,100,101804,100,,,101999,100,,
2019-06-28 09:50:18.500018379,101427,193,100640,193,101475,190,100605,135,101576,190,100206,190,101587,100,99928,100,101677,100,99926,100,101697,100,99894,100,101762,100,99893,100,101767,100,99176,100,101804,100,,,101999,100,,
2019-06-28 09:50:20.000000000,101427,155,100640,155,101475,155,100605,100,101576,155,100206,155,101587,155,99928,155,101677,155,99926,155,101697,100,99894,100,101762,100,99893,100,101767,100,99176,100,101804,100,,,101999,100,,
2019-06-28 09:50:28.233293122,101427,55,100640,155,101475,155,100605,100,101576,155,100206,155,101587,155,99928,155,101677,155,99926,155,101697,100,99894,100,101762,100,99893,100,101767,100,99176,100,101804,100,,,101999,100,,
2019-06-28 09:50:30.000000000,101475,236,100640,236,101576,236,100605,181,101587,100,100206,100,101677,100,99928,100,101697,100,99926,100,101762,100,99894,100,101767,100,99893,100,101804,100,99176,100,101999,100,,,102024,100,,
2019-06-28 09:50:40.000000000,101475,155,100640,155,101576,155,100605,100,101587,155,100206,155,101677,155,99928,155,101697,155,99926,155,101762,100,99894,100,101767,100,99893,100,101804,100,99176,100,101999,100,,,102024,100,,
2019-06-28 09:50:41.427957314,101475,155,100921,100,101576,155,100640,155,101587,155,100605,100,101677,155,100206,155,101697,155,99928,155,101762,100,99926,155,101767,100,99894,100,101804,100,99893,100,101999,100,99176,100,102024,100,,
2019-06-28 09:50:50.000000000,101475,168,100921,168,101576,168,100640,168,101587,168,100605,113,101677,168,100206,168,101697,100,99928,100,101762,100,99926,100,101767,100,99894,100,101804,100,99893,100,101999,100,99176,100,102024,100,,
2019-06-28 09:50:57.075837133,101475,168,100921,168,101576,168,100640,168,101587,168,100605,113,101677,168,100206,168,101697,100,99928,100,101767,100,99926,100,101798,100,99894,100,101804,100,99893,100,101999,100,99176,100,102024,100,,
2019-06-28 09:51:00.000000000,101475,236,100921,236,101576,236,100640,236,101587,100,100605,45,101677,100,100206,100,101697,100,99928,100,101767,100,99926,100,101798,100,99894,100,101804,100,99893,100,101999,100,99176,100,102024,100,,
2019-06-28 09:51:02.699585857,101475,136,100921,236,101576,236,100640,236,101587,100,100605,45,101677,100,100206,100,101697,100,99928,100,101767,100,99926,100,101798,100,99894,100,101804,100,99893,100,101999,100,99176,100,102024,100,,
2019-06-28 09:51:06.543196416,101475,136,100921,236,101576,236,100640,236,101587,100,100605,45,101677,100,100206,100,101697,100,99928,100,101767,200,99926,100,101798,100,99894,100,101804,100,99893,100,101999,100,,,102024,100,,
2019-06-28 09:51:10.000000000,101576,236,100921,236,101587,236,100640,236,101677,100,100605,45,101697,100,100206,100,101767,200,99928,100,101798,100,99926,100,101804,100,99894,100,101999,100,99893,100,102024,100,,,102141,100,,
2019-06-28 09:51:20.000000000,101576,373,100921,373,101587,100,100640,100,101677,100,100605,45,101697,100,100206,100,101767,200,99928,100,101798,100,99926,100,101804,100,99894,100,101999,100,99893,100,102024,100,,,102141,100,,
2019-06-28 09:51:20.074754950,101576,373,101427,100,101587,100,100921,373,101677,100,100640,100,101697,100,100605,45,101767,200,100206,100,101798,100,99928,100,101804,100,99926,100,101999,100,99894,100,102024,100,99893,100,102141,100,,
2019-06-28 09:51:27.723791805,101474,100,101427,100,101576,373,100921,373,101587,100,100640,100,101677,100,100605,45,101697,100,100206,100,101767,200,99928,100,101798,100,99926,100,101804,100,99894,100,101999,100,99893,100,102024,100,,
2019-06-28 09:51:30.000000000,101474,193,101427,193,101576,190,100921,190,101587,190,100640,190,101677,100,100605,45,101697,100,100206,100,101767,200,99928,100,101798,100,99926,100,101804,100,99894,100,101999,100,99893,100,102024,100,,
2019-06-28 09:51:40.000000000,101474,168,101427,168,101576,168,100921,168,101587,168,100640,168,101677,168,100605,113,101697,100,100206,100,101767,200,99928,100,101798,100,99926,100,101804,100,99894,100,101999,100,99893,100,102024,100,,
2019-06-28 09:51:44.372986847,101474,168,101427,68,101576,168,100921,168,101587,168,100640,168,101677,168,100605,113,101697,100,100206,100,101767,200,99928,100,101798,100,99926,100,101804,100,99894,100,101999,100,99893,100,102024,100,,
2019-06-28 09:51:44.486064836,101474,168,101427,68,101509,100,100921,168,101576,168,100640,168,101587,168,100605,113,101677,168,100206,100,101697,100,99928,100,101767,200,99926,100,101798,100,99894,100,101804,100,99893,100,101999,100,,
2019-06-28 09:51:50.000000000,101474,373,100921,373,101509,100,100640,100,101576,100,100605,45,101587,100,100206,100,101677,100,99928,100,101697,100,99926,100,101767,200,99894,100,101798,100,99893,100,101804,100,,,101999,100,,
2019-06-28 09:52:00.000000000,101474,168,100921,168,101509,168,100640,168,101576,168,100605,113,101587,168,100206,168,101677,100,99928,100,101697,100,99926,100,101767,200,99894,100,101798,100,99893,100,101804,100,,,101999,100,,
2019-06-28 09:52:06.825552164,101306,100,100921,168,101474,168,100640,168,101509,168,100605,113,101576,168,100206,168,101587,168,99928,100,101677,100,99926,100,101697,100,99894,100,101767,200,99893,100,101798,100,,,101804,100,,
2019-06-28 09:52:10.000000000,101306,168,100921,168,101474,168,100640,168,101509,168,100605,113,101576,168,100206,168,101587,100,99928,100,101677,100,99926,100,101697,100,99894,100,101767,200,99893,100,101798,100,,,101804,100,,
2019-06-28 09:52:15.316723083,101306,168,100921,168,101474,168,100640,168,101509,168,100605,113,101576,168,100206,68,101587,100,99928,100,101677,100,99926,100,101697,100,99894,100,101767,200,99893,100,101798,100,,,101804,100,,
2019-06-28 09:52:20.000000000,101306,193,100921,193,101474,190,100640,190,101509,190,100605,135,101576,100,99928,100,101587,100,99926,100,101677,100,99894,100,101697,100,99893,100,101767,200,,,101798,100,,,101804,100,,
2019-06-28 09:52:30.000000000,101306,155,100921,155,101474,155,100640,155,101509,155,100605,100,101576,155,99928,155,101587,155,99926,155,101677,100,99894,100,101697,100,99893,100,101767,200,,,101798,100,,,101804,100,,
2019-06-28 09:52:40.000000000,101306,236,100921,236,101474,236,100640,236,101509,100,100605,45,101576,100,99928,100,101587,100,99926,100,101677,100,99894,100,101697,100,99893,100,101767,200,,,101798,100,,,101804,100,,
2019-06-28 09:52:50.000000000,101306,236,100921,236,101474,236,100640,236,101509,100,100605,45,101576,100,99928,100,101587,100,99926,100,101677,100,99894,100,101697,100,99893,100,101767,200,,,101798,100,,,101804,100,,
2019-06-28 09:53:00.000000000,101306,373,100921,373,101474,100,100640,100,101509,100,100605,45,101576,100,99928,100,101587,100,99926,100,101677,100,99894,100,101697,100,99893,100,101767,200,,,101798,100,,,101804,100,,
2019-06-28 09:53:10.000000000,101306,193,100921,193,101474,190,100640,190,101509,190,100605,135,101576,100,99928,100,101587,100,99926,100,101677,100,99894,100,101697,100,99893,100,101767,200,,,101798,100,,,101804,100,,
2019-06-28 09:53:15.878423590,101306,193,100921,193,101474,190,100640,190,101509,190,100605,135,101576,100,100522,100,101587,100,99926,100,101677,100,99894,100,101697,100,99893,100,101767,200,,,101798,100,,,101804,100,,
2019-06-28 09:53:18.926089379,101306,193,100921,193,101474,190,100640,190,101509,190,100605,135,101576,100,100522,100,101587,100,100506,100,101677,100,99926,100,101697,100,99894,100,101767,200,99893,100,101798,100,,,101804,100,,
2019-06-28 09:53:20.000000000,101306,168,100921,168,101474,168,100640,168,101509,168,100605,113,101576,168,100522,168,101587,100,100506,100,101677,100,99926,100,101697,100,99894,100,101767,200,99893,100,101798,100,,,101804,100,,
2019-06-28 09:53:28.581567224,101306,168,100921,168,101474,168,100673,100,101509,168,100640,168,101576,168,100605,113,101587,100,100522,168,101677,100,100506,100,101697,100,99926,100,101767,200,99894,100,101798,100,99893,100,101804,100,,
2019-06-28 09:53:30.000000000,101306,193,100921,193,101474,190,100673,190,101509,190,100640,190,101576,100,100605,45,101587,100,100522,100,101677,100,100506,100,101697,100,99926,100,101767,200,99894,100,101798,100,99893,100,101804,100,,
2019-06-28 09:53:40.000000000,101306,193,100921,193,101474,190,100673,190,101509,190,100640,190,101576,100,100605,45,101587,100,100522,100,101677,100,100506,100,101697,100,99926,100,101767,200,99894,100,101798,100,99893,100,101804,100,,
2019-06-28 09:53:50.000000000,101306,193,100921,193,101474,190,100673,190,101509,190,100640,190,101576,100,100605,45,101587,100,100522,100,101677,100,100506,100,101697,100,99926,100,101767,200,99894,100,101798,100,99893,100,101804,100,,
2019-06-28 09:53:50.632457579,101306,193,100921,193,101474,190,100673,190,101509,190,100640,190,101576,100,100605,45,101587,100,100529,100,101677,100,100522,100,101697,100,100506,100,101767,200,99926,100,101798,100,99894,100,101804,100,99893,100
2019-06-28 09:53:59.136724435,101306,193,100921,93,101474,190,100673,190,101509,190,100640,190,101576,100,100605,45,101587,100,100529,100,101677,100,100522,100,101697,100,100506,100,101767,200,99926,100,101798,100,99894,100,101999,100,99893,100
2019-06-28 09:54:00.000000000,101306,373,100673,373,101474,100,100640,100,101509,100,100605,45,101576,100,100529,100,101587,100,100522,100,101677,100,100506,100,101697,100,99926,100,101767,200,99894,100,101798,100,99893,100,101999,100,,
2019-06-28 09:54:10.000000000,101306,193,100673,193,101474,190,100640,190,101509,190,100605,135,101576,100,100529,100,101587,100,100522,100,101677,100,100506,100,101697,100,99926,100,101767,200,99894,100,101798,100,99893,100,101999,100,,
2019-06-28 09:54:20.000000000,101306,193,100673,193,101474,190,100640,190,101509,190,100605,135,101576,100,100529,100,101587,100,100522,100,101677,100,100506,100,101697,100,99926,100,101767,200,99894,100,101798,100,99893,100,101999,100,,
2019-06-28 09:54:21.528302421,101305,100,100673,193,101306,193,100640,190,101474,190,100605,135,101509,190,100529,100,101576,100,100522,100,101587,100,100506,100,101677,100,99926,100,101697,100,99894,100,101767,200,99893,100,101798,100,,
2019-06-28 09:54:25.515952969,101305,100,100673,93,101306,193,100640,190,101474,190,100605,135,101509,190,100529,100,101576,100,100522,100,101587,100,100506,100,101677,100,99926,100,101697,100,99894,100,101767,200,99893,100,101798,100,,
2019-06-28 09:54:30.000000000,101305,373,100640,373,101306,100,100605,45,101474,100,100529,100,101509,100,100522,100,101576,100,100506,100,101587,100,99926,100,101677,100,99894,100,101697,100,99893,100,101767,200,,,101798,100,,
2019-06-28 09:54:40.000000000,101305,193,100640,193,101306,190,100605,135,101474,190,100529,190,101509,100,100522,100,101576,100,100506,100,101587,100,99926,100,101677,100,99894,100,101697,100,99893,100,101767,200,,,101798,100,,
2019-06-28 09:54:44.439615798,101305,193,100735,100,101306,190,100640,193,101474,190,100605,135,101509,100,100529,190,101576,100,100522,100,101587,100,100506,100,101677,100,99926,100,101697,100,99894,100,101767,200,99893,100,101798,100,,
2019-06-28 09:54:50.000000000,101305,168,100735,168,101306,168,100640,168,101474,168,100605,113,101509,168,100529,168,101576,100,100522,100,101587,100,100506,100,101677,100,99926,100,101697,100,99894,100,101767,200,99893,100,101798,100,,
2019-06-28 09:55:00.000000000,101305,168,100735,168,101306,168,100640,168,101474,168,100605,113,101509,168,100529,168,101576,100,100522,100,101587,100,100506,100,101677,100,99926,100,101697,100,99894,100,101767,200,99893,100,101798,100,,
2019-06-28 09:55:06.506179484,101287,100,100735,168,101305,168,100640,168,101306,168,100605,113,101474,168,100529,168,101509,168,100522,100,101576,100,100506,100,101587,100,99894,100,101677,100,99893,100,101697,100,,,101767,200,,
2019-06-28 09:55:10.000000000,101287,373,100735,373,101305,100,100640,100,101306,100,100605,45,101474,100,100529,100,101509,100,100522,100,101576,100,100506,100,101587,100,99894,100,101677,100,99893,100,101697,100,,,101767,200,,
2019-06-28 09:55:20.000000000,101287,236,100735,236,101305,236,100640,236,101306,100,100605,45,101474,100,100529,100,101509,100,100522,100,101576,100,100506,100,101587,100,99894,100,101677,100,99893,100,101697,100,,,101767,200,,
2019-06-28 09:55:30.000000000,101287,373,100735,373,101305,100,100640,100,101306,100,100605,45,101474,100,100529,100,101509,100,100522,100,101576,100,100506,100,101587,100,99894,100,101677,100,99893,100,101697,100,,,101767,200,,
2019-06-28 09:55:34.865175157,101287,373,101048,100,101305,100,100735,373,101306,100,100640,100,101474,100,100605,45,101509,100,100529,100,101576,100,100522,100,101587,100,100506,100,101677,100,99894,100,101697,100,99893,100,101767,200,,
2019-06-28 09:55:40.000000000,101287,236,101048,236,101305,236,100735,236,101306,100,100640,100,101474,100,100605,45,101509,100,100529,100,101576,100,100522,100,101587,100,100506,100,101677,100,99894,100,101697,100,99893,100,101767,200,,
2019-06-28 09:55:50.000000000,101287,193,101048,193,101305,190,100735,190,101306,190,100640,190,101474,100,100605,45,101509,100,100529,100,101576,100,100522,100,101587,100,100506,100,101677,100,99894,100,101697,100,99893,100,101767,200,,
2019-06-28 09:55:50.333498078,101287,193,101048,93,101305,190,100735,190,101306,190,100640,190,101474,100,100605,45,101509,100,100529,100,101587,100,100522,100,101677,100,100506,100,101697,100,99894,100,101767,200,99893,100,101798,100,,
2019-06-28 09:56:00.000000000,101287,168,100735,168,101305,168,100640,168,101306,168,100605,113,101474,168,100529,168,101509,100,100522,100,101587,100,100506,100,101677,100,99894,100,101697,100,99893,100,101767,200,,,101798,100,,
2019-06-28 09:56:02.111904112,101287,168,100735,168,101305,168,100640,168,101306,168,100616,100,101474,168,100605,113,101509,100,100529,168,101587,100,100522,100,101677,100,100506,100,101697,100,99894,100,101767,200,99893,100,101798,100,,
2019-06-28 09:56:04.763001394,101287,68,100735,168,101305,168,100640,168,101306,168,100616,100,101474,168,100605,113,101509,100,100529,168,101587,100,100522,100,101677,100,100506,100,101697,100,100462,100,101767,200,99894,100,101798,100,99893,100
2019-06-28 09:56:06.081912218,101287,68,100735,68,101305,168,100640,168,101306,168,100616,100,101474,168,100605,113,101509,100,100529,168,101587,100,100522,100,101677,100,100506,100,101697,100,100462,100,101767,100,99894,100,101798,100,99893,100
2019-06-28 09:56:10.000000000,101305,168,100640,168,101306,168,100616,168,101474,168,100605,113,101509,168,100529,168,101587,100,100522,100,101677,100,100506,100,101697,100,100462,100,101767,100,99894,100,101798,100,99893,100,101999,100,,
2019-06-28 09:56:11.562851348,101305,168,100640,68,101306,168,100616,168,101474,168,100605,113,101509,168,100529,168,101587,100,100522,100,101677,100,100506,100,101697,100,100462,100,101767,100,99894,100,101798,100,99893,100,101999,100,,
2019-06-28 09:56:17.150563367,100735,100,100640,68,101305,168,100616,168,101306,168,100605,113,101474,168,100529,168,101509,168,100522,100,101587,100,100506,100,101677,100,100462,100,101697,100,99894,100,101767,100,99893,100,101798,100,,
2019-06-28 09:56:20.000000000,100735,373,100616,373,101305,100,100605,45,101306,100,100529,100,101474,100,100522,100,101509,100,100506,100,101587,100,100462,100,101677,100,99894,100,101697,100,99893,100,101767,100,,,101798,100,,
2019-06-28 09:56:20.871195649,100735,373,100616,273,101305,100,100605,45,101306,100,100529,100,101474,100,100522,100,101509,100,100506,100,101587,100,100462,100,101677,100,99894,100,101697,100,99893,100,101767,100,,,101798,100,,
2019-06-28 09:56:21.520306251,100697,100,100616,273,100735,373,100605,45,101305,100,100529,100,101306,100,100522,100,101474,100,100506,100,101509,100,100462,100,101587,100,99894,100,101677,100,99893,100,101697,100,,,101767,100,,
2019-06-28 09:56:30.000000000,100697,236,100605,181,100735,236,100529,236,101305,100,100522,100,101306,100,100506,100,101474,100,100462,100,101509,100,99894,100,101587,100,99893,100,101677,100,,,101697,100,,,101767,100,,
2019-06-28 09:56:38.625815157,100697,236,100605,181,100735,236,100529,236,101305,100,100522,100,101306,100,100506,100,101474,100,100462,100,101509,100,100442,100,101587,100,99894,100,101677,100,99893,100,101697,100,,,101767,100,,
2019-06-28 09:56:40.000000000,100697,168,100605,113,100735,168,100529,168,101305,168,100522,168,101306,168,100506,168,101474,100,100462,100,101509,100,100442,100,101587,100,99894,100,101677,100,99893,100,101697,100,,,101767,100,,
2019-06-28 09:56:40.033047885,100697,168,100605,13,100735,168,100529,168,101305,168,100522,68,101306,168,100506,168,101474,100,100462,100,101509,100,100442,100,101587,100,99894,100,101677,100,99893,100,101697,100,,,101767,100,,
2019-06-28 09:56:40.180352658,100605,87,100529,168,100697,168,100522,68,100735,168,100506,168,101305,168,100462,100,101306,168,100442,100,101474,100,99894,100,101509,100,99893,100,101587,100,,,101677,100,,,101697,100,,
2019-06-28 09:56:47.073739353,100605,87,100529,168,100697,168,100522,68,100735,168,100506,168,100765,100,100462,100,101305,168,100442,100,101306,168,99894,100,101474,100,99893,100,101509,100,,,101587,100,,,101677,100,,
2019-06-28 09:56:50.000000000,100605,360,100529,373,100697,100,100506,100,100735,100,100462,100,100765,100,100442,100,101305,100,99894,100,101306,100,99893,100,101474,100,,,101509,100,,,101587,100,,,101677,100,,
2019-06-28 09:56:50.855524065,100605,360,100529,273,100697,100,100506,100,100735,100,100462,100,100765,100,100442,100,101305,100,99894,100,101474,100,99893,100,101509,100,,,101587,100,,,101677,100,,,101697,100,,
2019-06-28 09:57:00.000000000,100605,360,100506,373,100697,100,100462,100,100735,100,100442,100,100765,100,99894,100,101305,100,99893,100,101474,100,,,101509,100,,,101587,100,,,101677,100,,,101697,100,,
2019-06-28 09:57:03.968073603,100605,360,100506,373,100697,100,100462,100,100735,100,100442,100,100765,100,100162,100,101305,100,99894,100,101474,100,99893,100,101509,100,,,101587,100,,,101677,100,,,101697,100,,
2019-06-28 09:57:10.000000000,100605,155,100506,168,100697,168,100462,168,100735,168,100442,168,100765,168,100162,168,101305,100,99894,100,101474,100,99893,100,101509,100,,,101587,100,,,101677,100,,,101697,100,,
2019-06-28 09:57:17.845348536,100605,155,100506,168,100697,168,100462,168,100735,168,100442,168,100765,168,100360,100,101305,100,100162,168,101474,100,99894,100,101509,100,99893,100,101587,100,,,101677,100,,,101697,100,,
2019-06-28 09:57:20.000000000,100605,180,100506,193,100697,190,100462,190,100735,190,100442,190,100765,100,100360,100,101305,100,100162,100,101474,100,99894,100,101509,100,99893,100,101587,100,,,101677,100,,,101697,100,,
2019-06-28 09:57:22.008930462,100605,180,100506,93,100697,190,100462,190,100735,190,100442,190,100765,100,100360,100,101305,100,100162,100,101474,100,99894,100,101509,100,99893,100,101587,100,,,101677,100,,,101697,100,,
2019-06-28 09:57:30.000000000,100605,142,100462,155,100697,155,100442,155,100735,155,100360,155,100765,155,100162,155,101305,155,99894,155,101474,100,99893,100,101509,100,,,101587,100,,,101677,100,,,101697,100,,
2019-06-28 09:57:40.000000000,100605,360,100462,373,100697,100,100442,100,100735,100,100360,100,100765,100,100162,100,101305,100,99894,100,101474,100,99893,100,101509,100,,,101587,100,,,101677,100,,,101697,100,,
2019-06-28 09:57:50.000000000,100605,360,100462,373,100697,100,100442,100,100735,100,100360,100,100765,100,100162,100,101305,100,99894,100,101474,100,99893,100,101509,100,,,101587,100,,,101677,100,,,101697,100,,
2019-06-28 09:58:00.000000000,100605,142,100462,155,100697,155,100442,155,100735,155,100360,155,100765,155,100162,155,101305,155,99894,155,101474,100,99893,100,101509,100,,,101587,100,,,101677,100,,,101697,100,,
2019-06-28 09:58:10.000000000,100605,360,100462,373,100697,100,100442,100,100735,100,100360,100,100765,100,100162,100,101305,100,99894,100,101474,100,99893,100,101509,100,,,101587,100,,,101677,100,,,101697,100,,
2019-06-28 09:58:20.000000000,100605,155,100462,168,100697,168,100442,168,100735,168,100360,168,100765,168,100162,168,101305,100,99894,100,101474,100,99893,100,101509,100,,,101587,100,,,101677,100,,,101697,100,,
2019-06-28 09:58:20.503644864,100605,155,100462,168,100697,168,100442,168,100735,168,100360,168,100765,168,100162,168,101305,100,99894,100,101474,100,99893,100,101509,100,99785,100,101677,100,,,101697,100,,,101767,100,,
2019-06-28 09:58:30.000000000,100605,223,100462,236,100697,236,100442,236,100735,100,100360,100,100765,100,100162,100,101305,100,99894,100,101474,100,99893,100,101509,100,99785,100,101677,100,,,101697,100,,,101767,100,,
2019-06-28 09:58:40.000000000,100605,180,100462,193,100697,190,100442,190,100735,190,100360,190,100765,100,100162,100,101305,100,99894,100,101474,100,99893,100,101509,100,99785,100,101677,100,,,101697,100,,,101767,100,,
2019-06-28 09:58:48.883199201,100605,180,100462,93,100697,190,100442,190,100735,190,100360,190,100765,100,100162,100,101305,100,99893,100,101474,100,99785,100,101509,100,,,101677,100,,,101697,100,,,101767,100,,
2019-06-28 09:58:50.000000000,100605,155,100442,168,100697,168,100360,168,100735,168,100162,168,100765,168,99893,168,101305,100,99785,100,101474,100,,,101509,100,,,101677,100,,,101697,100,,,101767,100,,
2019-06-28 09:58:50.228478249,100605,155,100442,168,100697,168,100360,168,100735,168,100334,100,100765,168,100162,168,101305,100,99893,168,101474,100,99785,100,101509,100,,,101677,100,,,101697,100,,,101767,100,,
2019-06-28 09:58:58.688304104,100506,100,100442,168,100605,155,100360,168,100697,168,100334,100,100735,168,100162,168,100765,168,99893,168,101305,100,99785,100,101474,100,,,101509,100,,,101677,100,,,101697,100,,
2019-06-28 09:59:00.000000000,100506,155,100442,155,100605,142,100360,155,100697,155,100334,155,100735,155,100162,155,100765,155,99893,155,101305,100,99785,100,101474,100,,,101509,100,,,101677,100,,,101697,100,,
2019-06-28 09:59:05.649102066,100506,155,100442,155,100605,142,100360,155,100697,155,100334,155,100735,155,100253,100,100765,155,100162,155,101305,100,99893,155,101474,100,99785,100,101509,100,,,101677,100,,,101697,100,,
2019-06-28 09:59:10.000000000,100506,236,100442,236,100605,223,100360,236,100697,100,100334,100,100735,100,100253,100,100765,100,100162,100,101305,100,99893,100,101474,100,99785,100,101509,100,,,101677,100,,,101697,100,,
2019-06-28 09:59:20.000000000,100506,193,100442,193,100605,177,100360,190,100697,190,100334,190,100735,100,100253,100,100765,100,100162,100,101305,100,99893,100,101474,100,99785,100,101509,100,,,101677,100,,,101697,100,,
2019-06-28 09:59:22.766521677,100506,193,100442,193,100605,177,100360,190,100697,190,100334,190,100735,100,100253,100,100765,100,100162,100,101305,100,100138,100,101474,100,99893,100,101509,100,99785,100,101677,100,,,101697,100,,
2019-06-28 09:59:24.093858235,100506,193,100442,93,100605,177,100360,190,100697,190,100334,190,100735,100,100253,100,100765,100,100162,100,101305,100,100138,100,101474,100,99893,100,101509,100,99785,100,101677,100,,,101697,100,,
2019-06-28 09:59:30.000000000,100506,236,100360,236,100605,223,100334,236,100697,100,100253,100,100735,100,100162,100,100765,100,100138,100,101305,100,99893,100,101474,100,99785,100,101509,100,,,101677,100,,,101697,100,,
2019-06-28 09:59:31.545775838,100506,236,100360,136,100605,223,100334,236,100697,100,100253,100,100735,100,100162,100,100765,100,100138,100,101305,100,99893,100,101474,100,99785,100,101509,100,,,101677,100,,,101697,100,,
2019-06-28 09:59:36.538410594,100384,100,100360,136,100506,236,100334,236,100605,223,100253,100,100697,100,100162,100,100735,100,100138,100,100765,100,99893,100,101305,100,99785,100,101474,100,,,101509,100,,,101677,100,,
2019-06-28 09:59:40.000000000,100384,193,100334,193,100506,190,100253,190,100605,177,100162,190,100697,100,100138,100,100735,100,99893,100,100765,100,99785,100,101305,100,,,101474,100,,,101509,100,,,101677,100,,
2019-06-28 09:59:50.000000000,100384,373,100334,373,100506,100,100253,100,100605,87,100162,100,100697,100,100138,100,100735,100,99893,100,100765,100,99785,100,101305,100,,,101474,100,,,101509,100,,,101677,100,,
2019-06-28 10:00:00.000000000,100384,155,100334,155,100506,155,100253,155,100605,142,100162,155,100697,155,100138,155,100735,155,99893,155,100765,100,99785,100,101305,100,,,101474,100,,,101509,100,,,101677,100,,
2019-06-28 10:00:09.974716057,100384,155,100334,55,100506,155,100253,155,100605,142,100162,155,100697,155,100138,155,100735,155,99893,155,100765,100,99785,100,101305,100,,,101474,100,,,101509,100,,,101677,100,,
2019-06-28 10:00:10.000000000,100384,168,100253,168,100506,168,100162,168,100605,155,100138,168,100697,168,99893,168,100735,100,99785,100,100765,100,,,101305,100,,,101474,100,,,101509,100,,,101677,100,,
2019-06-28 10:00:20.000000000,100384,373,100253,373,100506,100,100162,100,100605,87,100138,100,100697,100,99893,100,100735,100,99785,100,100765,100,,,101305,100,,,101474,100,,,101509,100,,,101677,100,,
2019-06-28 10:00:30.000000000,100384,373,100253,373,100506,100,100162,100,100605,87,100138,100,100697,100,99893,100,100735,100,99785,100,100765,100,,,101305,100,,,101474,100,,,101509,100,,,101677,100,,
2019-06-28 10:00:30.438085255,100384,373,100253,273,100506,100,100162,100,100605,87,100138,100,100697,100,99893,100,100735,100,99785,100,100765,100,,,101305,100,,,101474,100,,,101509,100,,,101677,100,,
2019-06-28 10:00:40.000000000,100384,193,100162,193,100506,190,100138,190,100605,177,99893,190,100697,100,99785,100,100735,100,,,100765,100,,,101305,100,,,101474,100,,,101509,100,,,101677,100,,
2019-06-28 10:00:49.933541270,100219,100,100162,193,100384,193,100138,190,100506,190,99893,190,100605,177,99785,100,100697,100,,,100735,100,,,100765,100,,,101305,100,,,101474,100,,,101509,100,,
2019-06-28 10:00:50.000000000,100219,168,100162,168,100384,168,100138,168,100506,168,99893,168,100605,155,99785,168,100697,100,,,100735,100,,,100765,100,,,101305,100,,,101474,100,,,101509,100,,
2019-06-28 10:00:53.871763464,100219,168,100162,168,100384,168,100138,168,100506,168,99940,100,100605,155,99893,168,100697,100,99785,168,100735,100,,,100765,100,,,101305,100,,,101509,100,,,101677,100,,
2019-06-28 10:01:00.000000000,100219,168,100162,168,100384,168,100138,168,100506,168,99940,168,100605,155,99893,168,100697,100,99785,100,100735,100,,,100765,100,,,101305,100,,,101509,100,,,101677,100,,
2019-06-28 10:01:08.375203738,100219,68,100162,168,100384,168,100138,168,100506,168,99940,168,100605,155,99893,168,100697,100,99785,100,100735,100,,,100765,100,,,101305,100,,,101509,100,,,101677,100,,
2019-06-28 10:01:10.000000000,100384,236,100162,236,100506,236,100138,236,100605,87,99940,100,100697,100,99893,100,100735,100,99785,100,100765,100,,,101305,100,,,101509,100,,,101677,100,,,101697,100,,
2019-06-28 10:01:20.000000000,100384,193,100162,193,100506,190,100138,190,100605,177,99940,190,100697,100,99893,100,100735,100,99785,100,100765,100,,,101305,100,,,101509,100,,,101677,100,,,101697,100,,
2019-06-28 10:01:30.000000000,100384,373,100162,373,100506,100,100138,100,100605,87,99940,100,100697,100,99893,100,100735,100,99785,100,100765,100,,,101305,100,,,101509,100,,,101677,100,,,101697,100,,
2019-06-28 10:01:40.000000000,100384,168,100162,168,100506,168,100138,168,100605,155,99940,168,100697,168,99893,168,100735,100,99785,100,100765,100,,,101305,100,,,101509,100,,,101677,100,,,101697,100,,
2019-06-28 10:01:45.000136025,100384,168,100254,100,100506,168,100162,168,100605,155,100138,168,100697,168,99940,168,100735,100,99893,168,100765,100,99785,100,101305,100,,,101509,100,,,101677,100,,,101697,100,,
2019-06-28 10:01:50.000000000,100384,155,100254,155,100506,155,100162,155,100605,142,100138,155,100697,155,99940,155,100735,155,99893,155,100765,100,99785,100,101305,100,,,101509,100,,,101677,100,,,101697,100,,
2019-06-28 10:02:00.000000000,100384,373,100254,373,100506,100,100162,100,100605,87,100138,100,100697,100,99940,100,100735,100,99893,100,100765,100,99785,100,101305,100,,,101509,100,,,101677,100,,,101697,100,,
2019-06-28 10:02:10.000000000,100384,236,100254,236,100506,236,100162,236,100605,87,100138,100,100697,100,99940,100,100735,100,99893,100,100765,100,99785,100,101305,100,,,101509,100,,,101677,100,,,101697,100,,
2019-06-28 10:02:20.000000000,100384,155,100254,155,100506,155,100162,155,100605,142,100138,155,100697,155,99940,155,100735,155,99893,155,100765,100,99785,100,101305,100,,,101509,100,,,101677,100,,,101697,100,,
2019-06-28 10:02:25.055514637,100384,155,100254,55,100506,155,100162,155,100605,142,100138,155,100697,155,99940,155,100735,155,99893,155,100765,100,99785,100,101305,100,,,101509,100,,,101677,100,,,101697,100,,
2019-06-28 10:02:30.000000000,100384,168,100162,168,100506,168,100138,168,100605,155,99940,168,100697,168,99893,168,100735,100,99785,100,100765,100,,,101305,100,,,101509,100,,,101677,100,,,101697,100,,
2019-06-28 10:02:39.091328679,100384,168,100162,168,100506,168,100138,168,100605,155,100123,100,100697,168,99940,168,100735,100,99893,168,100765,100,99785,100,101305,100,,,101509,100,,,101677,100,,,101697,100,,
2019-06-28 10:02:40.000000000,100384,193,100162,193,100506,190,100138,190,100605,177,100123,190,100697,100,99940,100,100735,100,99893,100,100765,100,99785,100,101305,100,,,101509,100,,,101677,100,,,101697,100,,
2019-06-28 10:02:50.000000000,100384,373,100162,373,100506,100,100138,100,100605,87,100123,100,100697,100,99940,100,100735,100,99893,100,100765,100,99785,100,101305,100,,,101509,100,,,101677,100,,,101697,100,,
2019-06-28 10:03:00.000000000,100384,168,100162,168,100506,168,100138,168,100605,155,100123,168,100697,168,99940,168,100735,100,99893,100,100765,100,99785,100,101305,100,,,101509,100,,,101677,100,,,101697,100,,
2019-06-28 10:03:04.330119875,100345,100,100162,168,100384,168,100138,168,100506,168,100123,168,100605,155,99940,168,100697,168,99893,100,100735,100,99785,100,100765,100,,,101305,100,,,101509,100,,,101677,100,,
2019-06-28 10:03:10.000000000,100345,236,100162,236,100384,236,100138,236,100506,100,100123,100,100605,87,99940,100,100697,100,99893,100,100735,100,99785,100,100765,100,,,101305,100,,,101509,100,,,101677,100,,
2019-06-28 10:03:13.955833377,100345,136,100162,236,100384,236,100138,236,100506,100,100123,100,100605,87,99940,100,100697,100,99893,100,100735,100,99785,100,100765,100,,,101305,100,,,101509,100,,,101677,100,,
2019-06-28 10:03:15.313392950,100345,136,100162,236,100384,236,100145,100,100506,100,100138,236,100605,87,100123,100,100697,100,99940,100,100735,100,99893,100,100765,100,99785,100,101305,100,,,101509,100,,,101677,100,,
2019-06-28 10:03:16.996419920,100345,136,100255,100,100384,236,100162,236,100506,100,100145,100,100605,87,100138,236,100697,100,100123,100,100735,100,99940,100,100765,100,99893,100,101305,100,99785,100,101509,100,,,101677,100,,
2019-06-28 10:03:20.000000000,100384,236,100255,236,100506,236,100162,236,100605,87,100145,100,100697,100,100138,100,100735,100,100123,100,100765,100,99940,100,101305,100,99893,100,101509,100,99785,100,101677,100,,,101697,100,,
2019-06-28 10:03:30.000000000,100384,236,100255,236,100506,236,100162,236,100605,87,100145,100,100697,100,100138,100,100735,100,100123,100,100765,100,99940,100,101305,100,99893,100,101509,100,99785,100,101677,100,,,101697,100,,
2019-06-28 10:03:33.858283541,100384,236,100255,236,100506,236,100162,236,100543,100,100145,100,100605,87,100138,100,100697,100,100123,100,100735,100,99940,100,100765,100,99893,100,101305,100,99785,100,101509,100,,,101677,100,,
2019-06-28 10:03:38.554060484,100384,236,100255,236,100506,236,100162,236,100543,100,100145,100,100605,87,100138,100,100673,100,100123,100,100697,100,99940,100,100735,100,99893,100,100765,100,99785,100,101305,100,,,101509,100,,
2019-06-28 10:03:40.000000000,100384,373,100255,373,100506,100,100162,100,100543,100,100145,100,100605,87,100138,100,100673,100,100123,100,100697,100,99940,100,100735,100,99893,100,100765,100,99785,100,101305,100,,,101509,100,,
2019-06-28 10:03:40.544071574,100384,373,100255,473,100506,100,100162,100,100543,100,100145,100,100605,87,100138,100,100673,100,100123,100,100697,100,99940,100,100735,100,99893,100,100765,100,99785,100,101305,100,,,101509,100,,
2019-06-28 10:03:41.086984966,100384,273,100255,473,100506,100,100162,100,100543,100,100145,100,100605,87,100138,100,100673,100,100123,100,100697,100,99940,100,100735,100,99893,100,100765,100,99785,100,101305,100,,,101509,100,,
2019-06-28 10:03:43.653640087,100330,100,100255,473,100384,273,100162,100,100506,100,100145,100,100543,100,100138,100,100605,87,100123,100,100673,100,99940,100,100697,100,99893,100,100735,100,99785,100,100765,100,,,101305,100,,
2019-06-28 10:03:44.877750039,100330,100,100264,100,100384,273,100255,473,100506,100,100162,100,100543,100,100145,100,100605,87,100138,100,100673,100,100123,100,100697,100,99940,100,100735,100,99893,100,100765,100,99785,100,101305,100,,
2019-06-28 10:03:50.000000000,100330,236,100264,236,100506,236,100255,336,100543,100,100162,100,100605,87,100145,100,100673,100,100138,100,100697,100,100123,100,100735,100,99940,100,100765,100,99893,100,101305,100,99785,100,101509,100,,
2019-06-28 10:03:55.217995588,100330,136,100264,236,100506,236,100255,336,100543,100,100162,100,100605,87,100145,100,100673,100,100138,100,100697,100,100123,100,100735,100,99940,100,100765,100,99893,100,101305,100,99785,100,101509,100,,
2019-06-28 10:04:00.000000000,100506,193,100264,193,100543,190,100255,290,100605,177,100162,190,100673,100,100145,100,100697,100,100138,100,100735,100,100123,100,100765,100,99940,100,101305,100,99893,100,101509,100,99785,100,101677,100,,
2019-06-28 10:04:10.000000000,100506,236,100264,236,100543,236,100255,336,100605,87,100162,100,100673,100,100145,100,100697,100,100138,100,100735,100,100123,100,100765,100,99940,100,101305,100,99893,100,101509,100,99785,100,101677,100,,
2019-06-28 10:04:11.447440280,100329,100,100264,236,100506,236,100255,336,100543,236,100162,100,100605,87,100145,100,100673,100,100138,100,100697,100,100123,100,100735,100,99940,100,100765,100,99893,100,101305,100,99785,100,101509,100,,
2019-06-28 10:04:20.000000000,100329,193,100264,193,100506,190,100255,290,100543,190,100162,190,100605,87,100145,100,100673,100,100138,100,100697,100,100123,100,100735,100,99940,100,100765,100,99893,100,101305,100,99785,100,101509,100,,
2019-06-28 10:04:22.503765258,100329,193,100264,193,100457,100,100255,290,100506,190,100162,190,100543,190,100145,100,100605,87,100138,100,100673,100,100123,100,100697,100,99940,100,100735,100,99893,100,100765,100,99785,100,101305,100,,
2019-06-28 10:04:30.000000000,100329,193,100264,193,100457,190,100255,290,100506,190,100162,190,100543,100,100145,100,100605,87,100138,100,100673,100,100123,100,100697,100,99940,100,100735,100,99893,100,100765,100,99785,100,101305,100,,
2019-06-28 10:04:31.423534852,100329,193,100264,193,100457,190,100255,290,100506,190,100162,190,100525,100,100145,100,100543,100,100138,100,100605,87,100123,100,100673,100,99940,100,100697,100,99893,100,100735,100,99785,100,100765,100,,
2019-06-28 10:04:35.409118818,100329,193,100264,193,100457,190,100255,290,100506,190,100162,190,100525,100,100145,100,100543,100,100138,100,100605,87,100133,100,100673,100,100123,100,100697,100,99940,100,100735,100,99893,100,100765,100,99785,100
2019-06-28 10:04:40.000000000,100329,373,100264,373,100457,100,100255,200,100506,100,100162,100,100525,100,100145,100,100543,100,100138,100,100605,87,100133,100,100673,100,100123,100,100697,100,99940,100,100735,100,99893,100,100765,100,99785,100
2019-06-28 10:04:41.482513411,100329,373,100264,373,100457,100,100255,200,100506,100,100162,100,100525,100,100145,100,100543,100,100138,100,100605,87,100133,100,100673,100,100123,100,100697,100,99940,100,100735,100,99893,100,100765,100,,
2019-06-28 10:04:50.000000000,100329,236,100264,236,100457,236,100255,336,100506,100,100162,100,100525,100,100145,100,100543,100,100138,100,100605,87,100133,100,100673,100,100123,100,100697,100,99940,100,100735,100,99893,100,100765,100,,
2019-06-28 10:04:58.772281990,100329,136,100264,236,100457,236,100255,336,100506,100,100162,100,100525,100,100145,100,100543,100,100138,100,100605,87,100133,100,100673,100,100123,100,100697,100,99940,100,100735,100,99893,100,100765,100,,
2019-06-28 10:05:00.000000000,100457,168,100264,168,100506,168,100255,268,100525,168,100162,168,100543,168,100145,168,100605,87,100138,100,100673,100,100133,100,100697,100,100123,100,100735,100,99940,100,100765,100,99893,100,101305,100,,
2019-06-28 10:05:00.757516881,100457,168,100329,100,100506,168,100264,168,100525,168,100255,268,100543,168,100162,168,100605,87,100145,168,100673,100,100138,100,100697,100,100133,100,100735,100,100123,100,100765,100,99940,100,101305,100,99893,100
2019-06-28 10:05:10.000000000,100457,236,100329,236,100506,236,100264,236,100525,100,100255,200,100543,100,100162,100,100605,87,100145,100,100673,100,100138,100,100697,100,100133,100,100735,100,100123,100,100765,100,99940,100,101305,100,99893,100
2019-06-28 10:05:20.000000000,100457,168,100329,168,100506,168,100264,168,100525,168,100255,268,100543,168,100162,168,100605,87,100145,100,100673,100,100138,100,100697,100,100133,100,100735,100,100123,100,100765,100,99940,100,101305,100,99893,100
2019-06-28 10:05:26.778325398,100457,168,100329,68,100506,168,100264,168,100525,168,100255,268,100543,168,100162,168,100605,87,100145,100,100673,100,100138,100,100697,100,100133,100,100735,100,100123,100,100765,100,99940,100,101305,100,99893,100
2019-06-28 10:05:30.000000000,100457,236,100264,236,100506,236,100255,336,100525,100,100162,100,100543,100,100145,100,100605,87,100138,100,100673,100,100133,100,100697,100,100123,100,100735,100,99940,100,100765,100,99893,100,101305,100,,
2019-06-28 10:05:40.000000000,100457,373,100264,373,100506,100,100255,200,100525,100,100162,100,100543,100,100145,100,100605,87,100138,100,100673,100,100133,100,100697,100,100123,100,100735,100,99940,100,100765,100,99893,100,101305,100,,
2019-06-28 10:05:42.842729906,100328,100,100264,373,100457,373,100255,200,100506,100,100162,100,100525,100,100145,100,100543,100,100138,100,100605,87,100133,100,100673,100,100123,100,100697,100,99940,100,100735,100,99893,100,100765,100,,
2019-06-28 10:05:50.000000000,100328,168,100264,168,100457,168,100255,268,100506,168,100162,168,100525,168,100145,168,100543,100,100138,100,100605,87,100133,100,100673,100,100123,100,100697,100,99940,100,100735,100,99893,100,100765,100,,
2019-06-28 10:06:00.000000000,100328,373,100264,373,100457,100,100255,200,100506,100,100162,100,100525,100,100145,100,100543,100,100138,100,100605,87,100133,100,100673,100,100123,100,100697,100,99940,100,100735,100,99893,100,100765,100,,
2019-06-28 10:06:10.000000000,100328,155,100264,155,100457,155,100255,255,100506,155,100162,155,100525,155,100145,155,100543,155,100138,155,100605,87,100133,100,100673,100,100123,100,100697,100,99940,100,100735,100,99893,100,100765,100,,
2019-06-28 10:06:19.294873806,100328,155,100264,155,100457,155,100255,255,100506,155,100162,155,100525,155,100145,155,100543,155,100138,155,100605,87,100133,100,100673,100,100123,100,100697,100,99940,100,100735,100,99010,100,100765,100,,
2019-06-28 10:06:20.000000000,100328,236,100264,236,100457,236,100255,336,100506,100,100162,100,100525,100,100145,100,100543,100,100138,100,100605,87,100133,100,100673,100,100123,100,100697,100,99940,100,100735,100,99010,100,100765,100,,
2019-06-28 10:06:27.435861400,100328,136,100264,236,100457,236,100255,336,100506,100,100162,100,100525,100,100145,100,100543,100,100138,100,100605,87,100133,100,100673,100,100123,100,100697,100,99940,100,100735,100,99010,100,100765,100,,
2019-06-28 10:06:27.492549330,100328,236,100264,236,100457,236,100255,336,100506,100,100162,100,100525,100,100145,100,100543,100,100138,100,100605,87,100133,100,100673,100,100123,100,100697,100,99940,100,100735,100,99010,100,100765,100,,
2019-06-28 10:06:30.000000000,100328,155,100264,155,100457,155,100255,255,100506,155,100162,155,100525,155,100145,155,100543,155,100138,155,100605,87,100133,100,100673,100,100123,100,100697,100,99940,100,100735,100,99010,100,100765,100,,
2019-06-28 10:06:32.397017299,100328,155,100264,55,100457,155,100255,255,100506,155,100162,155,100525,155,100145,155,100543,155,100138,155,100605,87,100133,100,100673,100,100123,100,100735,100,99940,100,100765,100,99010,100,101305,100,,
2019-06-28 10:06:40.000000000,100328,155,100255,255,100457,155,100162,155,100506,155,100145,155,100525,155,100138,155,100543,155,100133,155,100605,87,100123,100,100673,100,99940,100,100735,100,99010,100,100765,100,,,101305,100,,
2019-06-28 10:06:50.000000000,100328,193,100255,293,100457,190,100162,190,100506,190,100145,190,100525,100,100138,100,100543,100,100133,100,100605,87,100123,100,100673,100,99940,100,100735,100,99010,100,100765,100,,,101305,100,,
2019-06-28 10:06:51.894660398,100328,193,100255,293,100457,190,100162,190,100506,190,100145,190,100525,100,100138,100,100543,100,100133,100,100605,87,100123,100,100673,100,99940,100,100735,100,99326,100,100765,100,99010,100,101305,100,,
2019-06-28 10:07:00.000000000,100328,373,100255,473,100457,100,100162,100,100506,100,100145,100,100525,100,100138,100,100543,100,100133,100,100605,87,100123,100,100673,100,99940,100,100735,100,99326,100,100765,100,99010,100,101305,100,,
2019-06-28 10:07:01.928317226,100328,373,100255,373,100457,100,100162,100,100506,100,100145,100,100525,100,100138,100,100543,100,100133,100,100605,87,100123,100,100673,100,99940,100,100735,100,99326,100,100765,100,99010,100,101305,100,,
2019-06-28 10:07:10.000000000,100328,155,100255,155,100457,155,100162,155,100506,155,100145,155,100525,155,100138,155,100543,155,100133,155,100605,87,100123,100,100673,100,99940,100,100735,100,99326,100,100765,100,99010,100,101305,100,,
2019-06-28 10:07:10.107715947,100328,155,100255,155,100457,155,100162,155,100506,155,100145,155,100525,155,100138,155,100543,155,100133,155,100605,87,100123,100,100673,100,99940,100,100735,100,99644,100,100765,100,99326,100,101305,100,99010,100
2019-06-28 10:07:20.000000000,100328,373,100255,373,100457,100,100162,100,100506,100,100145,100,100525,100,100138,100,100543,100,100133,100,100605,87,100123,100,100673,100,99940,100,100735,100,99644,100,100765,100,99326,100,101305,100,99010,100
2019-06-28 10:07:29.011200933,100328,373,100255,373,100457,100,100162,100,100506,100,100152,100,100525,100,100145,100,100543,100,100138,100,100605,87,100133,100,100673,100,100123,100,100735,100,99940,100,100765,100,99644,100,101305,100,99326,100
2019-06-28 10:07:30.000000000,100328,236,100255,236,100457,236,100162,236,100506,100,100152,100,100525,100,100145,100,100543,100,100138,100,100605,87,100133,100,100673,100,100123,100,100735,100,99940,100,100765,100,99644,100,101305,100,99326,100
2019-06-28 10:07:38.364347798,100328,236,100255,136,100457,236,100162,236,100506,100,100152,100,100525,100,100145,100,100543,100,100138,100,100605,87,100133,100,100673,100,100123,100,100735,100,99940,100,100765,100,99644,100,101305,100,99326,100
2019-06-28 10:07:38.927747586,100328,236,100255,136,100457,236,100162,236,100506,100,100152,100,100525,100,100145,100,100543,100,100138,100,100605,87,100133,100,100673,100,100123,100,100735,100,99940,100,100765,100,99903,100,101305,100,99644,100
2019-06-28 10:07:40.000000000,100328,168,100162,168,100457,168,100152,168,100506,168,100145,168,100525,168,100138,168,100543,100,100133,100,100605,87,100123,100,100673,100,99940,100,100735,100,99903,100,100765,100,99644,100,101305,100,99326,100
