,ask_price_1,ask_size_1,bid_price_1,bid_size_1,ask_price_2,ask_size_2,bid_price_2,bid_size_2,ask_price_3,ask_size_3,bid_price_3,bid_size_3,ask_price_4,ask_size_4,bid_price_4,bid_size_4,ask_price_5,ask_size_5,bid_price_5,bid_size_5,ask_price_6,ask_size_6,bid_price_6,bid_size_6,ask_price_7,ask_size_7,bid_price_7,bid_size_7,ask_price_8,ask_size_8,bid_price_8,bid_size_8,ask_price_9,ask_size_9,bid_price_9,bid_size_9,ask_price_10,ask_size_10,bid_price_10,bid_size_10
2019-06-28 09:30:00.000000000,,,100018,100,,,,,,,,,,,,,,,,,,,,,,,,,,,,,,,,,,,,
2019-06-28 09:30:00.000000001,100043,100,100018,100,,,,,,,,,,,,,,,,,,,,,,,,,,,,,,,,,,,,
2019-06-28 09:30:00.000000003,100043,100,100020,100,,,100018,100,,,99905,100,,,99865,100,,,,,,,,,,,,,,,,,,,,,,,,
2019-06-28 09:30:00.000000004,100043,100,100020,100,,,100018,100,,,99966,100,,,99905,100,,,99865,100,,,,,,,,,,,,,,,,,,,,
2019-06-28 09:30:00.000000006,100043,100,100020,100,100068,100,100018,100,,,99966,100,,,99935,100,,,99905,100,,,99865,100,,,,,,,,,,,,,,,,
2019-06-28 09:30:00.000000009,100043,100,100020,100,100066,100,100018,100,100068,100,99966,100,100137,100,99935,100,,,99905,100,,,99865,100,,,,,,,,,,,,,,,,
2019-06-28 09:30:00.000000012,100043,100,100020,100,100066,100,100018,100,100068,100,100017,100,100137,100,99966,100,,,99935,100,,,99905,100,,,99865,100,,,,,,,,,,,,
2019-06-28 09:30:00.000000015,100043,100,100020,100,100066,100,100018,100,100068,100,100017,100,100114,100,99966,100,100137,100,99935,100,,,99905,100,,,99865,100,,,,,,,,,,,,
2019-06-28 09:30:00.000000016,100043,100,100020,100,100066,100,100018,100,100068,100,100017,100,100114,100,99966,100,100137,100,99935,200,,,99905,100,,,99865,100,,,,,,,,,,,,
2019-06-28 09:30:00.000000017,100042,100,100020,100,100043,100,100018,100,100066,100,100017,100,100068,100,99966,100,100114,100,99935,200,100137,100,99905,100,,,99884,100,,,99865,100,,,,,,,,
2019-06-28 09:30:00.000000018,100027,100,100020,100,100042,100,100018,100,100043,100,100017,100,100066,100,99976,100,100068,100,99966,100,100114,100,99935,200,100137,100,99905,100,,,99884,100,,,99865,100,,,99846,100
2019-06-28 09:30:00.000000020,100027,100,100020,100,100042,100,100018,100,100043,100,100017,100,100066,100,99991,100,100068,100,99976,100,100114,100,99966,100,100137,100,99935,200,,,99905,100,,,99884,100,,,99865,100
2019-06-28 09:30:00.000000024,100027,100,100020,100,100042,100,100018,100,100043,100,100017,100,100066,100,99991,100,100068,100,99976,100,100114,100,99966,100,100137,100,99935,200,100196,100,99905,100,,,99884,100,,,99865,100
2019-06-28 09:30:00.000000025,100027,100,100020,100,100042,100,100018,100,100043,100,100017,100,100066,100,99991,100,100068,100,99976,100,100114,100,99966,100,100137,100,99935,200,100196,100,99905,100,,,99886,100,,,99884,100
2019-06-28 09:30:00.000000028,100027,100,100020,100,100042,100,100018,100,100043,100,100017,100,100066,100,99991,100,100068,100,99976,100,100114,100,99966,100,100137,100,99935,200,100196,100,99923,100,,,99905,100,,,99886,100
2019-06-28 09:30:00.000000029,100027,100,100020,100,100042,100,100018,100,100043,100,100017,100,100066,100,99991,100,100068,100,99976,100,100092,100,99966,100,100114,100,99935,200,100137,100,99923,100,100196,100,99905,100,,,99886,100
2019-06-28 09:30:00.000000031,100027,100,100020,100,100042,100,100018,100,100043,100,100017,100,100066,100,99991,100,100068,100,99976,100,100092,100,99972,100,100114,100,99966,100,100137,100,99935,200,100196,100,99923,100,,,99905,100
2019-06-28 09:30:00.000000032,100027,100,100020,100,100042,100,100018,100,100043,100,100017,100,100066,100,99991,100,100068,100,99976,100,100092,100,99972,100,100114,100,99966,100,100137,100,99935,200,100196,100,99923,100,,,99912,100
2019-06-28 09:30:00.000000035,100027,100,100020,100,100042,100,100018,100,100043,100,100017,100,100066,100,99991,100,100068,100,99976,100,100078,100,99972,100,100092,100,99966,100,100114,100,99935,200,100137,100,99923,100,100196,100,99912,100
2019-06-28 09:30:00.000000036,100027,100,100020,100,100042,100,100018,100,100043,100,100017,200,100066,100,99991,100,100068,100,99976,100,100078,100,99972,100,100092,100,99966,100,100114,100,99935,200,100137,100,99923,100,100196,100,99912,100
2019-06-28 09:30:00.000000037,100027,100,100020,100,100042,100,100018,100,100043,100,100017,200,100058,100,99991,100,100066,100,99977,100,100068,100,99976,100,100078,100,99972,100,100092,100,99966,100,100114,100,99935,200,100137,100,99923,100
2019-06-28 09:30:00.000000038,100027,100,100020,100,100042,100,100018,100,100043,100,100017,200,100058,100,99991,100,100066,100,99977,100,100068,100,99976,100,100078,100,99972,100,100092,100,99966,100,100114,100,99935,200,100137,100,99923,100
2019-06-28 09:30:00.000000040,100027,100,100018,100,100042,100,100017,200,100043,100,99991,100,100058,100,99977,100,100066,100,99976,100,100068,100,99972,100,100078,100,99966,100,100092,100,99935,200,100114,100,99923,100,100137,100,99912,100
2019-06-28 09:30:00.000000041,100027,100,100018,100,100042,100,100017,200,100043,100,99991,100,100058,100,99977,100,100066,100,99976,100,100068,100,99972,100,100071,100,99966,100,100078,100,99935,200,100092,100,99923,100,100114,100,99912,100
2019-06-28 09:30:00.000000042,100027,100,100018,100,100042,100,100017,200,100043,100,99991,100,100058,100,99977,100,100066,100,99976,100,100068,100,99972,100,100071,100,99966,100,100078,100,99951,100,100092,100,99935,200,100114,100,99923,100
2019-06-28 09:30:00.000000043,100042,100,100018,100,100043,100,100017,200,100058,100,99991,100,100066,100,99977,100,100068,100,99976,100,100071,100,99972,100,100078,100,99966,100,100092,100,99951,100,100114,100,99935,200,100137,100,99923,100
2019-06-28 09:30:00.000000044,100042,100,100018,100,100043,100,100017,200,100058,100,99991,100,100066,100,99977,100,100068,100,99976,100,100071,100,99972,100,100078,100,99966,100,100092,100,99956,100,100099,100,99951,100,100114,100,99935,200
2019-06-28 09:30:00.000000048,100027,100,100020,100,100042,100,100018,100,100043,100,100017,200,100058,100,99991,100,100066,100,99977,100,100068,100,99976,100,100071,100,99972,100,100078,100,99966,100,100092,100,99956,100,100099,100,99951,100
2019-06-28 09:30:00.000000050,100027,100,100020,100,100042,100,100018,100,100043,100,100017,200,100047,100,99991,100,100058,100,99977,100,100066,100,99976,100,100068,100,99972,100,100071,100,99966,100,100078,100,99956,100,100092,100,99951,100
2019-06-28 09:30:00.000000053,100027,100,100020,100,100034,100,100018,100,100042,100,100017,200,100043,100,99991,100,100047,100,99977,100,100058,100,99976,100,100066,100,99972,100,100068,100,99966,100,100071,100,99956,100,100078,100,99951,100
2019-06-28 09:30:00.000000054,100027,100,100020,100,100034,100,100018,100,100042,100,100017,200,100043,100,99999,100,100047,100,99991,100,100058,100,99977,100,100066,100,99976,100,100068,100,99972,100,100071,100,99966,100,100078,100,99956,100
2019-06-28 09:30:00.000000055,100027,100,100020,100,100034,100,100018,100,100042,100,100017,200,100043,100,99999,100,100047,100,99991,100,100058,100,99985,100,100066,100,99977,100,100068,100,99976,100,100071,100,99972,100,100078,100,99966,100
2019-06-28 09:30:00.000000056,100027,200,100020,100,100034,100,100018,100,100042,100,100017,200,100043,100,99999,100,100047,100,99991,100,100058,100,99985,100,100066,100,99977,100,100068,100,99976,100,100071,100,99972,100,100078,100,99966,100
2019-06-28 09:30:00.000000057,100027,200,100020,100,100034,100,100018,100,100042,100,100017,200,100043,100,100004,100,100047,100,99999,100,100058,100,99991,100,100066,100,99985,100,100068,100,99977,100,100071,100,99976,100,100078,100,99972,100
2019-06-28 09:30:00.000000058,100027,200,100020,100,100034,100,100018,100,100042,100,100017,200,100043,100,100004,100,100047,100,99999,100,100058,100,99991,100,100066,100,99985,100,100068,100,99977,100,100071,100,99976,100,100078,100,99972,100
2019-06-28 09:30:00.000000061,100027,300,100020,100,100034,100,100018,100,100042,100,100017,200,100043,100,100004,100,100047,100,99999,100,100058,100,99991,100,100066,100,99985,100,100068,100,99977,100,100071,100,99976,100,100078,100,99972,100
2019-06-28 09:30:00.000000062,100026,100,100018,100,100027,300,100017,200,100034,100,100004,100,100042,100,99999,100,100043,100,99991,100,100047,100,99985,100,100058,100,99977,100,100066,100,99976,100,100068,100,99972,100,100071,100,99969,100
2019-06-28 09:30:00.000000066,100026,100,100017,200,100027,300,100004,100,100034,100,99999,100,100042,100,99991,100,100043,100,99985,100,100047,100,99977,100,100058,100,99976,100,100066,100,99972,100,100068,100,99969,100,100071,100,99966,100
2019-06-28 09:30:00.000000069,100026,100,100017,200,100027,300,100004,100,100034,100,99999,100,100042,100,99991,100,100043,100,99985,100,100047,100,99977,100,100058,100,99976,100,100066,100,99972,100,100068,100,99969,100,100071,100,99966,100
2019-06-28 09:30:00.000000072,100026,100,100017,200,100027,300,100004,100,100034,100,99999,100,100042,100,99991,100,100043,100,99985,200,100047,100,99977,100,100058,100,99976,100,100066,100,99972,100,100068,100,99969,100,100071,100,99966,100
2019-06-28 09:30:00.000000074,100026,100,100017,200,100027,300,100004,100,100034,100,99999,100,100042,100,99991,100,100043,100,99985,200,100047,100,99977,100,100058,100,99976,100,100066,100,99972,100,100068,100,99969,100,100071,100,99966,100
2019-06-28 09:30:00.000000076,100026,100,100017,100,100027,300,100004,100,100034,100,99999,100,100042,100,99991,100,100043,100,99985,200,100047,100,99977,100,100058,100,99976,100,100066,100,99972,100,100068,100,99969,100,100071,100,99966,100
2019-06-28 09:30:00.000000077,100026,100,100017,100,100027,300,100004,100,100034,100,99999,100,100042,100,99991,100,100043,100,99985,200,100047,100,99977,100,100058,100,99976,100,100066,100,99972,100,100068,100,99969,100,100071,100,99966,100
2019-06-28 09:30:00.000000082,100026,100,100004,100,100027,300,99999,100,100034,100,99991,100,100042,100,99985,200,100043,100,99977,100,100047,100,99976,100,100058,100,99972,100,100066,100,99969,100,100068,100,99966,100,100071,100,99956,100
2019-06-28 09:30:00.000000084,100026,100,100004,100,100027,300,99999,100,100034,100,99991,100,100042,100,99985,200,100043,100,99977,100,100047,100,99976,100,100058,100,99972,100,100066,100,99969,100,100068,100,99966,100,100071,100,99958,100
2019-06-28 09:30:00.000000085,100026,100,99999,100,100027,300,99991,100,100034,100,99985,200,100042,100,99977,100,100043,100,99976,100,100047,100,99972,100,100058,100,99969,100,100066,100,99966,100,100068,100,99958,100,100071,100,99956,100
2019-06-28 09:30:00.000000088,100026,100,99999,100,100027,300,99991,100,100034,100,99985,200,100042,100,99977,100,100043,100,99976,100,100047,100,99972,100,100058,100,99969,100,100066,100,99966,100,100068,100,99958,100,100071,100,99956,100
2019-06-28 09:30:00.000000093,100026,100,99999,100,100027,300,99991,100,100034,100,99985,200,100042,100,99977,100,100043,100,99976,100,100047,100,99972,100,100058,100,99969,100,100066,100,99966,100,100068,100,99958,100,100071,100,99956,100
2019-06-28 09:30:00.000000094,100026,100,99999,100,100027,300,99991,100,100034,100,99985,200,100042,100,99977,100,100043,100,99976,100,100047,100,99972,100,100058,100,99969,100,100066,100,99966,100,100068,100,99958,100,100071,100,99956,100
2019-06-28 09:30:00.000000095,100026,100,99999,100,100027,300,99991,100,100034,100,99985,200,100042,100,99977,100,100043,100,99976,100,100047,100,99972,100,100058,100,99969,100,100066,100,99966,100,100068,100,99958,100,100071,100,99956,100
2019-06-28 09:30:00.000000096,100026,100,99999,100,100027,300,99991,100,100034,100,99985,200,100042,100,99977,100,100043,100,99976,100,100047,100,99972,100,100058,100,99969,100,100066,100,99966,100,100068,100,99958,100,100071,100,99956,100
2019-06-28 09:30:06.129743333,100026,100,99991,100,100027,300,99985,200,100034,100,99977,100,100042,100,99976,100,100043,100,99972,100,100047,100,99969,100,100058,100,99966,100,100066,100,99958,100,100068,100,99956,100,100071,100,99951,100
2019-06-28 09:30:10.000000000,100026,163,99991,163,100027,363,99985,263,100034,163,99977,163,100042,163,99976,163,100043,163,99972,163,100047,100,99969,100,100058,100,99966,100,100066,100,99958,100,100068,100,99956,100,100071,100,99951,100
2019-06-28 09:30:20.000000000,100026,415,99991,415,100027,300,99985,200,100034,100,99977,100,100042,100,99976,100,100043,100,99972,100,100047,100,99969,100,100058,100,99966,100,100066,100,99958,100,100068,100,99956,100,100071,100,99951,100
2019-06-28 09:30:30.000000000,100026,163,99991,163,100027,363,99985,263,100034,163,99977,163,100042,163,99976,163,100043,163,99972,163,100047,100,99969,100,100058,100,99966,100,100066,100,99958,100,100068,100,99956,100,100071,100,99951,100
2019-06-28 09:30:40.000000000,100026,207,99991,207,100027,404,99985,304,100034,204,99977,204,100042,100,99976,100,100043,100,99972,100,100047,100,99969,100,100058,100,99966,100,100066,100,99958,100,100068,100,99956,100,100071,100,99951,100
2019-06-28 09:30:43.134430949,100026,207,99991,207,100027,304,99985,304,100034,204,99977,204,100042,100,99976,100,100043,100,99972,100,100047,100,99969,100,100058,100,99966,100,100066,100,99958,100,100068,100,99956,100,100071,100,99951,100
2019-06-28 09:30:50.000000000,100026,207,99991,207,100027,304,99985,304,100034,204,99977,204,100042,100,99976,100,100043,100,99972,100,100047,100,99969,100,100058,100,99966,100,100066,100,99958,100,100068,100,99956,100,100071,100,99951,100
2019-06-28 09:31:00.000000000,100026,258,99991,258,100027,358,99985,358,100034,100,99977,100,100042,100,99976,100,100043,100,99972,100,100047,100,99969,100,100058,100,99966,100,100066,100,99958,100,100068,100,99956,100,100071,100,99951,100
2019-06-28 09:31:10.000000000,100026,207,99991,207,100027,304,99985,304,100034,204,99977,204,100042,100,99976,100,100043,100,99972,100,100047,100,99969,100,100058,100,99966,100,100066,100,99958,100,100068,100,99956,100,100071,100,99951,100
2019-06-28 09:31:14.875769348,100026,207,99991,107,100027,304,99985,304,100034,204,99977,204,100042,100,99976,100,100043,100,99972,100,100047,100,99966,100,100058,100,99958,100,100066,100,99956,100,100068,100,99951,100,100071,100,99950,100
2019-06-28 09:31:20.000000000,100026,207,99985,307,100027,304,99977,204,100034,204,99976,204,100042,100,99972,100,100043,100,99966,100,100047,100,99958,100,100058,100,99956,100,100066,100,99951,100,100068,100,99950,100,100071,100,99945,100
2019-06-28 09:31:21.701945206,100026,207,99985,207,100027,304,99977,204,100034,204,99976,204,100042,100,99972,100,100043,100,99966,100,100047,100,99958,100,100058,100,99956,100,100066,100,99951,100,100068,100,99950,100,100071,100,99943,100
2019-06-28 09:31:24.026998391,100026,207,99985,207,100027,304,99977,204,100034,204,99976,204,100042,100,99972,100,100043,100,99966,100,100047,100,99958,100,100066,100,99956,100,100068,100,99951,100,100071,100,99950,100,100073,100,99943,100
2019-06-28 09:31:30.000000000,100026,163,99985,163,100027,263,99977,163,100034,163,99976,163,100042,163,99972,163,100043,163,99966,163,100047,100,99958,100,100066,100,99956,100,100068,100,99951,100,100071,100,99950,100,100073,100,99943,100
2019-06-28 09:31:40.000000000,100026,207,99985,207,100027,304,99977,204,100034,204,99976,204,100042,100,99972,100,100043,100,99966,100,100047,100,99958,100,100066,100,99956,100,100068,100,99951,100,100071,100,99950,100,100073,100,99943,100
2019-06-28 09:31:40.508241662,99991,100,99985,207,100026,207,99977,204,100027,304,99976,204,100034,204,99972,100,100042,100,99966,100,100043,100,99958,100,100047,100,99956,100,100066,100,99951,100,100068,100,99950,100,100073,100,99943,100
2019-06-28 09:31:50.000000000,99991,207,99985,207,100026,204,99977,204,100027,304,99976,204,100034,100,99972,100,100042,100,99966,100,100043,100,99958,100,100047,100,99956,100,100066,100,99951,100,100068,100,99950,100,100073,100,99943,100
2019-06-28 09:31:51.340992279,99991,207,99985,207,100026,204,99977,204,100027,304,99976,204,100034,100,99972,100,100042,100,99966,100,100043,100,99958,100,100047,100,99956,100,100066,100,99950,100,100068,100,99943,100,100073,100,99937,100
2019-06-28 09:32:00.000000000,99991,163,99985,163,100026,163,99977,163,100027,263,99976,163,100034,163,99972,163,100042,163,99966,163,100043,100,99958,100,100047,100,99956,100,100066,100,99950,100,100068,100,99943,100,100073,100,99937,100
2019-06-28 09:32:07.220052014,99991,163,99985,163,100026,163,99977,163,100027,263,99976,163,100034,163,99972,163,100042,163,99966,163,100043,100,99958,100,100047,100,99956,100,100066,100,99950,100,100068,100,99943,100,100073,100,99937,100
2019-06-28 09:32:07.740709506,99991,63,99985,163,100026,163,99977,163,100027,263,99976,163,100034,163,99972,163,100042,163,99966,163,100043,100,99958,100,100047,100,99956,100,100066,100,99950,100,100068,100,99943,100,100073,100,99937,100
2019-06-28 09:32:10.000000000,100026,207,99985,207,100027,304,99977,204,100034,204,99976,204,100042,100,99972,100,100043,100,99966,100,100047,100,99958,100,100066,100,99956,100,100068,100,99950,100,100073,100,99943,100,100078,100,99937,100
2019-06-28 09:32:20.000000000,100026,415,99985,415,100027,200,99977,100,100034,100,99976,100,100042,100,99972,100,100043,100,99966,100,100047,100,99958,100,100066,100,99956,100,100068,100,99950,100,100073,100,99943,100,100078,100,99937,100
2019-06-28 09:32:30.000000000,100026,258,99985,258,100027,358,99977,258,100034,100,99976,100,100042,100,99972,100,100043,100,99966,100,100047,100,99958,100,100066,100,99956,100,100068,100,99950,100,100073,100,99943,100,100078,100,99937,100
2019-06-28 09:32:33.158715186,100026,258,99985,258,100027,358,99977,258,100034,100,99976,100,100042,100,99966,100,100043,100,99958,100,100047,100,99956,100,100066,100,99950,100,100068,100,99943,100,100073,100,99937,100,100078,100,99935,200
2019-06-28 09:32:40.000000000,100026,258,99985,258,100027,358,99977,258,100034,100,99976,100,100042,100,99966,100,100043,100,99958,100,100047,100,99956,100,100066,100,99950,100,100068,100,99943,100,100073,100,99937,100,100078,100,99935,200
2019-06-28 09:32:50.000000000,100026,207,99985,207,100027,304,99977,204,100034,204,99976,204,100042,100,99966,100,100043,100,99958,100,100047,100,99956,100,100066,100,99950,100,100068,100,99943,100,100073,100,99937,100,100078,100,99935,200
2019-06-28 09:33:00.000000000,100026,207,99985,207,100027,304,99977,204,100034,204,99976,204,100042,100,99966,100,100043,100,99958,100,100047,100,99956,100,100066,100,99950,100,100068,100,99943,100,100073,100,99937,100,100078,100,99935,200
2019-06-28 09:33:10.000000000,100026,163,99985,163,100027,263,99977,163,100034,163,99976,163,100042,163,99966,163,100043,163,99958,163,100047,100,99956,100,100066,100,99950,100,100068,100,99943,100,100073,100,99937,100,100078,100,99935,200
2019-06-28 09:33:20.000000000,100026,207,99985,207,100027,304,99977,204,100034,204,99976,204,100042,100,99966,100,100043,100,99958,100,100047,100,99956,100,100066,100,99950,100,100068,100,99943,100,100073,100,99937,100,100078,100,99935,200
2019-06-28 09:33:27.427370209,100026,207,99986,100,100027,304,99985,207,100034,204,99977,204,100042,100,99976,204,100043,100,99966,100,100047,100,99958,100,100066,100,99956,100,100068,100,99950,100,100073,100,99943,100,100078,100,99937,100
2019-06-28 09:33:30.000000000,100026,207,99986,207,100027,304,99985,204,100034,204,99977,204,100042,100,99976,100,100043,100,99966,100,100047,100,99958,100,100066,100,99956,100,100068,100,99950,100,100073,100,99943,100,100078,100,99937,100
2019-06-28 09:33:40.000000000,100026,179,99986,179,100027,279,99985,179,100034,179,99977,179,100042,179,99976,179,100043,100,99966,100,100047,100,99958,100,100066,100,99956,100,100068,100,99950,100,100073,100,99943,100,100078,100,99937,100
2019-06-28 09:33:50.000000000,100026,179,99986,179,100027,279,99985,179,100034,179,99977,179,100042,179,99976,179,100043,100,99966,100,100047,100,99958,100,100066,100,99956,100,100068,100,99950,100,100073,100,99943,100,100078,100,99937,100
2019-06-28 09:33:56.622147419,100026,179,99986,179,100027,279,99985,179,100034,179,99977,179,100042,179,99976,179,100043,100,99966,100,100047,100,99958,100,100066,100,99956,100,100068,100,99950,100,100073,100,99943,100,100078,100,99937,100
2019-06-28 09:34:00.000000000,100026,179,99986,179,100027,279,99985,179,100034,179,99977,179,100042,179,99976,179,100043,100,99966,100,100047,100,99958,100,100066,100,99956,100,100068,100,99950,100,100073,100,99943,100,100078,100,99937,100
2019-06-28 09:34:00.774663742,100026,79,99986,179,100027,279,99985,179,100034,179,99977,179,100042,179,99976,179,100043,100,99966,100,100047,100,99958,100,100066,100,99956,100,100068,100,99950,100,100073,100,99943,100,100084,100,99937,100
2019-06-28 09:34:10.000000000,100027,358,99986,258,100034,258,99985,258,100042,100,99977,100,100043,100,99976,100,100047,100,99966,100,100066,100,99958,100,100068,100,99956,100,100073,100,99950,100,100084,100,99943,100,100092,100,99937,100
2019-06-28 09:34:10.011085166,100027,358,99986,258,100034,258,99985,258,100042,100,99977,200,100043,100,99976,100,100047,100,99966,100,100066,100,99958,100,100068,100,99956,100,100073,100,99950,100,100084,100,99943,100,100092,100,99937,100
2019-06-28 09:34:11.818080833,100027,358,99986,258,100034,258,99985,258,100042,100,99977,200,100043,100,99976,100,100047,100,99966,100,100066,100,99958,100,100068,100,99956,100,100073,100,99950,100,100084,100,99943,100,100092,100,99937,100
2019-06-28 09:34:20.000000000,100027,279,99986,179,100034,179,99985,179,100042,179,99977,279,100043,179,99976,179,100047,100,99966,100,100066,100,99958,100,100068,100,99956,100,100073,100,99950,100,100084,100,99943,100,100092,100,99937,100
2019-06-28 09:34:29.240739911,100027,279,99986,179,100034,79,99985,179,100042,179,99977,279,100043,179,99976,179,100047,100,99966,100,100066,100,99958,100,100068,100,99956,100,100073,100,99950,100,100084,100,99943,100,100092,100,99937,100
2019-06-28 09:34:30.000000000,100027,279,99986,179,100042,179,99985,179,100043,179,99977,279,100047,179,99976,179,100066,100,99966,100,100068,100,99958,100,100073,100,99956,100,100084,100,99950,100,100092,100,99943,100,100114,100,99937,100
2019-06-28 09:34:30.851577894,100027,279,99986,179,100042,179,99985,179,100043,179,99977,279,100047,179,99976,179,100066,100,99966,100,100073,100,99958,100,100084,100,99956,100,100092,100,99950,100,100114,100,99943,100,100131,100,99937,100
2019-06-28 09:34:40.000000000,100027,279,99986,179,100042,179,99985,179,100043,179,99977,279,100047,179,99976,179,100066,100,99966,100,100073,100,99958,100,100084,100,99956,100,100092,100,99950,100,100114,100,99943,100,100131,100,99937,100
2019-06-28 09:34:50.000000000,100027,263,99986,163,100042,163,99985,163,100043,163,99977,263,100047,163,99976,163,100066,163,99966,163,100073,100,99958,100,100084,100,99956,100,100092,100,99950,100,100114,100,99943,100,100131,100,99937,100
2019-06-28 09:35:00.000000000,100027,515,99986,415,100042,100,99985,100,100043,100,99977,200,100047,100,99976,100,100066,100,99966,100,100073,100,99958,100,100084,100,99956,100,100092,100,99950,100,100114,100,99943,100,100131,100,99937,100
2019-06-28 09:35:04.681063130,100027,515,99986,415,100042,100,99985,100,100043,100,99977,200,100047,100,99976,100,100066,100,99966,100,100073,100,99958,100,100084,100,99956,100,100092,100,99950,100,100114,100,99943,100,100131,100,99937,100
2019-06-28 09:35:10.000000000,100027,307,99986,207,100042,204,99985,204,100043,204,99977,304,100047,100,99976,100,100066,100,99966,100,100073,100,99958,100,100084,100,99956,100,100092,100,99950,100,100114,100,99943,100,100131,100,99937,100
2019-06-28 09:35:20.000000000,100027,279,99986,179,100042,179,99985,179,100043,179,99977,279,100047,179,99976,179,100066,100,99966,100,100073,100,99958,100,100084,100,99956,100,100092,100,99950,100,100114,100,99943,100,100131,100,99937,100
2019-06-28 09:35:30.000000000,100027,358,99986,258,100042,258,99985,258,100043,100,99977,200,100047,100,99976,100,100066,100,99966,100,100073,100,99958,100,100084,100,99956,100,100092,100,99950,100,100114,100,99943,100,100131,100,99937,100
2019-06-28 09:35:30.858588807,100027,358,99986,258,100042,258,99985,258,100043,100,99977,200,100047,100,99976,100,100066,100,99966,100,100073,100,99958,100,100084,100,99956,100,100092,100,99950,100,100114,100,99943,100,100131,100,99937,100
2019-06-28 09:35:36.218908896,100027,258,99986,258,100042,258,99985,258,100043,100,99977,200,100047,100,99976,100,100066,100,99966,100,100073,100,99958,100,100084,100,99956,100,100092,100,99950,100,100114,100,99943,100,100131,100,99937,100
2019-06-28 09:35:40.000000000,100027,258,99986,258,100042,258,99985,258,100043,100,99977,200,100047,100,99976,100,100066,100,99966,100,100073,100,99958,100,100084,100,99956,100,100092,100,99950,100,100114,100,99943,100,100131,100,99937,100
2019-06-28 09:35:41.609390785,100027,258,100026,100,100042,258,99986,258,100043,100,99985,258,100047,100,99977,200,100066,100,99976,100,100073,100,99966,100,100084,100,99958,100,100092,100,99956,100,100114,100,99950,100,100131,100,99943,100
2019-06-28 09:35:42.154166432,100027,158,100026,100,100042,258,99986,258,100043,100,99985,258,100047,100,99977,200,100066,100,99976,100,100073,100,99966,100,100084,100,99958,100,100092,100,99956,100,100114,100,99950,100,100131,100,99943,100
2019-06-28 09:35:50.000000000,100042,163,100026,163,100043,163,99986,163,100047,163,99985,163,100066,163,99977,263,100073,163,99976,163,100084,100,99966,100,100092,100,99958,100,100114,100,99956,100,100131,100,99950,100,100137,100,99943,100
2019-06-28 09:35:57.868976622,100042,63,100026,163,100043,163,99986,163,100047,163,99985,163,100066,163,99977,263,100073,163,99976,163,100084,100,99966,100,100092,100,99958,100,100114,100,99956,100,100131,100,99950,100,100137,100,99943,100
2019-06-28 09:36:00.000000000,100043,207,100026,207,100047,204,99986,204,100066,204,99985,204,100073,100,99977,200,100084,100,99976,100,100092,100,99966,100,100114,100,99958,100,100131,100,99956,100,100137,100,99950,100,100178,100,99943,100
2019-06-28 09:36:04.341578824,100043,107,100026,207,100047,204,99986,204,100066,204,99985,204,100073,100,99977,200,100084,100,99976,100,100092,100,99966,100,100114,100,99958,100,100131,100,99956,100,100137,100,99950,100,100178,100,99943,100
2019-06-28 09:36:05.842925712,100043,107,100042,100,100047,204,100026,207,100066,204,99986,204,100073,100,99985,204,100084,100,99977,200,100092,100,99976,100,100114,100,99966,100,100131,100,99958,100,100137,100,99956,100,100178,100,99950,100
2019-06-28 09:36:10.000000000,100047,415,100042,415,100066,100,100026,100,100073,100,99986,100,100084,100,99985,100,100092,100,99977,200,100114,100,99976,100,100131,100,99966,100,100137,100,99958,100,100178,100,99956,100,100196,100,99950,100
2019-06-28 09:36:10.102932079,100047,415,100042,415,100066,100,100026,100,100073,100,99986,100,100084,100,99985,100,100092,100,99977,200,100114,100,99976,100,100137,100,99966,100,100178,100,99958,100,100196,100,99956,100,100251,100,99950,100
2019-06-28 09:36:20.000000000,100047,258,100042,258,100066,258,100026,258,100073,100,99986,100,100084,100,99985,100,100092,100,99977,200,100114,100,99976,100,100137,100,99966,100,100178,100,99958,100,100196,100,99956,100,100251,100,99950,100
2019-06-28 09:36:20.497858031,100047,258,100042,258,100066,258,100026,158,100073,100,99986,100,100084,100,99985,100,100092,100,99977,200,100114,100,99976,100,100137,100,99966,100,100178,100,99958,100,100196,100,99956,100,100251,100,99950,100
2019-06-28 09:36:30.000000000,100047,163,100042,163,100066,163,99986,163,100073,163,99985,163,100084,163,99977,263,100092,163,99976,163,100114,100,99966,100,100137,100,99958,100,100178,100,99956,100,100196,100,99950,100,100251,100,99943,100
2019-06-28 09:36:39.410157017,100047,163,100042,263,100066,163,99986,163,100073,163,99985,163,100084,163,99977,263,100092,163,99976,163,100114,100,99966,100,100137,100,99958,100,100178,100,99956,100,100196,100,99950,100,100251,100,99943,100
2019-06-28 09:36:40.000000000,100047,179,100042,279,100066,179,99986,179,100073,179,99985,179,100084,179,99977,279,100092,100,99976,100,100114,100,99966,100,100137,100,99958,100,100178,100,99956,100,100196,100,99950,100,100251,100,99943,100
2019-06-28 09:36:50.000000000,100047,415,100042,515,100066,100,99986,100,100073,100,99985,100,100084,100,99977,200,100092,100,99976,100,100114,100,99966,100,100137,100,99958,100,100178,100,99956,100,100196,100,99950,100,100251,100,99943,100
2019-06-28 09:36:54.402269241,100047,315,100042,515,100066,100,99986,100,100073,100,99985,100,100084,100,99977,200,100092,100,99976,100,100114,100,99966,100,100137,100,99958,100,100178,100,99956,100,100196,100,99950,100,100251,100,99943,100
2019-06-28 09:37:00.000000000,100066,163,100042,263,100073,163,99986,163,100084,163,99985,163,100092,163,99977,263,100114,163,99976,163,100137,100,99966,100,100178,100,99958,100,100196,100,99956,100,100251,100,99950,100,100372,100,99943,100
2019-06-28 09:37:10.000000000,100066,258,100042,358,100073,258,99986,258,100084,100,99985,100,100092,100,99977,200,100114,100,99976,100,100137,100,99966,100,100178,100,99958,100,100196,100,99956,100,100251,100,99950,100,100372,100,99943,100
2019-06-28 09:37:16.240487378,100066,258,100042,358,100073,258,99986,258,100084,100,99985,100,100092,100,99977,200,100114,100,99976,100,100137,100,99958,100,100178,100,99956,100,100196,100,99950,100,100251,100,99943,100,100372,100,99937,100
2019-06-28 09:37:20.000000000,100066,415,100042,515,100073,100,99986,100,100084,100,99985,100,100092,100,99977,200,100114,100,99976,100,100137,100,99958,100,100178,100,99956,100,100196,100,99950,100,100251,100,99943,100,100372,100,99937,100
2019-06-28 09:37:30.000000000,100066,415,100042,515,100073,100,99986,100,100084,100,99985,100,100092,100,99977,200,100114,100,99976,100,100137,100,99958,100,100178,100,99956,100,100196,100,99950,100,100251,100,99943,100,100372,100,99937,100
2019-06-28 09:37:40.000000000,100066,207,100042,307,100073,204,99986,204,100084,204,99985,204,100092,100,99977,200,100114,100,99976,100,100137,100,99958,100,100178,100,99956,100,100196,100,99950,100,100251,100,99943,100,100372,100,99937,100
2019-06-28 09:37:50.000000000,100066,179,100042,279,100073,179,99986,179,100084,179,99985,179,100092,179,99977,279,100114,100,99976,100,100137,100,99958,100,100178,100,99956,100,100196,100,99950,100,100251,100,99943,100,100372,100,99937,100
2019-06-28 09:38:00.000000000,100066,163,100042,263,100073,163,99986,163,100084,163,99985,163,100092,163,99977,263,100114,163,99976,163,100137,100,99958,100,100178,100,99956,100,100196,100,99950,100,100251,100,99943,100,100372,100,99937,100
2019-06-28 09:38:01.614019208,100066,163,100042,163,100073,163,99986,163,100084,163,99985,163,100092,163,99977,263,100114,163,99976,163,100137,100,99958,100,100178,100,99956,100,100196,100,99950,100,100251,100,99943,100,100372,100,99937,100
2019-06-28 09:38:05.517192527,100066,163,100042,63,100073,163,99986,163,100084,163,99985,163,100092,163,99977,263,100114,163,99976,163,100137,100,99958,100,100178,100,99956,100,100196,100,99950,100,100251,100,99943,100,100372,100,99937,100
2019-06-28 09:38:10.000000000,100066,163,99986,163,100073,163,99985,163,100084,163,99977,263,100092,163,99976,163,100114,163,99958,163,100137,100,99956,100,100178,100,99950,100,100196,100,99943,100,100251,100,99937,100,100372,100,99935,200
2019-06-28 09:38:20.000000000,100066,207,99986,207,100073,204,99985,204,100084,204,99977,304,100092,100,99976,100,100114,100,99958,100,100137,100,99956,100,100178,100,99950,100,100196,100,99943,100,100251,100,99937,100,100372,100,99935,200
2019-06-28 09:38:20.017575886,100066,207,99986,107,100073,204,99985,204,100084,204,99977,304,100092,100,99976,100,100114,100,99958,100,100137,100,99956,100,100178,100,99950,100,100196,100,99943,100,100251,100,99937,100,100372,100,99935,200
2019-06-28 09:38:30.000000000,100066,163,99985,163,100073,163,99977,263,100084,163,99976,163,100092,163,99958,163,100114,163,99956,163,100137,100,99950,100,100178,100,99943,100,100196,100,99937,100,100251,100,99935,200,100372,100,99929,100
2019-06-28 09:38:40.000000000,100066,207,99985,207,100073,204,99977,304,100084,204,99976,204,100092,100,99958,100,100114,100,99956,100,100137,100,99950,100,100178,100,99943,100,100196,100,99937,100,100251,100,99935,200,100372,100,99929,100
2019-06-28 09:38:48.229949419,100066,207,99987,100,100073,204,99985,207,100084,204,99977,304,100092,100,99976,204,100114,100,99958,100,100137,100,99956,100,100178,100,99950,100,100196,100,99943,100,100251,100,99937,100,100372,100,99935,200
2019-06-28 09:38:50.000000000,100066,207,99987,207,100073,204,99985,204,100084,204,99977,304,100092,100,99976,100,100114,100,99958,100,100137,100,99956,100,100178,100,99950,100,100196,100,99943,100,100251,100,99937,100,100372,100,99935,200
2019-06-28 09:38:50.136356360,100066,107,99987,207,100073,204,99985,204,100084,204,99977,304,100092,100,99976,100,100114,100,99958,100,100137,100,99956,100,100178,100,99950,100,100196,100,99943,100,100251,100,99937,100,100372,100,99935,200
2019-06-28 09:39:00.000000000,100073,207,99987,207,100084,204,99985,204,100092,204,99977,304,100114,100,99976,100,100137,100,99958,100,100178,100,99956,100,100196,100,99950,100,100251,100,99943,100,100372,100,99937,100,100465,100,99935,200
2019-06-28 09:39:08.864379943,100073,207,99987,207,100084,204,99985,204,100092,204,99977,304,100114,100,99976,100,100137,100,99958,100,100178,100,99956,100,100196,100,99950,100,100251,100,99943,100,100372,100,99937,100,100465,100,99935,200
2019-06-28 09:39:10.000000000,100073,258,99987,258,100084,258,99985,258,100092,100,99977,200,100114,100,99976,100,100137,100,99958,100,100178,100,99956,100,100196,100,99950,100,100251,100,99943,100,100372,100,99937,100,100465,100,99935,200
2019-06-28 09:39:15.568909838,100073,258,99988,100,100084,258,99987,158,100092,100,99985,258,100114,100,99977,200,100137,100,99976,100,100178,100,99958,100,100196,100,99956,100,100251,100,99950,100,100372,100,99943,100,100465,100,99937,100
2019-06-28 09:39:20.000000000,100073,415,99988,415,100084,100,99985,100,100092,100,99977,200,100114,100,99976,100,100137,100,99958,100,100178,100,99956,100,100196,100,99950,100,100251,100,99943,100,100372,100,99937,100,100465,100,99935,200
2019-06-28 09:39:30.000000000,100073,207,99988,207,100084,204,99985,204,100092,204,99977,304,100114,100,99976,100,100137,100,99958,100,100178,100,99956,100,100196,100,99950,100,100251,100,99943,100,100372,100,99937,100,100465,100,99935,200
2019-06-28 09:39:40.000000000,100073,179,99988,179,100084,179,99985,179,100092,179,99977,279,100114,179,99976,179,100137,100,99958,100,100178,100,99956,100,100196,100,99950,100,100251,100,99943,100,100372,100,99937,100,100465,100,99935,200
2019-06-28 09:39:41.733595633,100073,179,99988,279,100084,179,99985,179,100092,179,99977,279,100114,179,99976,179,100137,100,99958,100,100178,100,99956,100,100196,100,99950,100,100251,100,99943,100,100372,100,99937,100,100465,100,99935,200
2019-06-28 09:39:50.000000000,100073,179,99988,279,100084,179,99985,179,100092,179,99977,279,100114,179,99976,179,100137,100,99958,100,100178,100,99956,100,100196,100,99950,100,100251,100,99943,100,100372,100,99937,100,100465,100,99935,200
2019-06-28 09:40:00.000000000,100073,415,99988,515,100084,100,99985,100,100092,100,99977,200,100114,100,99976,100,100137,100,99958,100,100178,100,99956,100,100196,100,99950,100,100251,100,99943,100,100372,100,99937,100,100465,100,99935,200
2019-06-28 09:40:07.154631297,100073,415,99988,515,100084,100,99985,100,100092,100,99977,100,100114,100,99976,100,100137,100,99958,100,100173,100,99956,100,100178,100,99950,100,100196,100,99943,100,100251,100,99937,100,100372,100,99935,200
2019-06-28 09:40:10.000000000,100073,179,99988,279,100084,179,99985,179,100092,179,99977,179,100114,179,99976,179,100137,100,99958,100,100173,100,99956,100,100178,100,99950,100,100196,100,99943,100,100251,100,99937,100,100372,100,99935,200
2019-06-28 09:40:20.000000000,100073,415,99988,515,100084,100,99985,100,100092,100,99977,100,100114,100,99976,100,100137,100,99958,100,100173,100,99956,100,100178,100,99950,100,100196,100,99943,100,100251,100,99937,100,100372,100,99935,200
2019-06-28 09:40:30.000000000,100073,258,99988,358,100084,258,99985,258,100092,100,99977,100,100114,100,99976,100,100137,100,99958,100,100173,100,99956,100,100178,100,99950,100,100196,100,99943,100,100251,100,99937,100,100372,100,99935,200
2019-06-28 09:40:40.000000000,100073,415,99988,515,100084,100,99985,100,100092,100,99977,100,100114,100,99976,100,100137,100,99958,100,100173,100,99956,100,100178,100,99950,100,100196,100,99943,100,100251,100,99937,100,100372,100,99935,200
2019-06-28 09:40:50.000000000,100073,207,99988,307,100084,204,99985,204,100092,204,99977,204,100114,100,99976,100,100137,100,99958,100,100173,100,99956,100,100178,100,99950,100,100196,100,99943,100,100251,100,99937,100,100372,100,99935,200
2019-06-28 09:40:50.964373228,100073,207,99988,207,100084,204,99985,204,100092,204,99977,204,100114,100,99976,100,100137,100,99958,100,100173,100,99956,100,100178,100,99950,100,100196,100,99937,100,100251,100,99935,200,100372,100,99929,100
2019-06-28 09:41:00.000000000,100073,415,99988,415,100084,100,99985,100,100092,100,99977,100,100114,100,99976,100,100137,100,99958,100,100173,100,99956,100,100178,100,99950,100,100196,100,99937,100,100251,100,99935,200,100372,100,99929,100
2019-06-28 09:41:07.569663089,100073,415,99988,415,100084,100,99985,100,100092,100,99977,100,100114,100,99976,100,100137,100,99958,100,100173,100,99956,100,100178,100,99950,100,100251,100,99937,100,100372,100,99935,200,100465,100,99929,100
2019-06-28 09:41:10.000000000,100073,415,99988,415,100084,100,99985,100,100092,100,99977,100,100114,100,99976,100,100137,100,99958,100,100173,100,99956,100,100178,100,99950,100,100251,100,99937,100,100372,100,99935,200,100465,100,99929,100
2019-06-28 09:41:16.971632320,100073,415,99988,415,100084,100,99985,100,100092,100,99977,100,100114,100,99976,100,100137,100,99958,100,100173,100,99956,100,100178,100,99950,100,100251,100,99937,100,100465,100,99935,200,100512,100,99929,100
2019-06-28 09:41:20.000000000,100073,258,99988,258,100084,258,99985,258,100092,100,99977,100,100114,100,99976,100,100137,100,99958,100,100173,100,99956,100,100178,100,99950,100,100251,100,99937,100,100465,100,99935,200,100512,100,99929,100
2019-06-28 09:41:30.000000000,100073,163,99988,163,100084,163,99985,163,100092,163,99977,163,100114,163,99976,163,100137,163,99958,163,100173,100,99956,100,100178,100,99950,100,100251,100,99937,100,100465,100,99935,200,100512,100,99929,100
2019-06-28 09:41:40.000000000,100073,179,99988,179,100084,179,99985,179,100092,179,99977,179,100114,179,99976,179,100137,100,99958,100,100173,100,99956,100,100178,100,99950,100,100251,100,99937,100,100465,100,99935,200,100512,100,99929,100
2019-06-28 09:41:47.986370675,100065,100,99988,79,100073,179,99985,179,100084,179,99977,179,100092,179,99976,179,100114,179,99958,100,100137,100,99956,100,100173,100,99950,100,100178,100,99937,100,100251,100,99935,200,100465,100,99929,100
2019-06-28 09:41:50.000000000,100065,258,99985,258,100073,258,99977,258,100084,100,99976,100,100092,100,99958,100,100114,100,99956,100,100137,100,99950,100,100173,100,99937,100,100178,100,99935,200,100251,100,99929,100,100465,100,99923,100
2019-06-28 09:42:00.000000000,100065,163,99985,163,100073,163,99977,163,100084,163,99976,163,100092,163,99958,163,100114,163,99956,163,100137,100,99950,100,100173,100,99937,100,100178,100,99935,200,100251,100,99929,100,100465,100,99923,100
2019-06-28 09:42:10.000000000,100065,163,99985,163,100073,163,99977,163,100084,163,99976,163,100092,163,99958,163,100114,163,99956,163,100137,100,99950,100,100173,100,99937,100,100178,100,99935,200,100251,100,99929,100,100465,100,99923,100
2019-06-28 09:42:17.621261186,100065,163,99985,163,100073,163,99977,163,100084,163,99976,163,100092,163,99958,163,100114,163,99956,163,100137,100,99950,100,100139,100,99937,100,100173,100,99935,200,100178,100,99929,100,100251,100,99923,100
2019-06-28 09:42:19.590529147,100065,163,99985,163,100073,163,99977,163,100084,163,99976,163,100092,163,99958,163,100097,100,99956,163,100114,163,99950,100,100137,100,99937,100,100139,100,99935,200,100173,100,99929,100,100178,100,99923,100
2019-06-28 09:42:20.000000000,100065,258,99985,258,100073,258,99977,258,100084,100,99976,100,100092,100,99958,100,100097,100,99956,100,100114,100,99950,100,100137,100,99937,100,100139,100,99935,200,100173,100,99929,100,100178,100,99923,100
2019-06-28 09:42:29.439468984,100065,258,99985,258,100073,258,99977,258,100084,100,99976,100,100092,100,99958,100,100097,100,99956,100,100114,100,99950,100,100139,100,99949,100,100173,100,99937,100,100178,100,99935,200,100251,100,99929,100
2019-06-28 09:42:30.000000000,100065,207,99985,207,100073,204,99977,204,100084,204,99976,204,100092,100,99958,100,100097,100,99956,100,100114,100,99950,100,100139,100,99949,100,100173,100,99937,100,100178,100,99935,200,100251,100,99929,100
2019-06-28 09:42:33.886571768,100065,207,99985,207,100073,204,99977,204,100084,204,99976,204,100092,100,99958,100,100097,100,99956,100,100114,100,99950,100,100139,100,99949,100,100173,100,99937,100,100178,100,99935,200,100251,100,99929,100
2019-06-28 09:42:40.000000000,100065,207,99985,207,100073,204,99977,204,100084,204,99976,204,100092,100,99958,100,100097,100,99956,100,100114,100,99950,100,100139,100,99949,100,100173,100,99937,100,100178,100,99935,200,100251,100,99929,100
2019-06-28 09:42:50.000000000,100065,179,99985,179,100073,179,99977,179,100084,179,99976,179,100092,179,99958,179,100097,100,99956,100,100114,100,99950,100,100139,100,99949,100,100173,100,99937,100,100178,100,99935,200,100251,100,99929,100
2019-06-28 09:42:57.774198210,100065,179,100007,100,100073,179,99985,179,100084,179,99977,179,100092,179,99976,179,100097,100,99958,179,100114,100,99956,100,100139,100,99950,100,100173,100,99949,100,100178,100,99937,100,100251,100,99935,200
2019-06-28 09:43:00.000000000,100065,207,100007,207,100073,204,99985,204,100084,204,99977,204,100092,100,99976,100,100097,100,99958,100,100114,100,99956,100,100139,100,99950,100,100173,100,99949,100,100178,100,99937,100,100251,100,99935,200
2019-06-28 09:43:10.000000000,100065,415,100007,415,100073,100,99985,100,100084,100,99977,100,100092,100,99976,100,100097,100,99958,100,100114,100,99956,100,100139,100,99950,100,100173,100,99949,100,100178,100,99937,100,100251,100,99935,200
2019-06-28 09:43:20.000000000,100065,207,100007,207,100073,204,99985,204,100084,204,99977,204,100092,100,99976,100,100097,100,99958,100,100114,100,99956,100,100139,100,99950,100,100173,100,99949,100,100178,100,99937,100,100251,100,99935,200
2019-06-28 09:43:29.236365324,100065,207,100007,207,100073,204,99985,204,100084,204,99977,204,100092,100,99976,100,100097,100,99958,100,100114,100,99956,100,100139,100,99950,100,100173,100,99949,100,100178,100,99937,100,100251,100,99935,200
2019-06-28 09:43:30.000000000,100065,179,100007,179,100073,179,99985,179,100084,179,99977,179,100092,179,99976,179,100097,100,99958,100,100114,100,99956,100,100139,100,99950,100,100173,100,99949,100,100178,100,99937,100,100251,100,99935,200
2019-06-28 09:43:40.000000000,100065,163,100007,163,100073,163,99985,163,100084,163,99977,163,100092,163,99976,163,100097,163,99958,163,100114,100,99956,100,100139,100,99950,100,100173,100,99949,100,100178,100,99937,100,100251,100,99935,200
2019-06-28 09:43:50.000000000,100065,258,100007,258,100073,258,99985,258,100084,100,99977,100,100092,100,99976,100,100097,100,99958,100,100114,100,99956,100,100139,100,99950,100,100173,100,99949,100,100178,100,99937,100,100251,100,99935,200
2019-06-28 09:44:00.000000000,100065,415,100007,415,100073,100,99985,100,100084,100,99977,100,100092,100,99976,100,100097,100,99958,100,100114,100,99956,100,100139,100,99950,100,100173,100,99949,100,100178,100,99937,100,100251,100,99935,200
2019-06-28 09:44:07.149376806,100065,415,100007,415,100073,100,99977,100,100084,100,99976,100,100092,100,99958,100,100097,100,99956,100,100114,100,99950,100,100139,100,99949,100,100173,100,99937,100,100178,100,99935,200,100251,100,99929,100
2019-06-28 09:44:10.000000000,100065,163,100007,163,100073,163,99977,163,100084,163,99976,163,100092,163,99958,163,100097,163,99956,163,100114,100,99950,100,100139,100,99949,100,100173,100,99937,100,100178,100,99935,200,100251,100,99929,100
2019-06-28 09:44:20.000000000,100065,163,100007,163,100073,163,99977,163,100084,163,99976,163,100092,163,99958,163,100097,163,99956,163,100114,100,99950,100,100139,100,99949,100,100173,100,99937,100,100178,100,99935,200,100251,100,99929,100
2019-06-28 09:44:30.000000000,100065,207,100007,207,100073,204,99977,204,100084,204,99976,204,100092,100,99958,100,100097,100,99956,100,100114,100,99950,100,100139,100,99949,100,100173,100,99937,100,100178,100,99935,200,100251,100,99929,100
2019-06-28 09:44:30.684710212,100065,207,100007,307,100073,204,99977,204,100084,204,99976,204,100092,100,99958,100,100097,100,99956,100,100114,100,99950,100,100139,100,99949,100,100173,100,99937,100,100178,100,99935,200,100251,100,99929,100
2019-06-28 09:44:33.845451040,100065,207,100007,307,100073,204,99977,204,100084,204,99976,204,100092,100,99958,100,100097,100,99956,100,100114,100,99950,100,100139,100,99949,100,100173,100,99937,100,100178,100,99935,200,100251,100,99929,100
2019-06-28 09:44:40.000000000,100065,415,100007,515,100073,100,99977,100,100084,100,99976,100,100092,100,99958,100,100097,100,99956,100,100114,100,99950,100,100139,100,99949,100,100173,100,99937,100,100178,100,99935,200,100251,100,99929,100
2019-06-28 09:44:49.596494332,100065,315,100007,515,100073,100,99977,100,100084,100,99976,100,100092,100,99958,100,100097,100,99956,100,100114,100,99950,100,100139,100,99949,100,100173,100,99937,100,100178,100,99935,200,100251,100,99929,100
2019-06-28 09:44:50.000000000,100073,163,100007,263,100084,163,99977,163,100092,163,99976,163,100097,163,99958,163,100114,163,99956,163,100139,100,99950,100,100173,100,99949,100,100178,100,99937,100,100251,100,99935,200,100465,100,99929,100
2019-06-28 09:44:53.920711681,100073,163,100007,263,100080,100,99977,163,100084,163,99976,163,100092,163,99958,163,100097,163,99956,163,100114,163,99950,100,100139,100,99949,100,100173,100,99937,100,100178,100,99935,200,100251,100,99929,100
2019-06-28 09:44:54.012312480,100073,163,100007,263,100080,100,99977,163,100084,163,99976,163,100092,163,99958,163,100097,163,99956,163,100114,163,99950,100,100139,100,99949,100,100162,100,99937,100,100173,100,99935,200,100178,100,99929,100
2019-06-28 09:45:00.000000000,100073,258,100007,358,100080,258,99977,258,100084,100,99976,100,100092,100,99958,100,100097,100,99956,100,100114,100,99950,100,100139,100,99949,100,100162,100,99937,100,100173,100,99935,200,100178,100,99929,100
2019-06-28 09:45:10.000000000,100073,179,100007,279,100080,179,99977,179,100084,179,99976,179,100092,179,99958,179,100097,100,99956,100,100114,100,99950,100,100139,100,99949,100,100162,100,99937,100,100173,100,99935,200,100178,100,99929,100
2019-06-28 09:45:15.977278793,100073,179,100007,279,100080,179,99977,179,100084,179,99976,179,100092,179,99958,179,100097,100,99956,100,100114,100,99950,100,100139,100,99949,100,100162,100,99937,100,100173,100,99935,200,100178,100,99929,100
2019-06-28 09:45:20.000000000,100073,415,100007,515,100080,100,99977,100,100084,100,99976,100,100092,100,99958,100,100097,100,99956,100,100114,100,99950,100,100139,100,99949,100,100162,100,99937,100,100173,100,99935,200,100178,100,99929,100
2019-06-28 09:45:24.685724768,100073,315,100007,515,100080,100,99977,100,100084,100,99976,100,100092,100,99958,100,100097,100,99956,100,100114,100,99950,100,100139,100,99949,100,100162,100,99937,100,100173,100,99935,200,100178,100,99929,100
2019-06-28 09:45:30.000000000,100080,179,100007,279,100084,179,99977,179,100092,179,99976,179,100097,179,99958,179,100114,100,99956,100,100139,100,99950,100,100162,100,99949,100,100173,100,99937,100,100178,100,99935,200,100251,100,99929,100
2019-06-28 09:45:40.000000000,100080,163,100007,263,100084,163,99977,163,100092,163,99976,163,100097,163,99958,163,100114,163,99956,163,100139,100,99950,100,100162,100,99949,100,100173,100,99937,100,100178,100,99935,200,100251,100,99929,100
2019-06-28 09:45:50.000000000,100080,415,100007,515,100084,100,99977,100,100092,100,99976,100,100097,100,99958,100,100114,100,99956,100,100139,100,99950,100,100162,100,99949,100,100173,100,99937,100,100178,100,99935,200,100251,100,99929,100
2019-06-28 09:45:51.955028473,100080,315,100007,515,100084,100,99977,100,100092,100,99976,100,100097,100,99958,100,100114,100,99956,100,100139,100,99950,100,100162,100,99949,100,100173,100,99937,100,100178,100,99935,200,100251,100,99929,100
2019-06-28 09:46:00.000000000,100084,258,100007,358,100092,258,99977,258,100097,100,99976,100,100114,100,99958,100,100139,100,99956,100,100162,100,99950,100,100173,100,99949,100,100178,100,99937,100,100251,100,99935,200,100308,100,99929,100
2019-06-28 09:46:10.000000000,100084,415,100007,515,100092,100,99977,100,100097,100,99976,100,100114,100,99958,100,100139,100,99956,100,100162,100,99950,100,100173,100,99949,100,100178,100,99937,100,100251,100,99935,200,100308,100,99929,100
2019-06-28 09:46:18.422837625,100084,415,100007,515,100092,100,99977,100,100097,100,99976,100,100114,100,99958,100,100139,100,99956,100,100162,100,99950,100,100173,100,99949,100,100178,100,99937,100,100251,100,99935,200,100308,100,99929,100
2019-06-28 09:46:19.128612426,100084,315,100007,515,100092,100,99977,100,100097,100,99976,100,100114,100,99958,100,100139,100,99956,100,100162,100,99950,100,100173,100,99949,100,100178,100,99937,100,100251,100,99935,200,100308,100,99929,100
2019-06-28 09:46:20.000000000,100092,415,100007,515,100097,100,99977,100,100114,100,99976,100,100139,100,99958,100,100162,100,99956,100,100173,100,99950,100,100178,100,99949,100,100251,100,99937,100,100308,100,99935,200,100465,100,99929,100
2019-06-28 09:46:30.000000000,100092,163,100007,263,100097,163,99977,163,100114,163,99976,163,100139,163,99958,163,100162,163,99956,163,100173,100,99950,100,100178,100,99949,100,100251,100,99937,100,100308,100,99935,200,100465,100,99929,100
2019-06-28 09:46:40.000000000,100092,207,100007,307,100097,204,99977,204,100114,204,99976,204,100139,100,99958,100,100162,100,99956,100,100173,100,99950,100,100178,100,99949,100,100251,100,99937,100,100308,100,99935,200,100465,100,99929,100
2019-06-28 09:46:50.000000000,100092,415,100007,515,100097,100,99977,100,100114,100,99976,100,100139,100,99958,100,100162,100,99956,100,100173,100,99950,100,100178,100,99949,100,100251,100,99937,100,100308,100,99935,200,100465,100,99929,100
2019-06-28 09:46:55.720236419,100092,415,100007,515,100097,100,99977,100,100114,100,99976,100,100139,100,99958,100,100162,100,99956,100,100173,100,99950,100,100178,100,99949,100,100251,100,99937,100,100308,100,99935,200,100465,100,99929,100
2019-06-28 09:47:00.000000000,100092,415,100007,515,100097,100,99977,100,100114,100,99976,100,100139,100,99958,100,100162,100,99956,100,100173,100,99950,100,100178,100,99949,100,100251,100,99937,100,100308,100,99935,200,100465,100,99929,100
2019-06-28 09:47:10.000000000,100092,258,100007,358,100097,258,99977,258,100114,100,99976,100,100139,100,99958,100,100162,100,99956,100,100173,100,99950,100,100178,100,99949,100,100251,100,99937,100,100308,100,99935,200,100465,100,99929,100
2019-06-28 09:47:20.000000000,100092,179,100007,279,100097,179,99977,179,100114,179,99976,179,100139,179,99958,179,100162,100,99956,100,100173,100,99950,100,100178,100,99949,100,100251,100,99937,100,100308,100,99935,200,100465,100,99929,100
2019-06-28 09:47:30.000000000,100092,207,100007,307,100097,204,99977,204,100114,204,99976,204,100139,100,99958,100,100162,100,99956,100,100173,100,99950,100,100178,100,99949,100,100251,100,99937,100,100308,100,99935,200,100465,100,99929,100
2019-06-28 09:47:40.000000000,100092,258,100007,358,100097,258,99977,258,100114,100,99976,100,100139,100,99958,100,100162,100,99956,100,100173,100,99950,100,100178,100,99949,100,100251,100,99937,100,100308,100,99935,200,100465,100,99929,100
2019-06-28 09:47:46.143415828,100092,258,100007,358,100097,258,99977,258,100114,100,99976,100,100139,100,99958,100,100162,100,99956,100,100173,100,99950,100,100178,100,99949,100,100251,100,99937,100,100308,100,99935,200,100465,100,99929,100
2019-06-28 09:47:47.682347365,100092,158,100007,358,100097,258,99977,258,100114,100,99976,100,100139,100,99958,100,100162,100,99956,100,100173,100,99950,100,100178,100,99949,100,100251,100,99937,100,100308,100,99935,200,100465,100,99929,100
2019-06-28 09:47:50.000000000,100097,258,100007,358,100114,258,99977,258,100139,100,99976,100,100162,100,99958,100,100173,100,99956,100,100178,100,99950,100,100251,100,99949,100,100308,100,99937,100,100465,100,99935,200,100468,100,99929,100
2019-06-28 09:48:00.000000000,100097,415,100007,515,100114,100,99977,100,100139,100,99976,100,100162,100,99958,100,100173,100,99956,100,100178,100,99950,100,100251,100,99949,100,100308,100,99937,100,100465,100,99935,200,100468,100,99929,100
2019-06-28 09:48:10.000000000,100097,258,100007,358,100114,258,99977,258,100139,100,99976,100,100162,100,99958,100,100173,100,99956,100,100178,100,99950,100,100251,100,99949,100,100308,100,99937,100,100465,100,99935,200,100468,100,99929,100
2019-06-28 09:48:20.000000000,100097,415,100007,515,100114,100,99977,100,100139,100,99976,100,100162,100,99958,100,100173,100,99956,100,100178,100,99950,100,100251,100,99949,100,100308,100,99937,100,100465,100,99935,200,100468,100,99929,100
2019-06-28 09:48:20.554530452,100097,315,100007,515,100114,100,99976,100,100139,100,99958,100,100162,100,99956,100,100173,100,99950,100,100178,100,99949,100,100251,100,99937,100,100308,100,99935,200,100465,100,99929,100,100468,100,99879,100
2019-06-28 09:48:25.786770754,100097,215,100007,515,100114,100,99976,100,100139,100,99958,100,100162,100,99956,100,100173,100,99950,100,100178,100,99949,100,100251,100,99937,100,100308,100,99935,200,100465,100,99929,100,100468,100,99879,100
2019-06-28 09:48:30.000000000,100114,258,100007,358,100139,258,99976,258,100162,100,99958,100,100173,100,99956,100,100178,100,99950,100,100251,100,99949,100,100308,100,99937,100,100465,100,99935,200,100468,100,99929,100,100495,100,99879,100
2019-06-28 09:48:31.859214525,100114,158,100007,358,100139,258,99976,258,100162,100,99958,100,100173,100,99956,100,100178,100,99950,100,100251,100,99949,100,100308,100,99937,100,100465,100,99935,200,100495,100,99929,100,100817,100,99879,100
2019-06-28 09:48:40.000000000,100139,207,100007,307,100162,204,99976,204,100173,204,99958,204,100178,100,99956,100,100251,100,99950,100,100308,100,99949,100,100465,100,99937,100,100495,100,99935,200,100817,100,99929,100,101016,100,99879,100
2019-06-28 09:48:42.658385700,100139,107,100007,307,100162,204,99976,204,100173,204,99958,204,100178,100,99956,100,100251,100,99950,100,100308,100,99949,100,100465,100,99937,100,100495,100,99935,200,100817,100,99929,100,101016,100,99879,100
2019-06-28 09:48:44.104895576,100139,107,100007,307,100162,204,99976,204,100173,204,99958,204,100178,100,99956,100,100251,100,99950,100,100308,100,99949,100,100465,100,99937,100,100495,100,99935,200,100817,100,99929,100,101016,100,99879,100
2019-06-28 09:48:50.000000000,100162,207,100007,307,100173,204,99976,204,100178,204,99958,204,100251,100,99956,100,100308,100,99950,100,100465,100,99949,100,100495,100,99937,100,100817,100,99935,200,101016,100,99929,100,101270,100,99879,100
2019-06-28 09:48:53.763230700,100162,207,100114,100,100173,204,100007,307,100178,204,99976,204,100251,100,99958,204,100308,100,99956,100,100465,100,99950,100,100495,100,99949,100,100817,100,99937,100,101016,100,99935,200,101270,100,99929,100
2019-06-28 09:48:56.943594764,100162,207,100114,100,100173,204,100007,307,100178,204,99976,204,100251,100,99958,204,100308,100,99956,100,100495,100,99950,100,100817,100,99949,100,101016,100,99937,100,101055,100,99935,200,101270,100,99929,100
2019-06-28 09:48:58.141258984,100162,107,100114,100,100173,204,100007,307,100178,204,99976,204,100251,100,99958,204,100308,100,99956,100,100495,100,99950,100,100817,100,99949,100,101016,100,99937,100,101055,100,99935,200,101270,100,99929,100
2019-06-28 09:49:00.000000000,100173,179,100114,179,100178,179,100007,279,100251,179,99976,179,100308,179,99958,179,100495,100,99956,100,100817,100,99950,100,101016,100,99949,100,101055,100,99937,100,101270,100,99935,200,,,99929,100
2019-06-28 09:49:01.987730741,100173,179,100114,179,100178,179,100007,279,100251,179,99976,179,100308,179,99958,179,100495,100,99956,100,101016,100,99950,100,101055,100,99949,100,101060,100,99937,100,101270,100,99935,200,,,99929,100
2019-06-28 09:49:10.000000000,100173,163,100114,163,100178,163,100007,263,100251,163,99976,163,100308,163,99958,163,100495,163,99956,163,101016,100,99950,100,101055,100,99949,100,101060,100,99937,100,101270,100,99935,200,,,99929,100
2019-06-28 09:49:20.000000000,100173,179,100114,179,100178,179,100007,279,100251,179,99976,179,100308,179,99958,179,100495,100,99956,100,101016,100,99950,100,101055,100,99949,100,101060,100,99937,100,101270,100,99935,200,,,99929,100
2019-06-28 09:49:29.849986564,100173,79,100114,179,100178,179,100007,279,100251,179,99976,179,100308,179,99958,179,100495,100,99956,100,101055,100,99950,100,101060,100,99949,100,101270,100,99937,100,,,99935,200,,,99929,100
2019-06-28 09:49:30.000000000,100178,207,100114,207,100251,204,100007,304,100308,204,99976,204,100495,100,99958,100,101055,100,99956,100,101060,100,99950,100,101270,100,99949,100,,,99937,100,,,99935,200,,,99929,100
2019-06-28 09:49:38.819503333,100178,207,100114,207,100251,204,100007,304,100308,204,99976,204,100495,100,99958,100,100753,100,99956,100,101055,100,99950,100,101060,100,99949,100,101270,100,99937,100,,,99935,200,,,99929,100
2019-06-28 09:49:40.000000000,100178,163,100114,163,100251,163,100007,263,100308,163,99976,163,100495,163,99958,163,100753,163,99956,163,101055,100,99950,100,101060,100,99949,100,101270,100,99937,100,,,99935,200,,,99929,100
2019-06-28 09:49:50.000000000,100178,415,100114,415,100251,100,100007,200,100308,100,99976,100,100495,100,99958,100,100753,100,99956,100,101055,100,99950,100,101060,100,99949,100,101270,100,99937,100,,,99935,200,,,99929,100
2019-06-28 09:49:53.335917896,100178,415,100114,415,100251,100,100007,200,100308,100,99976,100,100495,100,99956,100,100753,100,99950,100,100871,100,99949,100,101055,100,99937,100,101060,100,99935,200,101270,100,99929,100,,,99879,100
2019-06-28 09:49:58.369557888,100178,415,100162,100,100251,100,100114,415,100308,100,100007,200,100495,100,99976,100,100753,100,99956,100,100871,100,99950,100,101055,100,99949,100,101060,100,99937,100,101270,100,99935,200,,,99929,100
2019-06-28 09:50:00.000000000,100178,179,100162,179,100251,179,100114,179,100308,179,100007,279,100495,179,99976,179,100753,100,99956,100,100871,100,99950,100,101055,100,99949,100,101060,100,99937,100,101270,100,99935,200,,,99929,100
2019-06-28 09:50:10.000000000,100178,207,100162,207,100251,204,100114,204,100308,204,100007,304,100495,100,99976,100,100753,100,99956,100,100871,100,99950,100,101055,100,99949,100,101060,100,99937,100,101270,100,99935,200,,,99929,100
2019-06-28 09:50:20.000000000,100178,258,100162,258,100251,258,100114,258,100308,100,100007,200,100495,100,99976,100,100753,100,99956,100,100871,100,99950,100,101055,100,99949,100,101060,100,99937,100,101270,100,99935,200,,,99929,100
2019-06-28 09:50:30.000000000,100178,415,100162,415,100251,100,100114,100,100308,100,100007,200,100495,100,99976,100,100753,100,99956,100,100871,100,99950,100,101055,100,99949,100,101060,100,99937,100,101270,100,99935,200,,,99929,100
2019-06-28 09:50:30.812625757,100178,415,100162,515,100251,100,100114,100,100308,100,100007,200,100495,100,99976,100,100753,100,99956,100,100871,100,99950,100,101055,100,99949,100,101060,100,99937,100,101270,100,99935,200,,,99929,100
2019-06-28 09:50:40.000000000,100178,415,100162,515,100251,100,100114,100,100308,100,100007,200,100495,100,99976,100,100753,100,99956,100,100871,100,99950,100,101055,100,99949,100,101060,100,99937,100,101270,100,99935,200,,,99929,100
2019-06-28 09:50:45.774711873,100178,415,100162,515,100251,100,100114,100,100308,100,100007,200,100495,100,99976,100,100753,100,99956,100,100871,100,99950,100,101055,100,99949,100,101060,100,99937,100,101270,100,99935,200,101989,100,99879,100
2019-06-28 09:50:49.284817534,100178,415,100162,515,100251,100,100114,100,100308,100,100007,200,100495,100,99976,100,100753,100,99956,100,100871,100,99950,100,101055,100,99937,100,101060,100,99935,200,101270,100,99879,100,101717,100,99844,100
2019-06-28 09:50:50.000000000,100178,258,100162,358,100251,258,100114,258,100308,100,100007,200,100495,100,99976,100,100753,100,99956,100,100871,100,99950,100,101055,100,99937,100,101060,100,99935,200,101270,100,99879,100,101717,100,99844,100
2019-06-28 09:51:00.000000000,100178,258,100162,358,100251,258,100114,258,100308,100,100007,200,100495,100,99976,100,100753,100,99956,100,100871,100,99950,100,101055,100,99937,100,101060,100,99935,200,101270,100,99879,100,101717,100,99844,100
2019-06-28 09:51:10.000000000,100178,163,100162,263,100251,163,100114,163,100308,163,100007,263,100495,163,99976,163,100753,163,99956,163,100871,100,99950,100,101055,100,99937,100,101060,100,99935,200,101270,100,99879,100,101717,100,99844,100
2019-06-28 09:51:13.368313515,100178,163,100162,363,100251,163,100114,163,100308,163,100007,263,100495,163,99976,163,100753,163,99956,163,100871,100,99950,100,101055,100,99937,100,101060,100,99935,200,101270,100,99879,100,101717,100,99844,100
2019-06-28 09:51:20.000000000,100178,258,100162,458,100251,258,100114,258,100308,100,100007,200,100495,100,99976,100,100753,100,99956,100,100871,100,99950,100,101055,100,99937,100,101060,100,99935,200,101270,100,99879,100,101717,100,99844,100
2019-06-28 09:51:30.000000000,100178,179,100162,379,100251,179,100114,179,100308,179,100007,279,100495,179,99976,179,100753,100,99956,100,100871,100,99950,100,101055,100,99937,100,101060,100,99935,200,101270,100,99879,100,101717,100,99844,100
2019-06-28 09:51:40.000000000,100178,415,100162,615,100251,100,100114,100,100308,100,100007,200,100495,100,99976,100,100753,100,99956,100,100871,100,99950,100,101055,100,99937,100,101060,100,99935,200,101270,100,99879,100,101717,100,99844,100
2019-06-28 09:51:43.798977341,100178,415,100162,615,100251,100,100114,100,100308,100,100007,200,100495,100,99976,100,100753,100,99956,100,100871,100,99950,100,101055,100,99937,100,101060,100,99935,200,101270,100,99879,100,101328,100,99844,100
2019-06-28 09:51:49.278487909,100178,315,100162,615,100251,100,100114,100,100308,100,100007,200,100495,100,99976,100,100753,100,99956,100,100871,100,99950,100,101055,100,99937,100,101060,100,99935,200,101270,100,99879,100,101328,100,99844,100
2019-06-28 09:51:50.000000000,100251,415,100162,615,100308,100,100114,100,100495,100,100007,200,100753,100,99976,100,100871,100,99956,100,101055,100,99950,100,101060,100,99937,100,101270,100,99935,200,101328,100,99879,100,101717,100,99844,100
2019-06-28 09:52:00.000000000,100251,415,100162,615,100308,100,100114,100,100495,100,100007,200,100753,100,99976,100,100871,100,99956,100,101055,100,99950,100,101060,100,99937,100,101270,100,99935,200,101328,100,99879,100,101717,100,99844,100
2019-06-28 09:52:08.333590777,100251,315,100162,615,100308,100,100114,100,100495,100,100007,200,100753,100,99976,100,100871,100,99956,100,101055,100,99937,100,101060,100,99935,200,101270,100,99879,100,101328,100,99844,100,101717,100,99831,100
2019-06-28 09:52:10.000000000,100308,207,100162,407,100495,204,100114,204,100753,204,100007,304,100871,100,99976,100,101055,100,99956,100,101060,100,99937,100,101270,100,99935,200,101328,100,99879,100,101717,100,99844,100,101989,100,99831,100
2019-06-28 09:52:11.606925372,100308,207,100162,407,100495,204,100114,204,100753,204,100007,304,100871,100,99976,100,101055,100,99956,100,101060,100,99937,100,101328,100,99935,200,101359,100,99879,100,101717,100,99844,100,101989,100,99831,100
2019-06-28 09:52:16.825545417,100308,207,100162,407,100495,104,100114,204,100753,204,100007,304,100871,100,99976,100,101055,100,99956,100,101060,100,99937,100,101328,100,99935,200,101359,100,99879,100,101409,100,99844,100,101717,100,99831,100
2019-06-28 09:52:19.475078581,100308,207,100162,407,100495,104,100114,204,100753,204,100007,304,100871,100,99976,100,101055,100,99956,100,101060,100,99937,100,101328,100,99935,200,101359,100,99879,100,101409,100,99844,100,101466,100,99831,100
2019-06-28 09:52:20.000000000,100308,258,100162,458,100753,258,100114,258,100871,100,100007,200,101055,100,99976,100,101060,100,99956,100,101328,100,99937,100,101359,100,99935,200,101409,100,99879,100,101466,100,99844,100,101717,100,99831,100
2019-06-28 09:52:30.000000000,100308,258,100162,458,100753,258,100114,258,100871,100,100007,200,101055,100,99976,100,101060,100,99956,100,101328,100,99937,100,101359,100,99935,200,101409,100,99879,100,101466,100,99844,100,101717,100,99831,100
2019-06-28 09:52:34.376443029,100308,158,100162,458,100753,258,100114,258,100871,100,100007,200,101055,100,99976,100,101060,100,99956,100,101328,100,99937,100,101359,100,99935,200,101409,100,99879,100,101466,100,99844,100,101717,100,99831,100
2019-06-28 09:52:40.000000000,100753,163,100162,363,100871,163,100114,163,101055,163,100007,263,101060,163,99976,163,101328,163,99956,163,101359,100,99937,100,101409,100,99935,200,101466,100,99879,100,101717,100,99844,100,101989,100,99831,100
2019-06-28 09:52:50.000000000,100753,179,100162,379,100871,179,100114,179,101055,179,100007,279,101060,179,99976,179,101328,100,99956,100,101359,100,99937,100,101409,100,99935,200,101466,100,99879,100,101717,100,99844,100,101989,100,99831,100
2019-06-28 09:53:00.000000000,100753,207,100162,407,100871,204,100114,204,101055,204,100007,304,101060,100,99976,100,101328,100,99956,100,101359,100,99937,100,101409,100,99935,200,101466,100,99879,100,101717,100,99844,100,101989,100,99831,100
2019-06-28 09:53:07.396176105,100753,207,100162,407,100871,204,100114,204,101055,204,100007,204,101060,100,99976,100,101101,100,99956,100,101328,100,99937,100,101359,100,99935,200,101409,100,99879,100,101466,100,99844,100,101717,100,99831,100
2019-06-28 09:53:10.000000000,100753,179,100162,379,100871,179,100114,179,101055,179,100007,179,101060,179,99976,179,101101,100,99956,100,101328,100,99937,100,101359,100,99935,200,101409,100,99879,100,101466,100,99844,100,101717,100,99831,100
2019-06-28 09:53:12.832026009,100753,79,100162,379,100871,179,100114,179,101055,179,100007,179,101060,179,99976,179,101328,100,99956,100,101359,100,99937,100,101409,100,99935,200,101466,100,99879,100,101717,100,99844,100,101989,100,99831,100
2019-06-28 09:53:20.000000000,100871,207,100162,407,101055,204,100114,204,101060,204,100007,204,101328,100,99976,100,101359,100,99956,100,101409,100,99937,100,101466,100,99935,200,101717,100,99879,100,101989,100,99844,100,,,99831,100
2019-06-28 09:53:30.000000000,100871,207,100162,407,101055,204,100114,204,101060,204,100007,204,101328,100,99976,100,101359,100,99956,100,101409,100,99937,100,101466,100,99935,200,101717,100,99879,100,101989,100,99844,100,,,99831,100
2019-06-28 09:53:40.000000000,100871,179,100162,379,101055,179,100114,179,101060,179,100007,179,101328,179,99976,179,101359,100,99956,100,101409,100,99937,100,101466,100,99935,200,101717,100,99879,100,101989,100,99844,100,,,99831,100
2019-06-28 09:53:50.000000000,100871,163,100162,363,101055,163,100114,163,101060,163,100007,163,101328,163,99976,163,101359,163,99956,163,101409,100,99937,100,101466,100,99935,200,101717,100,99879,100,101989,100,99844,100,,,99831,100
2019-06-28 09:53:51.952498449,100871,63,100469,100,101055,163,100162,363,101060,163,100114,163,101328,163,100007,163,101359,163,99976,163,101409,100,99956,163,101466,100,99937,100,101717,100,99935,200,101989,100,99879,100,,,99844,100
2019-06-28 09:53:54.453028189,100871,63,100469,100,101055,163,100344,100,101060,163,100162,363,101328,163,100114,163,101359,163,100007,163,101409,100,99976,163,101466,100,99956,163,101717,100,99937,100,101989,100,99935,200,,,99879,100
2019-06-28 09:54:00.000000000,101055,163,100469,163,101060,163,100344,163,101328,163,100162,363,101359,163,100114,163,101409,163,100007,163,101466,100,99976,100,101717,100,99956,100,101989,100,99937,100,,,99935,200,,,99879,100
2019-06-28 09:54:10.000000000,101055,179,100469,179,101060,179,100344,179,101328,179,100162,379,101359,179,100114,179,101409,100,100007,100,101466,100,99976,100,101717,100,99956,100,101989,100,99937,100,,,99935,200,,,99879,100
2019-06-28 09:54:20.000000000,101055,207,100469,207,101060,204,100344,204,101328,204,100162,404,101359,100,100114,100,101409,100,100007,100,101466,100,99976,100,101717,100,99956,100,101989,100,99937,100,,,99935,200,,,99879,100
2019-06-28 09:54:20.676842411,101055,207,100469,207,101060,204,100344,204,101328,204,100162,404,101359,100,100114,100,101409,100,100037,100,101466,100,100007,100,101717,100,99976,100,101989,100,99956,100,,,99937,100,,,99935,200
2019-06-28 09:54:22.937672677,101055,207,100469,107,101060,204,100344,204,101328,204,100162,404,101359,100,100114,100,101409,100,100037,100,101466,100,100007,100,101717,100,99976,100,101989,100,99956,100,,,99937,100,,,99935,200
2019-06-28 09:54:30.000000000,101055,258,100344,258,101060,258,100162,458,101328,100,100114,100,101359,100,100037,100,101409,100,100007,100,101466,100,99976,100,101717,100,99956,100,101989,100,99937,100,,,99935,200,,,99879,100
2019-06-28 09:54:32.079812981,100752,100,100344,258,101055,258,100162,458,101060,258,100114,100,101328,100,100037,100,101359,100,100007,100,101409,100,99976,100,101466,100,99956,100,101717,100,99937,100,101989,100,99935,200,,,99879,100
2019-06-28 09:54:37.935325394,100752,100,100344,258,101055,258,100162,458,101060,258,100114,100,101328,100,100037,100,101409,100,100007,100,101466,100,99976,100,101717,100,99956,100,101989,100,99937,100,,,99935,200,,,99879,100
2019-06-28 09:54:40.000000000,100752,163,100344,163,101055,163,100162,363,101060,163,100114,163,101328,163,100037,163,101409,163,100007,163,101466,100,99976,100,101717,100,99956,100,101989,100,99937,100,,,99935,200,,,99879,100
2019-06-28 09:54:50.000000000,100752,163,100344,163,101055,163,100162,363,101060,163,100114,163,101328,163,100037,163,101409,163,100007,163,101466,100,99976,100,101717,100,99956,100,101989,100,99937,100,,,99935,200,,,99879,100
2019-06-28 09:55:00.000000000,100752,163,100344,163,101055,163,100162,363,101060,163,100114,163,101328,163,100037,163,101409,163,100007,163,101466,100,99976,100,101717,100,99956,100,101989,100,99937,100,,,99935,200,,,99879,100
2019-06-28 09:55:10.000000000,100752,179,100344,179,101055,179,100162,379,101060,179,100114,179,101328,179,100037,179,101409,100,100007,100,101466,100,99976,100,101717,100,99956,100,101989,100,99937,100,,,99935,200,,,99879,100
2019-06-28 09:55:20.000000000,100752,207,100344,207,101055,204,100162,404,101060,204,100114,204,101328,100,100037,100,101409,100,100007,100,101466,100,99976,100,101717,100,99956,100,101989,100,99937,100,,,99935,200,,,99879,100
2019-06-28 09:55:30.000000000,100752,163,100344,163,101055,163,100162,363,101060,163,100114,163,101328,163,100037,163,101409,163,100007,163,101466,100,99976,100,101717,100,99956,100,101989,100,99937,100,,,99935,200,,,99879,100
2019-06-28 09:55:39.993852868,100752,163,100344,163,101055,163,100171,100,101060,163,100162,363,101328,163,100114,163,101409,163,100037,163,101466,100,100007,163,101717,100,99976,100,101989,100,99956,100,,,99937,100,,,99935,200
2019-06-28 09:55:40.000000000,100752,258,100344,258,101055,258,100171,258,101060,100,100162,300,101328,100,100114,100,101409,100,100037,100,101466,100,100007,100,101717,100,99976,100,101989,100,99956,100,,,99937,100,,,99935,200
2019-06-28 09:55:49.928388739,100752,258,100344,158,101055,258,100171,258,101060,100,100162,300,101328,100,100114,100,101409,100,100037,100,101466,100,100007,100,101717,100,99976,100,101989,100,99956,100,,,99937,100,,,99935,200
2019-06-28 09:55:50.000000000,100752,258,100171,258,101055,258,100162,458,101060,100,100114,100,101328,100,100037,100,101409,100,100007,100,101466,100,99976,100,101717,100,99956,100,101989,100,99937,100,,,99935,200,,,99879,100
2019-06-28 09:55:57.015091867,100469,100,100171,258,100752,258,100162,458,101055,258,100114,100,101060,100,100037,100,101328,100,100007,100,101409,100,99976,100,101466,100,99956,100,101717,100,99937,100,101989,100,99935,200,,,99879,100
2019-06-28 09:56:00.000000000,100469,258,100171,258,100752,258,100162,458,101055,100,100114,100,101060,100,100037,100,101328,100,100007,100,101409,100,99976,100,101466,100,99956,100,101717,100,99937,100,101989,100,99935,200,,,99879,100
2019-06-28 09:56:10.000000000,100469,207,100171,207,100752,204,100162,404,101055,204,100114,204,101060,100,100037,100,101328,100,100007,100,101409,100,99976,100,101466,100,99956,100,101717,100,99937,100,101989,100,99935,200,,,99879,100
2019-06-28 09:56:20.000000000,100469,415,100171,415,100752,100,100162,300,101055,100,100114,100,101060,100,100037,100,101328,100,100007,100,101409,100,99976,100,101466,100,99956,100,101717,100,99937,100,101989,100,99935,200,,,99879,100
2019-06-28 09:56:30.000000000,100469,179,100171,179,100752,179,100162,379,101055,179,100114,179,101060,179,100037,179,101328,100,100007,100,101409,100,99976,100,101466,100,99956,100,101717,100,99937,100,101989,100,99935,200,,,99879,100
2019-06-28 09:56:32.477108726,100469,279,100171,179,100752,179,100162,379,101055,179,100114,179,101060,179,100037,179,101328,100,100007,100,101409,100,99976,100,101466,100,99956,100,101717,100,99937,100,101989,100,99935,200,,,99879,100
2019-06-28 09:56:40.000000000,100469,279,100171,179,100752,179,100162,379,101055,179,100114,179,101060,179,100037,179,101328,100,100007,100,101409,100,99976,100,101466,100,99956,100,101717,100,99937,100,101989,100,99935,200,,,99879,100
2019-06-28 09:56:46.584103936,100469,179,100171,179,100752,179,100162,379,101055,179,100114,179,101060,179,100037,179,101328,100,99976,100,101409,100,99956,100,101466,100,99937,100,101717,100,99935,200,101989,100,99879,100,,,99844,100
2019-06-28 09:56:50.000000000,100469,179,100171,179,100752,179,100162,379,101055,179,100114,179,101060,179,100037,179,101328,100,99976,100,101409,100,99956,100,101466,100,99937,100,101717,100,99935,200,101989,100,99879,100,,,99844,100
2019-06-28 09:56:58.653715678,100469,179,100171,179,100526,100,100162,379,100752,179,100114,179,101055,79,100037,179,101060,179,99976,100,101328,100,99956,100,101409,100,99937,100,101466,100,99935,200,101717,100,99879,100,101989,100,99844,100
2019-06-28 09:56:59.077695189,100469,79,100171,179,100526,100,100162,379,100752,179,100114,179,101055,79,100037,179,101060,179,99976,100,101328,100,99956,100,101409,100,99937,100,101466,100,99935,200,101717,100,99879,100,101989,100,99844,100
2019-06-28 09:57:00.000000000,100526,163,100171,163,100752,163,100162,363,101060,163,100114,163,101328,163,100037,163,101409,163,99976,163,101466,100,99956,100,101717,100,99937,100,101989,100,99935,200,,,99879,100,,,99844,100
2019-06-28 09:57:10.000000000,100526,258,100171,258,100752,258,100162,458,101060,100,100114,100,101328,100,100037,100,101409,100,99976,100,101466,100,99956,100,101717,100,99937,100,101989,100,99935,200,,,99879,100,,,99844,100
2019-06-28 09:57:11.516568040,100468,100,100171,258,100526,258,100162,458,100752,258,100114,100,101060,100,100037,100,101328,100,99976,100,101409,100,99956,100,101466,100,99937,100,101717,100,99935,200,101989,100,99879,100,,,99844,100
2019-06-28 09:57:20.000000000,100468,415,100171,415,100526,100,100162,300,100752,100,100114,100,101060,100,100037,100,101328,100,99976,100,101409,100,99956,100,101466,100,99937,100,101717,100,99935,200,101989,100,99879,100,,,99844,100
2019-06-28 09:57:30.000000000,100468,179,100171,179,100526,179,100162,379,100752,179,100114,179,101060,179,100037,179,101328,100,99976,100,101409,100,99956,100,101466,100,99937,100,101717,100,99935,200,101989,100,99879,100,,,99844,100
2019-06-28 09:57:40.000000000,100468,415,100171,415,100526,100,100162,300,100752,100,100114,100,101060,100,100037,100,101328,100,99976,100,101409,100,99956,100,101466,100,99937,100,101717,100,99935,200,101989,100,99879,100,,,99844,100
2019-06-28 09:57:40.311157514,100468,415,100391,100,100526,100,100171,415,100752,100,100162,300,101060,100,100114,100,101328,100,100037,100,101409,100,99976,100,101466,100,99956,100,101717,100,99937,100,101989,100,99935,200,,,99879,100
2019-06-28 09:57:42.917077848,100468,415,100391,100,100475,100,100171,415,100526,100,100162,300,100752,100,100114,100,101060,100,100037,100,101328,100,99976,100,101409,100,99956,100,101466,100,99937,100,101717,100,99935,200,101989,100,99879,100
2019-06-28 09:57:50.000000000,100468,258,100391,258,100475,258,100171,258,100526,100,100162,300,100752,100,100114,100,101060,100,100037,100,101328,100,99976,100,101409,100,99956,100,101466,100,99937,100,101717,100,99935,200,101989,100,99879,100
2019-06-28 09:57:59.936501616,100468,358,100391,258,100475,258,100171,258,100526,100,100162,300,100752,100,100114,100,101060,100,100037,100,101328,100,99976,100,101409,100,99956,100,101466,100,99937,100,101717,100,99935,200,101989,100,99879,100
2019-06-28 09:58:00.000000000,100468,515,100391,415,100475,100,100171,100,100526,100,100162,300,100752,100,100114,100,101060,100,100037,100,101328,100,99976,100,101409,100,99956,100,101466,100,99937,100,101717,100,99935,200,101989,100,99879,100
2019-06-28 09:58:04.747514084,100468,515,100391,315,100475,100,100171,100,100526,100,100162,300,100752,100,100114,100,101060,100,100037,100,101328,100,99976,100,101409,100,99956,100,101466,100,99937,100,101717,100,99935,200,101989,100,99879,100
2019-06-28 09:58:09.711485678,100404,100,100391,315,100468,515,100171,100,100475,100,100162,300,100752,100,100114,100,101060,100,100037,100,101328,100,99976,100,101409,100,99956,100,101466,100,99937,100,101717,100,99935,200,101989,100,99879,100
2019-06-28 09:58:10.000000000,100404,163,100171,163,100468,263,100162,363,100475,163,100114,163,100752,163,100037,163,101060,163,99976,163,101328,100,99956,100,101409,100,99937,100,101466,100,99935,200,101717,100,99879,100,101989,100,99844,100
2019-06-28 09:58:20.000000000,100404,163,100171,163,100468,263,100162,363,100475,163,100114,163,100752,163,100037,163,101060,163,99976,163,101328,100,99956,100,101409,100,99937,100,101466,100,99935,200,101717,100,99879,100,101989,100,99844,100
2019-06-28 09:58:30.000000000,100404,415,100171,415,100468,200,100162,300,100475,100,100114,100,100752,100,100037,100,101060,100,99976,100,101328,100,99956,100,101409,100,99937,100,101466,100,99935,200,101717,100,99879,100,101989,100,99844,100
2019-06-28 09:58:31.709778480,100404,415,100171,315,100468,200,100162,300,100475,100,100114,100,100752,100,100037,100,101060,100,99976,100,101328,100,99956,100,101409,100,99937,100,101466,100,99935,200,101717,100,99879,100,101989,100,99844,100
2019-06-28 09:58:40.000000000,100404,179,100162,379,100468,279,100114,179,100475,179,100037,179,100752,179,99976,179,101060,100,99956,100,101328,100,99937,100,101409,100,99935,200,101466,100,99879,100,101717,100,99844,100,101989,100,99777,200
2019-06-28 09:58:41.109899188,100404,179,100162,279,100468,279,100114,179,100475,179,100037,179,100752,179,99976,179,101060,100,99956,100,101328,100,99937,100,101409,100,99935,200,101466,100,99879,100,101717,100,99844,100,101989,100,99777,200
2019-06-28 09:58:45.942954441,100404,179,100162,279,100468,279,100114,179,100475,179,100037,179,100752,179,99976,179,101060,100,99956,100,101328,100,99952,100,101409,100,99937,100,101466,100,99935,200,101717,100,99879,100,101989,100,99844,100
2019-06-28 09:58:49.898248594,100404,179,100162,279,100468,279,100114,179,100475,179,100037,179,100752,179,99976,179,101060,100,99963,100,101328,100,99956,100,101409,100,99952,100,101466,100,99937,100,101989,100,99935,200,,,99879,100
2019-06-28 09:58:50.000000000,100404,207,100162,307,100468,304,100114,204,100475,204,100037,204,100752,100,99976,100,101060,100,99963,100,101328,100,99956,100,101409,100,99952,100,101466,100,99937,100,101989,100,99935,200,,,99879,100
2019-06-28 09:59:00.000000000,100404,163,100162,263,100468,263,100114,163,100475,163,100037,163,100752,163,99976,163,101060,163,99963,163,101328,100,99956,100,101409,100,99952,100,101466,100,99937,100,101989,100,99935,200,,,99879,100
2019-06-28 09:59:01.757261931,100404,163,100162,163,100468,263,100114,163,100475,163,100037,163,100752,163,99976,163,101060,163,99963,163,101328,100,99956,100,101409,100,99952,100,101466,100,99937,100,101989,100,99935,200,,,99879,100
2019-06-28 09:59:10.000000000,100404,415,100162,415,100468,200,100114,100,100475,100,100037,100,100752,100,99976,100,101060,100,99963,100,101328,100,99956,100,101409,100,99952,100,101466,100,99937,100,101989,100,99935,200,,,99879,100
2019-06-28 09:59:20.000000000,100404,207,100162,207,100468,304,100114,204,100475,204,100037,204,100752,100,99976,100,101060,100,99963,100,101328,100,99956,100,101409,100,99952,100,101466,100,99937,100,101989,100,99935,200,,,99879,100
2019-06-28 09:59:30.000000000,100404,163,100162,163,100468,263,100114,163,100475,163,100037,163,100752,163,99976,163,101060,163,99963,163,101328,100,99956,100,101409,100,99952,100,101466,100,99937,100,101989,100,99935,200,,,99879,100
2019-06-28 09:59:34.789210979,100404,163,100162,63,100468,263,100114,163,100475,163,100037,163,100752,163,99976,163,101060,163,99963,163,101328,100,99956,100,101409,100,99952,100,101466,100,99937,100,101989,100,99935,200,,,99879,100
2019-06-28 09:59:40.000000000,100404,163,100114,163,100468,263,100037,163,100475,163,99976,163,100752,163,99963,163,101060,163,99956,163,101328,100,99952,100,101409,100,99937,100,101466,100,99935,200,101989,100,99879,100,,,99844,100
2019-06-28 09:59:45.182629327,100404,163,100114,63,100468,263,100037,163,100475,163,99976,163,100752,163,99963,163,101060,163,99956,163,101328,100,99952,100,101409,100,99937,100,101466,100,99935,200,101989,100,99879,100,,,99844,100
2019-06-28 09:59:50.000000000,100404,179,100037,179,100468,279,99976,179,100475,179,99963,179,100752,179,99956,179,101060,100,99952,100,101328,100,99937,100,101409,100,99935,200,101466,100,99879,100,101989,100,99844,100,,,99777,200
2019-06-28 09:59:55.244816414,100162,100,100037,179,100404,179,99976,179,100468,179,99963,179,100475,179,99956,179,100752,179,99952,100,101060,100,99937,100,101328,100,99935,200,101409,100,99879,100,101466,100,99844,100,101989,100,99777,200
2019-06-28 10:00:00.000000000,100162,163,100037,163,100404,163,99976,163,100468,163,99963,163,100475,163,99956,163,100752,163,99952,163,101060,100,99937,100,101328,100,99935,200,101409,100,99879,100,101466,100,99844,100,101989,100,99777,200
2019-06-28 10:00:10.000000000,100162,207,100037,207,100404,204,99976,204,100468,204,99963,204,100475,100,99956,100,100752,100,99952,100,101060,100,99937,100,101328,100,99935,200,101409,100,99879,100,101466,100,99844,100,101989,100,99777,200
2019-06-28 10:00:20.000000000,100162,179,100037,179,100404,179,99976,179,100468,179,99963,179,100475,179,99956,179,100752,100,99952,100,101060,100,99937,100,101328,100,99935,200,101409,100,99879,100,101466,100,99844,100,101989,100,99777,200
2019-06-28 10:00:20.012529364,100162,179,100037,79,100404,179,99976,179,100468,179,99963,179,100475,179,99956,179,100752,100,99952,100,101060,100,99937,100,101328,100,99935,200,101409,100,99879,100,101466,100,99844,100,101989,100,99777,200
2019-06-28 10:00:24.772318764,100162,179,100037,79,100404,179,99976,179,100468,179,99963,179,100475,79,99956,179,100752,100,99952,100,101060,100,99937,100,101328,100,99935,200,101409,100,99879,100,101466,100,99844,100,101989,100,99777,200
2019-06-28 10:00:30.000000000,100162,258,99976,258,100404,258,99963,258,100468,100,99956,100,100752,100,99952,100,101060,100,99937,100,101328,100,99935,200,101409,100,99879,100,101466,100,99844,100,101989,100,99777,200,,,99762,100
2019-06-28 10:00:36.115626761,100162,258,99976,158,100404,258,99963,258,100468,100,99956,100,100752,100,99952,100,101060,100,99937,100,101328,100,99935,200,101409,100,99879,100,101466,100,99844,100,101989,100,99777,200,,,99762,100
2019-06-28 10:00:40.000000000,100162,258,99963,258,100404,258,99956,258,100468,100,99952,100,100752,100,99937,100,101060,100,99935,200,101328,100,99879,100,101409,100,99844,100,101466,100,99777,200,101989,100,99762,100,,,,
2019-06-28 10:00:40.435968199,100037,100,99963,258,100162,258,99956,258,100404,258,99952,100,100468,100,99937,100,100752,100,99935,200,101060,100,99879,100,101328,100,99844,100,101409,100,99777,200,101466,100,99762,100,101989,100,,
2019-06-28 10:00:50.000000000,100037,415,99963,415,100162,100,99956,100,100404,100,99952,100,100468,100,99937,100,100752,100,99935,200,101060,100,99879,100,101328,100,99844,100,101409,100,99777,200,101466,100,99762,100,101989,100,,
2019-06-28 10:00:53.819047984,100037,415,99963,415,100162,100,99956,100,100404,100,99952,100,100468,100,99937,100,100752,100,99935,200,101060,100,99918,100,101328,100,99879,100,101409,100,99844,100,101466,100,99777,200,,,99762,100
2019-06-28 10:01:00.000000000,100037,163,99963,163,100162,163,99956,163,100404,163,99952,163,100468,163,99937,163,100752,163,99935,263,101060,100,99918,100,101328,100,99879,100,101409,100,99844,100,101466,100,99777,200,,,99762,100
2019-06-28 10:01:10.000000000,100037,207,99963,207,100162,204,99956,204,100404,204,99952,204,100468,100,99937,100,100752,100,99935,200,101060,100,99918,100,101328,100,99879,100,101409,100,99844,100,101466,100,99777,200,,,99762,100
2019-06-28 10:01:13.369418910,100037,207,99963,207,100162,204,99956,204,100404,204,99952,204,100468,100,99937,100,100752,100,99935,200,101060,100,99918,100,101328,100,99879,100,101409,100,99844,100,101466,100,99795,100,,,99777,200
2019-06-28 10:01:20.000000000,100037,163,99963,163,100162,163,99956,163,100404,163,99952,163,100468,163,99937,163,100752,163,99935,263,101060,100,99918,100,101328,100,99879,100,101409,100,99844,100,101466,100,99795,100,,,99777,200
2019-06-28 10:01:27.103375597,100037,163,99963,163,100162,163,99956,163,100291,100,99952,163,100404,163,99937,163,100468,163,99935,263,100752,163,99918,100,101060,100,99879,100,101328,100,99844,100,101409,100,99795,100,101466,100,99777,200
2019-06-28 10:01:30.000000000,100037,163,99963,163,100162,163,99956,163,100291,163,99952,163,100404,163,99937,163,100468,163,99935,263,100752,100,99918,100,101060,100,99879,100,101328,100,99844,100,101409,100,99795,100,101466,100,99777,200
2019-06-28 10:01:40.000000000,100037,207,99963,207,100162,204,99956,204,100291,204,99952,204,100404,100,99937,100,100468,100,99935,200,100752,100,99918,100,101060,100,99879,100,101328,100,99844,100,101409,100,99795,100,101466,100,99777,200
2019-06-28 10:01:44.018665056,100037,207,99963,207,100162,204,99956,204,100291,204,99952,204,100404,100,99937,100,100468,100,99935,200,100752,100,99918,100,101060,100,99879,100,101328,100,99849,100,101409,100,99844,100,101466,100,99795,100
2019-06-28 10:01:50.000000000,100037,163,99963,163,100162,163,99956,163,100291,163,99952,163,100404,163,99937,163,100468,163,99935,263,100752,100,99918,100,101060,100,99879,100,101328,100,99849,100,101409,100,99844,100,101466,100,99795,100
2019-06-28 10:01:58.011137688,100037,163,99987,100,100162,163,99963,163,100291,163,99956,163,100404,163,99952,163,100468,163,99937,163,100752,100,99935,263,101060,100,99918,100,101328,100,99879,100,101409,100,99849,100,101466,100,99844,100
2019-06-28 10:02:00.000000000,100037,258,99987,258,100162,258,99963,258,100291,100,99956,100,100404,100,99952,100,100468,100,99937,100,100752,100,99935,200,101060,100,99918,100,101328,100,99879,100,101409,100,99849,100,101466,100,99844,100
2019-06-28 10:02:08.025787829,100037,258,100000,100,100162,258,99987,258,100291,100,99963,258,100404,100,99956,100,100468,100,99952,100,100752,100,99937,100,101060,100,99935,200,101328,100,99918,100,101409,100,99879,100,101466,100,99849,100
2019-06-28 10:02:10.000000000,100037,258,100000,258,100162,258,99987,258,100291,100,99963,100,100404,100,99956,100,100468,100,99952,100,100752,100,99937,100,101060,100,99935,200,101328,100,99918,100,101409,100,99879,100,101466,100,99849,100
2019-06-28 10:02:20.000000000,100037,179,100000,179,100162,179,99987,179,100291,179,99963,179,100404,179,99956,179,100468,100,99952,100,100752,100,99937,100,101060,100,99935,200,101328,100,99918,100,101409,100,99879,100,101466,100,99849,100
2019-06-28 10:02:23.901070433,100037,179,100000,179,100128,100,99987,179,100162,179,99963,179,100291,179,99956,179,100404,179,99952,100,100468,100,99937,100,100752,100,99935,200,101060,100,99918,100,101328,100,99879,100,101409,100,99849,100
2019-06-28 10:02:30.000000000,100037,179,100000,179,100128,179,99987,179,100162,179,99963,179,100291,179,99956,179,100404,100,99952,100,100468,100,99937,100,100752,100,99935,200,101060,100,99918,100,101328,100,99879,100,101409,100,99849,100
2019-06-28 10:02:35.553016064,100037,179,100000,179,100128,179,99987,179,100162,179,99963,179,100291,179,99956,179,100404,100,99952,100,100422,100,99937,100,100468,100,99935,200,100752,100,99918,100,101060,100,99879,100,101328,100,99849,100
2019-06-28 10:02:40.000000000,100037,258,100000,258,100128,258,99987,258,100162,100,99963,100,100291,100,99956,100,100404,100,99952,100,100422,100,99937,100,100468,100,99935,200,100752,100,99918,100,101060,100,99879,100,101328,100,99849,100
2019-06-28 10:02:47.316943989,100037,158,100000,258,100128,258,99987,258,100162,100,99956,100,100291,100,99952,100,100404,100,99937,100,100422,100,99935,200,100468,100,99918,100,100752,100,99879,100,101060,100,99849,100,101328,100,99844,100
2019-06-28 10:02:48.856256803,100037,158,100000,258,100128,258,99987,258,100162,100,99956,100,100291,100,99952,100,100404,100,99937,100,100422,100,99935,200,100468,100,99918,100,100752,100,99904,100,101328,100,99879,100,101409,100,99849,100
2019-06-28 10:02:50.000000000,100128,258,100000,258,100162,258,99987,258,100291,100,99956,100,100404,100,99952,100,100422,100,99937,100,100468,100,99935,200,100752,100,99918,100,101328,100,99904,100,101409,100,99879,100,101466,100,99849,100
2019-06-28 10:03:00.000000000,100128,258,100000,258,100162,258,99987,258,100291,100,99956,100,100404,100,99952,100,100422,100,99937,100,100468,100,99935,200,100752,100,99918,100,101328,100,99904,100,101409,100,99879,100,101466,100,99849,100
2019-06-28 10:03:07.163786984,100128,258,100001,100,100162,258,100000,258,100291,100,99987,258,100404,100,99956,100,100422,100,99952,100,100468,100,99937,100,100752,100,99935,200,101328,100,99918,100,101409,100,99904,100,101466,100,99879,100
2019-06-28 10:03:10.000000000,100128,415,100001,415,100162,100,100000,100,100291,100,99987,100,100404,100,99956,100,100422,100,99952,100,100468,100,99937,100,100752,100,99935,200,101328,100,99918,100,101409,100,99904,100,101466,100,99879,100
2019-06-28 10:03:10.945359394,100128,415,100001,415,100162,100,100000,100,100291,100,99987,100,100404,100,99956,100,100409,100,99952,100,100422,100,99937,100,100468,100,99935,200,100752,100,99918,100,101328,100,99904,100,101409,100,99879,100
2019-06-28 10:03:14.387660774,100128,415,100001,415,100162,100,100000,100,100291,100,99987,100,100404,100,99956,100,100408,100,99952,100,100409,100,99937,100,100422,100,99935,200,100468,100,99918,100,100752,100,99904,100,101328,100,99879,100
2019-06-28 10:03:20.000000000,100128,258,100001,258,100162,258,100000,258,100291,100,99987,100,100404,100,99956,100,100408,100,99952,100,100409,100,99937,100,100422,100,99935,200,100468,100,99918,100,100752,100,99904,100,101328,100,99879,100
2019-06-28 10:03:30.000000000,100128,163,100001,163,100162,163,100000,163,100291,163,99987,163,100404,163,99956,163,100408,163,99952,163,100409,100,99937,100,100422,100,99935,200,100468,100,99918,100,100752,100,99904,100,101328,100,99879,100
2019-06-28 10:03:40.000000000,100128,179,100001,179,100162,179,100000,179,100291,179,99987,179,100404,179,99956,179,100408,100,99952,100,100409,100,99937,100,100422,100,99935,200,100468,100,99918,100,100752,100,99904,100,101328,100,99879,100
2019-06-28 10:03:48.378605906,100128,179,100001,279,100162,179,100000,179,100291,179,99987,179,100404,179,99956,179,100408,100,99952,100,100409,100,99937,100,100422,100,99935,200,100468,100,99918,100,100752,100,99904,100,101328,100,99879,100
2019-06-28 10:03:50.000000000,100128,258,100001,358,100162,258,100000,258,100291,100,99987,100,100404,100,99956,100,100408,100,99952,100,100409,100,99937,100,100422,100,99935,200,100468,100,99918,100,100752,100,99904,100,101328,100,99879,100
2019-06-28 10:04:00.000000000,100128,415,100001,515,100162,100,100000,100,100291,100,99987,100,100404,100,99956,100,100408,100,99952,100,100409,100,99937,100,100422,100,99935,200,100468,100,99918,100,100752,100,99904,100,101328,100,99879,100
2019-06-28 10:04:10.000000000,100128,258,100001,358,100162,258,100000,258,100291,100,99987,100,100404,100,99956,100,100408,100,99952,100,100409,100,99937,100,100422,100,99935,200,100468,100,99918,100,100752,100,99904,100,101328,100,99879,100
2019-06-28 10:04:20.000000000,100128,179,100001,279,100162,179,100000,179,100291,179,99987,179,100404,179,99956,179,100408,100,99952,100,100409,100,99937,100,100422,100,99935,200,100468,100,99918,100,100752,100,99904,100,101328,100,99879,100
2019-06-28 10:04:30.000000000,100128,207,100001,307,100162,204,100000,204,100291,204,99987,204,100404,100,99956,100,100408,100,99952,100,100409,100,99937,100,100422,100,99935,200,100468,100,99918,100,100752,100,99904,100,101328,100,99879,100
2019-06-28 10:04:30.700260020,100128,107,100001,307,100162,204,100000,204,100291,204,99987,204,100404,100,99956,100,100408,100,99952,100,100409,100,99937,100,100422,100,99935,200,100468,100,99918,100,100752,100,99904,100,101328,100,99879,100
2019-06-28 10:04:34.450825665,100128,107,100001,307,100162,204,100000,204,100291,204,99987,204,100404,100,99956,100,100408,100,99952,100,100409,100,99937,100,100422,100,99935,200,100468,100,99918,100,100509,100,99904,100,100752,100,99879,100
2019-06-28 10:04:40.000000000,100162,207,100001,307,100291,204,100000,204,100404,204,99987,204,100408,100,99956,100,100409,100,99952,100,100422,100,99937,100,100468,100,99935,200,100509,100,99918,100,100752,100,99904,100,101328,100,99879,100
2019-06-28 10:04:50.000000000,100162,179,100001,279,100291,179,100000,179,100404,179,99987,179,100408,179,99956,179,100409,100,99952,100,100422,100,99937,100,100468,100,99935,200,100509,100,99918,100,100752,100,99904,100,101328,100,99879,100
2019-06-28 10:04:54.169020078,100162,79,100001,279,100291,179,100000,179,100404,179,99987,179,100408,179,99956,179,100409,100,99952,100,100422,100,99937,100,100468,100,99935,200,100509,100,99918,100,100752,100,99904,100,101328,100,99879,100
2019-06-28 10:05:00.000000000,100291,415,100001,515,100404,100,100000,100,100408,100,99987,100,100409,100,99956,100,100422,100,99952,100,100468,100,99937,100,100509,100,99935,200,100752,100,99918,100,101328,100,99904,100,101409,100,99879,100
2019-06-28 10:05:10.000000000,100291,258,100001,358,100404,258,100000,258,100408,100,99987,100,100409,100,99956,100,100422,100,99952,100,100468,100,99937,100,100509,100,99935,200,100752,100,99918,100,101328,100,99904,100,101409,100,99879,100
2019-06-28 10:05:15.797198978,100291,258,100001,358,100404,258,100000,258,100408,100,99987,100,100409,100,99956,100,100422,100,99952,100,100424,100,99937,100,100468,100,99935,200,100509,100,99918,100,100752,100,99904,100,101328,100,99879,100
2019-06-28 10:05:20.000000000,100291,163,100001,263,100404,163,100000,163,100408,163,99987,163,100409,163,99956,163,100422,163,99952,163,100424,100,99937,100,100468,100,99935,200,100509,100,99918,100,100752,100,99904,100,101328,100,99879,100
2019-06-28 10:05:30.000000000,100291,207,100001,307,100404,204,100000,204,100408,204,99987,204,100409,100,99956,100,100422,100,99952,100,100424,100,99937,100,100468,100,99935,200,100509,100,99918,100,100752,100,99904,100,101328,100,99879,100
2019-06-28 10:05:40.000000000,100291,258,100001,358,100404,258,100000,258,100408,100,99987,100,100409,100,99956,100,100422,100,99952,100,100424,100,99937,100,100468,100,99935,200,100509,100,99918,100,100752,100,99904,100,101328,100,99879,100
2019-06-28 10:05:42.516639062,100291,258,100001,358,100404,258,100000,258,100408,100,99987,100,100409,100,99978,100,100422,100,99956,100,100424,100,99952,100,100468,100,99937,100,100509,100,99935,200,100752,100,99918,100,101328,100,99904,100
2019-06-28 10:05:45.706698419,100291,258,100123,100,100404,258,100001,358,100408,100,100000,258,100409,100,99987,100,100422,100,99978,100,100424,100,99956,100,100468,100,99952,100,100509,100,99937,100,100752,100,99935,200,101328,100,99918,100
2019-06-28 10:05:45.999321656,100291,258,100128,100,100404,258,100123,100,100408,100,100001,358,100409,100,100000,258,100422,100,99987,100,100424,100,99978,100,100468,100,99956,100,100509,100,99952,100,100752,100,99937,100,101328,100,99935,200
2019-06-28 10:05:50.000000000,100291,258,100128,258,100404,258,100123,258,100408,100,100001,200,100409,100,100000,100,100422,100,99987,100,100424,100,99978,100,100468,100,99956,100,100509,100,99952,100,100752,100,99937,100,101328,100,99935,200
2019-06-28 10:06:00.000000000,100291,179,100128,179,100404,179,100123,179,100408,179,100001,279,100409,179,100000,179,100422,100,99987,100,100424,100,99978,100,100468,100,99956,100,100509,100,99952,100,100752,100,99937,100,101328,100,99935,200
2019-06-28 10:06:10.000000000,100291,207,100128,207,100404,204,100123,204,100408,204,100001,304,100409,100,100000,100,100422,100,99987,100,100424,100,99978,100,100468,100,99956,100,100509,100,99952,100,100752,100,99937,100,101328,100,99935,200
2019-06-28 10:06:20.000000000,100291,207,100128,207,100404,204,100123,204,100408,204,100001,304,100409,100,100000,100,100422,100,99987,100,100424,100,99978,100,100468,100,99956,100,100509,100,99952,100,100752,100,99937,100,101328,100,99935,200
2019-06-28 10:06:30.000000000,100291,415,100128,415,100404,100,100123,100,100408,100,100001,200,100409,100,100000,100,100422,100,99987,100,100424,100,99978,100,100468,100,99956,100,100509,100,99952,100,100752,100,99937,100,101328,100,99935,200
2019-06-28 10:06:40.000000000,100291,207,100128,207,100404,204,100123,204,100408,204,100001,304,100409,100,100000,100,100422,100,99987,100,100424,100,99978,100,100468,100,99956,100,100509,100,99952,100,100752,100,99937,100,101328,100,99935,200
2019-06-28 10:06:50.000000000,100291,163,100128,163,100404,163,100123,163,100408,163,100001,263,100409,163,100000,163,100422,163,99987,163,100424,100,99978,100,100468,100,99956,100,100509,100,99952,100,100752,100,99937,100,101328,100,99935,200
2019-06-28 10:06:55.613895010,100291,163,100128,163,100404,163,100123,163,100408,163,100008,100,100409,163,100001,263,100422,163,100000,163,100424,100,99987,163,100468,100,99978,100,100752,100,99956,100,101328,100,99952,100,101409,100,99937,100
2019-06-28 10:06:59.772637252,100291,163,100128,163,100403,100,100123,163,100404,163,100008,100,100408,163,100001,263,100409,163,100000,163,100422,163,99987,163,100424,100,99978,100,100468,100,99956,100,100752,100,99952,100,101328,100,99937,100
2019-06-28 10:07:00.000000000,100291,163,100128,163,100403,163,100123,163,100404,163,100008,163,100408,163,100001,263,100409,163,100000,163,100422,100,99987,100,100424,100,99978,100,100468,100,99956,100,100752,100,99952,100,101328,100,99937,100
2019-06-28 10:07:03.148621107,100291,163,100128,163,100403,163,100123,163,100404,163,100008,163,100408,163,100001,263,100409,163,100000,163,100422,100,99987,100,100424,100,99978,100,100439,100,99956,100,100468,100,99952,100,100752,100,99937,100
2019-06-28 10:07:10.000000000,100291,207,100128,207,100403,204,100123,204,100404,204,100008,204,100408,100,100001,200,100409,100,100000,100,100422,100,99987,100,100424,100,99978,100,100439,100,99956,100,100468,100,99952,100,100752,100,99937,100
2019-06-28 10:07:13.749804692,100291,207,100128,207,100403,204,100123,204,100404,204,100107,100,100408,100,100008,204,100409,100,100001,200,100422,100,100000,100,100424,100,99987,100,100439,100,99978,100,100468,100,99956,100,100752,100,99952,100
2019-06-28 10:07:19.062965582,100291,207,100128,307,100403,204,100123,204,100404,204,100107,100,100408,100,100008,204,100409,100,100001,100,100422,100,100000,100,100424,100,99987,100,100439,100,99978,100,100468,100,99956,100,100752,100,99952,100
