,ask_price_1,ask_size_1,bid_price_1,bid_size_1,ask_price_2,ask_size_2,bid_price_2,bid_size_2,ask_price_3,ask_size_3,bid_price_3,bid_size_3,ask_price_4,ask_size_4,bid_price_4,bid_size_4,ask_price_5,ask_size_5,bid_price_5,bid_size_5,ask_price_6,ask_size_6,bid_price_6,bid_size_6,ask_price_7,ask_size_7,bid_price_7,bid_size_7,ask_price_8,ask_size_8,bid_price_8,bid_size_8,ask_price_9,ask_size_9,bid_price_9,bid_size_9,ask_price_10,ask_size_10,bid_price_10,bid_size_10
2019-06-28 09:30:00.000000006,,,99828,100,,,,,,,,,,,,,,,,,,,,,,,,,,,,,,,,,,,,
2019-06-28 09:30:00.000000007,,,99828,100,,,99819,100,,,,,,,,,,,,,,,,,,,,,,,,,,,,,,,,
2019-06-28 09:30:00.000000008,,,99911,100,,,99828,100,,,99819,100,,,,,,,,,,,,,,,,,,,,,,,,,,,,
2019-06-28 09:30:00.000000010,100019,100,99911,100,,,99828,100,,,99819,100,,,,,,,,,,,,,,,,,,,,,,,,,,,,
2019-06-28 09:30:00.000000014,100019,100,99961,100,,,99911,100,,,99828,100,,,99819,100,,,,,,,,,,,,,,,,,,,,,,,,
2019-06-28 09:30:00.000000016,100019,100,99985,100,,,99972,100,,,99961,100,,,99927,100,,,99911,100,,,99828,100,,,99819,100,,,,,,,,,,,,
2019-06-28 09:30:00.000000017,100019,100,99985,100,,,99972,200,,,99961,100,,,99927,100,,,99911,100,,,99828,100,,,99819,100,,,,,,,,,,,,
2019-06-28 09:30:00.000000018,100019,100,99998,100,,,99985,100,,,99972,200,,,99961,100,,,99927,100,,,99911,100,,,99828,100,,,99819,100,,,,,,,,
2019-06-28 09:30:00.000000019,100019,100,99998,100,100118,100,99985,100,,,99972,200,,,99961,100,,,99927,100,,,99911,100,,,99828,100,,,99819,100,,,,,,,,
2019-06-28 09:30:00.000000022,100019,100,99985,100,100118,100,99972,200,,,99961,100,,,99927,100,,,99911,100,,,99828,100,,,99819,100,,,,,,,,,,,,
2019-06-28 09:30:00.000000025,100019,100,100005,100,100118,100,99985,100,100137,100,99972,200,,,99961,100,,,99927,100,,,99911,100,,,99828,100,,,99819,100,,,,,,,,
2019-06-28 09:30:00.000000026,100019,100,100005,100,100118,100,99985,100,100137,100,99972,200,100191,100,99961,100,,,99927,100,,,99914,100,,,99911,100,,,99828,100,,,99819,100,,,,
2019-06-28 09:30:00.000000030,100008,100,100005,100,100019,100,99985,100,100118,100,99972,200,100137,100,99961,100,100191,100,99927,100,,,99914,100,,,99911,100,,,99828,100,,,99819,100,,,,
2019-06-28 09:30:00.000000031,100008,100,99985,100,100019,100,99972,200,100118,100,99961,100,100137,100,99927,100,100191,100,99914,100,,,99911,100,,,99828,100,,,99819,100,,,,,,,,
2019-06-28 09:30:00.000000038,100005,100,99985,100,100008,100,99972,200,100019,100,99961,100,100030,100,99927,100,100118,100,99914,100,100137,100,99911,100,100191,100,99828,100,,,99819,100,,,,,,,,
2019-06-28 09:30:00.000000040,100005,100,99985,100,100008,100,99972,200,100019,100,99961,100,100030,100,99927,100,100118,100,99914,100,100137,100,99911,100,100170,100,99828,100,100191,100,99819,100,,,,,,,,
2019-06-28 09:30:00.000000046,100005,100,99998,100,100008,100,99985,100,100019,100,99972,200,100030,100,99961,100,100118,100,99927,100,100137,100,99914,100,100170,100,99911,100,100191,100,99828,100,,,99819,100,,,,
2019-06-28 09:30:00.000000047,100005,100,99998,100,100008,100,99985,100,100019,100,99972,200,100030,100,99961,100,100118,100,99927,100,100137,100,99914,100,100170,100,99911,100,100191,100,99828,100,,,99819,100,,,,
2019-06-28 09:30:00.000000048,100008,100,99998,100,100019,100,99985,100,100030,200,99972,200,100118,100,99961,100,100137,100,99927,100,100170,100,99914,100,100191,100,99911,100,,,99828,100,,,99819,100,,,,
2019-06-28 09:30:00.000000051,100008,100,99998,100,100019,100,99985,100,100030,200,99972,200,100118,100,99964,100,100137,100,99961,100,100170,100,99927,100,100191,100,99914,100,,,99911,100,,,99828,100,,,99819,100
2019-06-28 09:30:00.000000055,100008,100,99998,100,100019,100,99985,100,100030,200,99972,200,100118,100,99964,100,100137,100,99961,100,100170,100,99927,100,100191,100,99915,100,100212,100,99914,100,,,99911,100,,,99828,100
2019-06-28 09:30:00.000000058,100019,100,99985,100,100030,200,99972,200,100118,100,99964,100,100137,100,99961,100,100170,100,99927,100,100191,100,99915,100,100212,100,99914,100,,,99911,100,,,99828,100,,,99819,100
2019-06-28 09:30:00.000000059,100019,100,99998,100,100030,200,99985,100,100118,100,99972,200,100137,100,99964,100,100170,100,99961,100,100191,100,99927,100,100212,100,99915,100,,,99914,100,,,99911,100,,,99828,100
2019-06-28 09:30:00.000000060,100030,200,99985,100,100118,100,99972,200,100137,100,99964,100,100170,100,99961,100,100191,100,99927,100,100212,100,99915,100,,,99914,100,,,99911,100,,,99828,100,,,99819,100
2019-06-28 09:30:00.000000064,100030,200,99985,100,100118,100,99972,200,100137,100,99964,100,100170,100,99961,100,100191,100,99927,100,100212,100,99919,100,,,99915,100,,,99914,100,,,99911,100,,,99828,100
2019-06-28 09:30:00.000000066,100030,200,99985,100,100118,100,99972,200,100137,100,99964,100,100170,100,99961,100,100191,100,99927,100,100212,100,99919,100,,,99915,100,,,99914,100,,,99911,100,,,99903,100
2019-06-28 09:30:00.000000067,100030,200,99972,200,100118,100,99964,100,100137,100,99961,100,100170,100,99927,100,100191,100,99919,100,100212,100,99915,100,,,99914,100,,,99911,100,,,99903,100,,,99875,100
2019-06-28 09:30:00.000000068,100030,200,99972,200,100118,100,99964,100,100137,100,99961,100,100170,100,99927,100,100191,100,99919,100,100212,100,99915,100,,,99914,100,,,99911,100,,,99910,100,,,99903,100
2019-06-28 09:30:00.000000075,99978,100,99972,100,100030,200,99964,100,100118,100,99961,100,100137,100,99938,100,100170,100,99927,100,100191,100,99919,100,100212,100,99915,100,,,99914,100,,,99911,100,,,99910,100
2019-06-28 09:30:00.000000076,99978,100,99972,100,100030,200,99965,100,100118,100,99964,100,100137,100,99961,100,100170,100,99938,100,100191,100,99927,100,100212,100,99919,100,,,99915,100,,,99914,100,,,99911,100
2019-06-28 09:30:00.000000079,99978,100,99972,100,100030,200,99965,100,100084,100,99964,100,100118,100,99961,100,100137,100,99938,100,100170,100,99927,100,100191,100,99919,100,100212,100,99915,100,,,99914,100,,,99911,100
2019-06-28 09:30:00.000000080,99978,100,99972,100,100030,200,99965,100,100084,100,99964,100,100118,100,99961,100,100137,100,99938,100,100170,100,99927,100,100191,100,99919,100,100212,100,99915,100,,,99914,100,,,99911,100
2019-06-28 09:30:00.000000081,99978,100,99972,100,100030,200,99965,100,100050,100,99964,100,100084,100,99961,100,100118,100,99938,100,100137,100,99927,100,100170,100,99919,100,100191,100,99915,100,100212,100,99914,100,,,99911,100
2019-06-28 09:30:00.000000082,99978,100,99972,100,100030,200,99965,100,100050,100,99964,100,100084,100,99961,100,100118,100,99938,100,100137,100,99927,200,100170,100,99919,100,100191,100,99915,100,100212,100,99914,100,,,99911,100
2019-06-28 09:30:00.000000084,99978,100,99972,100,100030,200,99965,100,100050,100,99964,100,100084,100,99961,100,100118,100,99938,100,100137,100,99927,200,100170,100,99919,100,100181,100,99915,100,100191,100,99914,100,100212,100,99911,100
2019-06-28 09:30:00.000000085,99978,100,99972,200,99985,100,99965,100,100030,200,99964,100,100050,100,99961,100,100084,100,99938,100,100118,100,99927,200,100137,100,99919,100,100170,100,99915,100,100181,100,99914,100,100191,100,99911,100
2019-06-28 09:30:00.000000086,99978,100,99972,200,99985,100,99965,100,100030,200,99964,100,100050,100,99961,100,100079,100,99938,100,100084,100,99927,200,100118,100,99919,100,100137,100,99915,100,100170,100,99914,100,100181,100,99911,100
2019-06-28 09:30:00.000000087,99978,100,99972,200,99985,100,99965,100,100030,200,99964,100,100050,100,99961,100,100069,100,99938,100,100078,100,99927,200,100079,100,99919,100,100084,100,99915,100,100118,100,99914,100,100137,100,99911,100
2019-06-28 09:30:00.000000090,99985,100,99972,200,100030,200,99965,100,100050,100,99964,100,100069,100,99961,100,100078,100,99938,100,100079,100,99927,200,100084,100,99919,100,100118,100,99915,100,100137,100,99914,100,100170,100,99911,100
2019-06-28 09:30:00.000000091,99985,100,99972,100,100030,200,99965,100,100050,100,99964,100,100069,100,99961,100,100078,100,99938,100,100079,100,99932,100,100084,100,99927,200,100118,100,99919,100,100137,100,99915,100,100170,100,99914,100
2019-06-28 09:30:00.000000092,100030,200,99972,100,100050,100,99965,100,100069,100,99964,100,100078,100,99961,100,100079,100,99938,100,100084,100,99932,100,100118,100,99927,200,100137,100,99919,100,100170,100,99915,100,100181,100,99914,100
2019-06-28 09:30:00.000000098,99982,100,99965,100,100030,200,99964,100,100050,100,99961,100,100069,100,99938,100,100078,100,99932,100,100079,100,99927,200,100084,100,99919,100,100118,100,99915,100,100137,100,99914,100,100170,100,99911,100
2019-06-28 09:30:10.000000000,99982,153,99965,153,100030,253,99964,153,100050,153,99961,153,100069,153,99938,153,100078,153,99932,153,100079,100,99927,200,100084,100,99919,100,100118,100,99915,100,100137,100,99914,100,100170,100,99911,100
2019-06-28 09:30:20.000000000,99982,166,99965,166,100030,266,99964,166,100050,166,99961,166,100069,166,99938,166,100078,100,99932,100,100079,100,99927,200,100084,100,99919,100,100118,100,99915,100,100137,100,99914,100,100170,100,99911,100
2019-06-28 09:30:30.000000000,99982,232,99965,232,100030,332,99964,232,100050,100,99961,100,100069,100,99938,100,100078,100,99932,100,100079,100,99927,200,100084,100,99919,100,100118,100,99915,100,100137,100,99914,100,100170,100,99911,100
2019-06-28 09:30:32.994981297,99982,232,99965,232,100030,332,99964,232,100050,100,99961,100,100069,100,99938,100,100078,100,99932,100,100079,100,99927,200,100084,100,99919,100,100118,100,99915,100,100137,100,99914,100,100170,100,99910,100
2019-06-28 09:30:40.000000000,99982,232,99965,232,100030,332,99964,232,100050,100,99961,100,100069,100,99938,100,100078,100,99932,100,100079,100,99927,200,100084,100,99919,100,100118,100,99915,100,100137,100,99914,100,100170,100,99910,100
2019-06-28 09:30:50.000000000,99982,166,99965,166,100030,266,99964,166,100050,166,99961,166,100069,166,99938,166,100078,100,99932,100,100079,100,99927,200,100084,100,99919,100,100118,100,99915,100,100137,100,99914,100,100170,100,99910,100
2019-06-28 09:30:57.974430048,99982,166,99972,100,100030,266,99965,166,100050,166,99964,166,100069,166,99961,166,100078,100,99938,166,100079,100,99932,100,100084,100,99927,200,100118,100,99919,100,100137,100,99915,100,100170,100,99914,100
2019-06-28 09:31:00.000000000,99982,365,99972,365,100030,200,99965,100,100050,100,99964,100,100069,100,99961,100,100078,100,99938,100,100079,100,99932,100,100084,100,99927,200,100118,100,99919,100,100137,100,99915,100,100170,100,99914,100
2019-06-28 09:31:02.304723303,99982,365,99972,365,100030,200,99965,100,100050,100,99964,100,100069,100,99961,100,100078,100,99938,100,100079,100,99932,100,100084,100,99927,200,100118,100,99919,100,100137,100,99915,100,100170,100,99914,100
2019-06-28 09:31:10.000000000,99982,365,99972,365,100030,200,99965,100,100050,100,99964,100,100069,100,99961,100,100078,100,99938,100,100079,100,99932,100,100084,100,99927,200,100118,100,99919,100,100137,100,99915,100,100170,100,99914,100
2019-06-28 09:31:10.932523202,99982,365,99972,365,100030,200,99965,100,100050,100,99964,100,100069,100,99961,100,100078,100,99938,100,100079,100,99932,100,100084,100,99927,200,100118,100,99919,100,100137,100,99915,100,100170,100,99914,100
2019-06-28 09:31:20.000000000,99982,190,99972,190,100030,287,99965,187,100050,187,99964,187,100069,100,99961,100,100078,100,99938,100,100079,100,99932,100,100084,100,99927,200,100118,100,99919,100,100137,100,99915,100,100170,100,99914,100
2019-06-28 09:31:27.565667869,99982,90,99972,190,100030,287,99965,187,100050,187,99964,187,100069,100,99961,100,100078,100,99938,100,100079,100,99932,100,100084,100,99927,200,100118,100,99915,100,100137,100,99914,100,100170,100,99910,100
2019-06-28 09:31:30.000000000,100030,253,99972,153,100050,153,99965,153,100069,153,99964,153,100078,153,99961,153,100079,153,99938,153,100084,100,99932,100,100118,100,99927,200,100137,100,99915,100,100170,100,99914,100,100181,100,99910,100
2019-06-28 09:31:32.764170409,100030,253,99973,100,100050,153,99972,153,100069,153,99965,153,100078,153,99964,153,100079,153,99961,153,100084,100,99938,153,100118,100,99932,100,100137,100,99927,200,100170,100,99915,100,100181,100,99914,100
2019-06-28 09:31:34.975404792,100030,253,99973,100,100050,153,99972,153,100069,153,99965,153,100078,153,99964,153,100079,153,99961,153,100084,100,99938,153,100118,100,99932,100,100137,100,99927,200,100170,100,99915,100,100181,100,99914,100
2019-06-28 09:31:40.000000000,100030,465,99973,365,100050,100,99972,100,100069,100,99965,100,100078,100,99964,100,100079,100,99961,100,100084,100,99938,100,100118,100,99932,100,100137,100,99927,200,100170,100,99915,100,100181,100,99914,100
2019-06-28 09:31:42.327517046,100030,465,99973,365,100050,100,99972,100,100069,100,99965,100,100078,100,99964,100,100079,100,99961,100,100084,100,99938,100,100118,100,99932,100,100137,100,99927,200,100170,100,99915,100,100181,100,99914,100
2019-06-28 09:31:49.332909468,100030,465,99973,365,100050,100,99972,100,100069,100,99965,100,100078,100,99964,100,100079,100,99961,100,100084,100,99938,100,100137,100,99932,100,100170,100,99927,200,100181,100,99915,100,100191,100,99914,100
2019-06-28 09:31:50.000000000,100030,266,99973,166,100050,166,99972,166,100069,166,99965,166,100078,166,99964,166,100079,100,99961,100,100084,100,99938,100,100137,100,99932,100,100170,100,99927,200,100181,100,99915,100,100191,100,99914,100
2019-06-28 09:32:00.000000000,100030,290,99973,190,100050,187,99972,187,100069,187,99965,187,100078,100,99964,100,100079,100,99961,100,100084,100,99938,100,100137,100,99932,100,100170,100,99927,200,100181,100,99915,100,100191,100,99914,100
2019-06-28 09:32:10.000000000,100030,290,99973,190,100050,187,99972,187,100069,187,99965,187,100078,100,99964,100,100079,100,99961,100,100084,100,99938,100,100137,100,99932,100,100170,100,99927,200,100181,100,99915,100,100191,100,99914,100
2019-06-28 09:32:20.000000000,100030,266,99973,166,100050,166,99972,166,100069,166,99965,166,100078,166,99964,166,100079,100,99961,100,100084,100,99938,100,100137,100,99932,100,100170,100,99927,200,100181,100,99915,100,100191,100,99914,100
2019-06-28 09:32:27.484948184,100030,166,99973,166,100050,166,99972,166,100069,166,99965,166,100078,166,99964,166,100079,100,99961,100,100084,100,99938,100,100137,100,99932,100,100170,100,99927,100,100181,100,99915,100,100191,100,99914,100
2019-06-28 09:32:30.000000000,100030,190,99973,190,100050,187,99972,187,100069,187,99965,187,100078,100,99964,100,100079,100,99961,100,100084,100,99938,100,100137,100,99932,100,100170,100,99927,100,100181,100,99915,100,100191,100,99914,100
2019-06-28 09:32:34.673386087,100030,90,99973,190,100050,87,99972,187,100069,187,99965,187,100078,100,99964,100,100079,100,99961,100,100084,100,99938,100,100137,100,99932,100,100170,100,99927,100,100181,100,99915,100,100191,100,99914,100
2019-06-28 09:32:40.000000000,100069,166,99973,166,100078,166,99972,166,100079,166,99965,166,100084,166,99964,166,100137,100,99961,100,100170,100,99938,100,100181,100,99932,100,100191,100,99927,100,100212,100,99915,100,100338,100,99914,100
2019-06-28 09:32:50.000000000,100069,365,99973,365,100078,100,99972,100,100079,100,99965,100,100084,100,99964,100,100137,100,99961,100,100170,100,99938,100,100181,100,99932,100,100191,100,99927,100,100212,100,99915,100,100338,100,99914,100
2019-06-28 09:32:55.673020630,100069,265,99973,365,100078,100,99972,100,100079,100,99965,100,100084,100,99964,100,100137,100,99961,100,100170,100,99938,100,100181,100,99932,100,100191,100,99915,100,100212,100,99914,100,100338,100,99910,100
2019-06-28 09:33:00.000000000,100078,232,99973,232,100079,232,99972,232,100084,100,99965,100,100137,100,99964,100,100170,100,99961,100,100181,100,99938,100,100191,100,99932,100,100212,100,99915,100,100338,100,99914,100,100470,100,99910,100
2019-06-28 09:33:10.000000000,100078,190,99973,190,100079,187,99972,187,100084,187,99965,187,100137,100,99964,100,100170,100,99961,100,100181,100,99938,100,100191,100,99932,100,100212,100,99915,100,100338,100,99914,100,100470,100,99910,100
2019-06-28 09:33:20.000000000,100078,365,99973,365,100079,100,99972,100,100084,100,99965,100,100137,100,99964,100,100170,100,99961,100,100181,100,99938,100,100191,100,99932,100,100212,100,99915,100,100338,100,99914,100,100470,100,99910,100
2019-06-28 09:33:30.000000000,100078,166,99973,166,100079,166,99972,166,100084,166,99965,166,100137,166,99964,166,100170,100,99961,100,100181,100,99938,100,100191,100,99932,100,100212,100,99915,100,100338,100,99914,100,100470,100,99910,100
2019-06-28 09:33:40.000000000,100078,190,99973,190,100079,187,99972,187,100084,187,99965,187,100137,100,99964,100,100170,100,99961,100,100181,100,99938,100,100191,100,99932,100,100212,100,99915,100,100338,100,99914,100,100470,100,99910,100
2019-06-28 09:33:44.715920989,100078,190,99973,190,100079,187,99972,187,100084,187,99965,187,100137,100,99964,100,100170,100,99961,100,100181,100,99938,100,100191,100,99932,100,100212,100,99915,100,100338,100,99914,100,100424,100,99910,100
2019-06-28 09:33:50.000000000,100078,190,99973,190,100079,187,99972,187,100084,187,99965,187,100137,100,99964,100,100170,100,99961,100,100181,100,99938,100,100191,100,99932,100,100212,100,99915,100,100338,100,99914,100,100424,100,99910,100
2019-06-28 09:34:00.000000000,100078,365,99973,365,100079,100,99972,100,100084,100,99965,100,100137,100,99964,100,100170,100,99961,100,100181,100,99938,100,100191,100,99932,100,100212,100,99915,100,100338,100,99914,100,100424,100,99910,100
2019-06-28 09:34:02.541831983,100078,365,99973,365,100079,100,99972,100,100084,100,99965,100,100137,100,99964,100,100170,100,99961,100,100173,100,99938,100,100181,100,99932,100,100191,100,99914,100,100212,100,99910,100,100338,100,99903,100
2019-06-28 09:34:05.633798325,100078,365,99973,365,100079,100,99972,100,100084,100,99965,100,100137,100,99964,100,100170,100,99961,100,100173,100,99938,100,100181,100,99932,100,100191,100,99914,100,100212,100,99910,100,100262,100,99903,100
2019-06-28 09:34:10.000000000,100078,153,99973,153,100079,153,99972,153,100084,153,99965,153,100137,153,99964,153,100170,153,99961,153,100173,100,99938,100,100181,100,99932,100,100191,100,99914,100,100212,100,99910,100,100262,100,99903,100
2019-06-28 09:34:20.000000000,100078,190,99973,190,100079,187,99972,187,100084,187,99965,187,100137,100,99964,100,100170,100,99961,100,100173,100,99938,100,100181,100,99932,100,100191,100,99914,100,100212,100,99910,100,100262,100,99903,100
2019-06-28 09:34:26.368765833,100078,190,99973,190,100079,187,99972,187,100084,187,99965,187,100137,100,99964,100,100170,100,99961,100,100173,100,99938,100,100181,100,99932,100,100191,100,99914,100,100262,100,99910,100,100338,100,99903,100
2019-06-28 09:34:30.000000000,100078,153,99973,153,100079,153,99972,153,100084,153,99965,153,100137,153,99964,153,100170,153,99961,153,100173,100,99938,100,100181,100,99932,100,100191,100,99914,100,100262,100,99910,100,100338,100,99903,100
2019-06-28 09:34:31.810990250,100078,153,99973,153,100079,153,99972,153,100084,153,99965,153,100137,153,99964,153,100170,153,99961,153,100173,100,99938,100,100181,100,99932,100,100252,100,99914,100,100262,100,99910,100,100338,100,99903,100
2019-06-28 09:34:38.743215070,100078,53,99973,153,100079,153,99972,153,100084,153,99965,153,100137,153,99964,153,100170,153,99961,153,100173,100,99938,100,100181,100,99932,100,100252,100,99914,100,100262,100,99910,100,100338,100,99903,100
2019-06-28 09:34:40.000000000,100079,365,99973,365,100084,100,99972,100,100137,100,99965,100,100170,100,99964,100,100173,100,99961,100,100181,100,99938,100,100252,100,99932,100,100262,100,99914,100,100338,100,99910,100,100424,100,99903,100
2019-06-28 09:34:50.000000000,100079,153,99973,153,100084,153,99972,153,100137,153,99965,153,100170,153,99964,153,100173,153,99961,153,100181,100,99938,100,100252,100,99932,100,100262,100,99914,100,100338,100,99910,100,100424,100,99903,100
2019-06-28 09:34:57.570095767,100079,153,99973,153,100084,153,99972,53,100137,153,99965,153,100170,153,99964,153,100173,153,99961,153,100181,100,99938,100,100252,100,99932,100,100262,100,99914,100,100338,100,99910,100,100424,100,99903,100
2019-06-28 09:35:00.000000000,100079,365,99973,365,100084,100,99965,100,100137,100,99964,100,100170,100,99961,100,100173,100,99938,100,100181,100,99932,100,100252,100,99914,100,100262,100,99910,100,100338,100,99903,100,100424,100,99864,100
2019-06-28 09:35:07.643754353,100079,365,100069,100,100084,100,99973,365,100137,100,99965,100,100170,100,99964,100,100173,100,99961,100,100181,100,99938,100,100252,100,99932,100,100262,100,99914,100,100338,100,99910,100,100424,100,99903,100
2019-06-28 09:35:08.305402427,100079,265,100069,100,100084,100,99973,365,100137,100,99965,100,100170,100,99964,100,100173,100,99961,100,100181,100,99938,100,100252,100,99932,100,100338,100,99914,100,100424,100,99910,100,100470,100,99903,100
2019-06-28 09:35:10.000000000,100084,153,100069,153,100137,153,99973,153,100170,153,99965,153,100173,153,99964,153,100181,153,99961,153,100252,100,99938,100,100338,100,99932,100,100424,100,99914,100,100470,100,99910,100,100532,100,99903,100
2019-06-28 09:35:20.000000000,100084,166,100069,166,100137,166,99973,166,100170,166,99965,166,100173,166,99964,166,100181,100,99961,100,100252,100,99938,100,100338,100,99932,100,100424,100,99914,100,100470,100,99910,100,100532,100,99903,100
2019-06-28 09:35:30.000000000,100084,232,100069,232,100137,232,99973,232,100170,100,99965,100,100173,100,99964,100,100181,100,99961,100,100252,100,99938,100,100338,100,99932,100,100424,100,99914,100,100470,100,99910,100,100532,100,99903,100
2019-06-28 09:35:40.000000000,100084,232,100069,232,100137,232,99973,232,100170,100,99965,100,100173,100,99964,100,100181,100,99961,100,100252,100,99938,100,100338,100,99932,100,100424,100,99914,100,100470,100,99910,100,100532,100,99903,100
2019-06-28 09:35:50.000000000,100084,365,100069,365,100137,100,99973,100,100170,100,99965,100,100173,100,99964,100,100181,100,99961,100,100252,100,99938,100,100338,100,99932,100,100424,100,99914,100,100470,100,99910,100,100532,100,99903,100
2019-06-28 09:36:00.000000000,100084,365,100069,365,100137,100,99973,100,100170,100,99965,100,100173,100,99964,100,100181,100,99961,100,100252,100,99938,100,100338,100,99932,100,100424,100,99914,100,100470,100,99910,100,100532,100,99903,100
2019-06-28 09:36:10.000000000,100084,153,100069,153,100137,153,99973,153,100170,153,99965,153,100173,153,99964,153,100181,153,99961,153,100252,100,99938,100,100338,100,99932,100,100424,100,99914,100,100470,100,99910,100,100532,100,99903,100
2019-06-28 09:36:20.000000000,100084,190,100069,190,100137,187,99973,187,100170,187,99965,187,100173,100,99964,100,100181,100,99961,100,100252,100,99938,100,100338,100,99932,100,100424,100,99914,100,100470,100,99910,100,100532,100,99903,100
2019-06-28 09:36:30.000000000,100084,153,100069,153,100137,153,99973,153,100170,153,99965,153,100173,153,99964,153,100181,153,99961,153,100252,100,99938,100,100338,100,99932,100,100424,100,99914,100,100470,100,99910,100,100532,100,99903,100
2019-06-28 09:36:40.000000000,100084,232,100069,232,100137,232,99973,232,100170,100,99965,100,100173,100,99964,100,100181,100,99961,100,100252,100,99938,100,100338,100,99932,100,100424,100,99914,100,100470,100,99910,100,100532,100,99903,100
2019-06-28 09:36:50.000000000,100084,190,100069,190,100137,187,99973,187,100170,187,99965,187,100173,100,99964,100,100181,100,99961,100,100252,100,99938,100,100338,100,99932,100,100424,100,99914,100,100470,100,99910,100,100532,100,99903,100
2019-06-28 09:36:54.363497108,100084,190,100069,90,100137,187,99973,187,100170,187,99965,187,100173,100,99964,100,100181,100,99961,100,100252,100,99938,100,100338,100,99932,100,100424,100,99914,100,100470,100,99910,100,100532,100,99903,100
2019-06-28 09:37:00.000000000,100084,190,99973,190,100137,187,99965,187,100170,187,99964,187,100173,100,99961,100,100181,100,99938,100,100252,100,99932,100,100338,100,99914,100,100424,100,99910,100,100470,100,99903,100,100532,100,99864,100
2019-06-28 09:37:10.000000000,100084,166,99973,166,100137,166,99965,166,100170,166,99964,166,100173,166,99961,166,100181,100,99938,100,100252,100,99932,100,100338,100,99914,100,100424,100,99910,100,100470,100,99903,100,100532,100,99864,100
2019-06-28 09:37:20.000000000,100084,166,99973,166,100137,166,99965,166,100170,166,99964,166,100173,166,99961,166,100181,100,99938,100,100252,100,99932,100,100338,100,99914,100,100424,100,99910,100,100470,100,99903,100,100532,100,99864,100
2019-06-28 09:37:25.079911516,100084,166,99973,66,100137,166,99965,166,100170,166,99964,166,100173,166,99961,166,100181,100,99938,100,100252,100,99932,100,100338,100,99914,100,100424,100,99910,100,100470,100,99903,100,100532,100,99864,100
2019-06-28 09:37:30.000000000,100084,232,99965,232,100137,232,99964,232,100170,100,99961,100,100173,100,99938,100,100181,100,99932,100,100252,100,99914,100,100338,100,99910,100,100424,100,99903,100,100470,100,99864,100,100532,100,99828,100
2019-06-28 09:37:40.000000000,100084,190,99965,190,100137,187,99964,187,100170,187,99961,187,100173,100,99938,100,100181,100,99932,100,100252,100,99914,100,100338,100,99910,100,100424,100,99903,100,100470,100,99864,100,100532,100,99828,100
2019-06-28 09:37:50.000000000,100084,190,99965,190,100137,187,99964,187,100170,187,99961,187,100173,100,99938,100,100181,100,99932,100,100252,100,99914,100,100338,100,99910,100,100424,100,99903,100,100470,100,99864,100,100532,100,99828,100
2019-06-28 09:37:50.987948244,100069,100,99965,190,100084,190,99964,187,100137,187,99961,187,100170,187,99938,100,100173,100,99932,100,100181,100,99914,100,100252,100,99910,100,100338,100,99903,100,100424,100,99864,100,100470,100,99828,100
2019-06-28 09:38:00.000000000,100069,190,99965,190,100084,187,99964,187,100137,187,99961,187,100170,100,99938,100,100173,100,99932,100,100181,100,99914,100,100252,100,99910,100,100338,100,99903,100,100424,100,99864,100,100470,100,99828,100
2019-06-28 09:38:10.000000000,100069,190,99965,190,100084,187,99964,187,100137,187,99961,187,100170,100,99938,100,100173,100,99932,100,100181,100,99914,100,100252,100,99910,100,100338,100,99903,100,100424,100,99864,100,100470,100,99828,100
2019-06-28 09:38:20.000000000,100069,190,99965,190,100084,187,99964,187,100137,187,99961,187,100170,100,99938,100,100173,100,99932,100,100181,100,99914,100,100252,100,99910,100,100338,100,99903,100,100424,100,99864,100,100470,100,99828,100
2019-06-28 09:38:24.999919913,100069,290,99965,190,100084,187,99964,187,100137,187,99961,187,100170,100,99938,100,100173,100,99932,100,100181,100,99914,100,100252,100,99910,100,100338,100,99903,100,100424,100,99864,100,100470,100,99828,100
2019-06-28 09:38:29.071977614,100069,290,99965,190,100084,187,99964,187,100137,187,99961,187,100170,100,99938,100,100173,100,99932,100,100181,100,99914,100,100252,100,99910,100,100338,100,99903,100,100424,100,99864,100,100470,100,99828,100
2019-06-28 09:38:30.000000000,100069,266,99965,166,100084,166,99964,166,100137,166,99961,166,100170,166,99938,166,100173,100,99932,100,100181,100,99914,100,100252,100,99910,100,100338,100,99903,100,100424,100,99864,100,100470,100,99828,100
2019-06-28 09:38:40.000000000,100069,266,99965,166,100084,166,99964,166,100137,166,99961,166,100170,166,99938,166,100173,100,99932,100,100181,100,99914,100,100252,100,99910,100,100338,100,99903,100,100424,100,99864,100,100470,100,99828,100
2019-06-28 09:38:45.209131387,100069,266,99965,166,100084,166,99964,166,100137,166,99961,166,100170,166,99938,166,100173,100,99932,100,100181,100,99914,100,100252,100,99910,100,100338,100,99903,100,100424,100,99864,100,100470,100,99828,100
2019-06-28 09:38:50.000000000,100069,266,99965,166,100084,166,99964,166,100137,166,99961,166,100170,166,99938,166,100173,100,99932,100,100181,100,99914,100,100252,100,99910,100,100338,100,99903,100,100424,100,99864,100,100470,100,99828,100
2019-06-28 09:38:54.450116953,100069,366,99965,166,100084,166,99964,166,100137,166,99961,166,100170,166,99938,166,100173,100,99932,100,100181,100,99914,100,100252,100,99910,100,100338,100,99903,100,100424,100,99864,100,100470,100,99819,100
2019-06-28 09:39:00.000000000,100069,366,99965,166,100084,166,99964,166,100137,166,99961,166,100170,166,99938,166,100173,100,99932,100,100181,100,99914,100,100252,100,99910,100,100338,100,99903,100,100424,100,99864,100,100470,100,99819,100
2019-06-28 09:39:03.349308870,100069,366,99965,166,100084,166,99964,166,100137,166,99961,166,100170,166,99938,166,100173,100,99932,100,100181,100,99914,100,100252,100,99910,100,100338,100,99903,100,100424,100,99864,100,100470,100,99819,100
2019-06-28 09:39:10.000000000,100069,565,99965,365,100084,100,99964,100,100137,100,99961,100,100170,100,99938,100,100173,100,99932,100,100181,100,99914,100,100252,100,99910,100,100338,100,99903,100,100424,100,99864,100,100470,100,99819,100
2019-06-28 09:39:20.000000000,100069,366,99965,166,100084,166,99964,166,100137,166,99961,166,100170,166,99938,166,100173,100,99932,100,100181,100,99914,100,100252,100,99910,100,100338,100,99903,100,100424,100,99864,100,100470,100,99819,100
2019-06-28 09:39:30.000000000,100069,366,99965,166,100084,166,99964,166,100137,166,99961,166,100170,166,99938,166,100173,100,99932,100,100181,100,99914,100,100252,100,99910,100,100338,100,99903,100,100424,100,99864,100,100470,100,99819,100
2019-06-28 09:39:34.062034931,100069,366,99965,166,100084,166,99964,166,100137,166,99961,166,100170,166,99938,66,100173,100,99932,100,100181,100,99914,100,100252,100,99910,100,100338,100,99903,100,100424,100,99864,100,100470,100,99819,100
2019-06-28 09:39:34.407373966,100069,466,99965,166,100084,166,99964,166,100137,166,99961,166,100170,166,99938,66,100173,100,99932,100,100181,100,99914,100,100252,100,99910,100,100338,100,99903,100,100424,100,99864,100,100470,100,99819,100
2019-06-28 09:39:40.000000000,100069,466,99965,166,100084,166,99964,166,100137,166,99961,166,100170,166,99932,166,100173,100,99914,100,100181,100,99910,100,100252,100,99903,100,100338,100,99864,100,100424,100,99819,100,100470,100,99397,100
2019-06-28 09:39:41.625415104,100069,466,99965,66,100084,166,99964,166,100137,166,99961,166,100170,166,99932,166,100173,100,99914,100,100181,100,99910,100,100252,100,99864,100,100338,100,99819,100,100424,100,99397,100,100470,100,98988,100
2019-06-28 09:39:43.329811119,100069,466,99965,66,100084,166,99964,166,100137,166,99961,166,100170,166,99932,166,100181,100,99914,100,100252,100,99910,100,100338,100,99864,100,100424,100,99819,100,100470,100,99397,100,100532,100,99144,100
2019-06-28 09:39:47.602363713,100069,466,99965,66,100084,166,99964,166,100137,166,99961,166,100170,166,99932,166,100181,100,99914,100,100252,100,99910,100,100338,100,99864,100,100424,100,99819,100,100470,100,99397,100,100532,100,99388,100
2019-06-28 09:39:50.000000000,100069,665,99964,365,100084,100,99961,100,100137,100,99932,100,100170,100,99914,100,100181,100,99910,100,100252,100,99864,100,100338,100,99819,100,100424,100,99397,100,100470,100,99388,100,100532,100,99144,100
2019-06-28 09:40:00.000000000,100069,665,99964,365,100084,100,99961,100,100137,100,99932,100,100170,100,99914,100,100181,100,99910,100,100252,100,99864,100,100338,100,99819,100,100424,100,99397,100,100470,100,99388,100,100532,100,99144,100
2019-06-28 09:40:10.000000000,100069,466,99964,166,100084,166,99961,166,100137,166,99932,166,100170,166,99914,166,100181,100,99910,100,100252,100,99864,100,100338,100,99819,100,100424,100,99397,100,100470,100,99388,100,100532,100,99144,100
2019-06-28 09:40:20.000000000,100069,453,99964,153,100084,153,99961,153,100137,153,99932,153,100170,153,99914,153,100181,153,99910,153,100252,100,99864,100,100338,100,99819,100,100424,100,99397,100,100470,100,99388,100,100532,100,99144,100
2019-06-28 09:40:30.000000000,100069,665,99964,365,100084,100,99961,100,100137,100,99932,100,100170,100,99914,100,100181,100,99910,100,100252,100,99864,100,100338,100,99819,100,100424,100,99397,100,100470,100,99388,100,100532,100,99144,100
2019-06-28 09:40:40.000000000,100069,466,99964,166,100084,166,99961,166,100137,166,99932,166,100170,166,99914,166,100181,100,99910,100,100252,100,99864,100,100338,100,99819,100,100424,100,99397,100,100470,100,99388,100,100532,100,99144,100
2019-06-28 09:40:48.230680452,100069,466,99964,166,100084,166,99961,166,100137,166,99932,166,100170,166,99914,166,100181,100,99910,100,100252,100,99864,100,100338,100,99819,100,100470,100,99708,100,100532,100,99397,100,100636,100,99388,100
2019-06-28 09:40:50.000000000,100069,532,99964,232,100084,232,99961,232,100137,100,99932,100,100170,100,99914,100,100181,100,99910,100,100252,100,99864,100,100338,100,99819,100,100470,100,99708,100,100532,100,99397,100,100636,100,99388,100
2019-06-28 09:41:00.000000000,100069,453,99964,153,100084,153,99961,153,100137,153,99932,153,100170,153,99914,153,100181,153,99910,153,100252,100,99864,100,100338,100,99819,100,100470,100,99708,100,100532,100,99397,100,100636,100,99388,100
2019-06-28 09:41:10.000000000,100069,490,99964,190,100084,187,99961,187,100137,187,99932,187,100170,100,99914,100,100181,100,99910,100,100252,100,99864,100,100338,100,99819,100,100470,100,99708,100,100532,100,99397,100,100636,100,99388,100
2019-06-28 09:41:17.925346267,100069,490,99964,190,100084,187,99962,100,100137,187,99961,187,100170,100,99932,187,100181,100,99914,100,100252,100,99910,100,100470,100,99864,100,100532,100,99819,100,100636,100,99708,100,,,99397,100
2019-06-28 09:41:20.000000000,100069,665,99964,365,100084,100,99962,100,100137,100,99961,100,100170,100,99932,100,100181,100,99914,100,100252,100,99910,100,100470,100,99864,100,100532,100,99819,100,100636,100,99708,100,,,99397,100
2019-06-28 09:41:26.110370149,100069,665,99964,365,100084,100,99962,100,100137,100,99961,100,100170,100,99932,100,100181,100,99914,100,100252,100,99910,100,100470,100,99864,100,100532,100,99819,100,100636,100,99708,100,,,99572,100
2019-06-28 09:41:30.000000000,100069,490,99964,190,100084,187,99962,187,100137,187,99961,187,100170,100,99932,100,100181,100,99914,100,100252,100,99910,100,100470,100,99864,100,100532,100,99819,100,100636,100,99708,100,,,99572,100
2019-06-28 09:41:40.000000000,100069,466,99964,166,100084,166,99962,166,100137,166,99961,166,100170,166,99932,166,100181,100,99914,100,100252,100,99910,100,100470,100,99864,100,100532,100,99819,100,100636,100,99708,100,,,99572,100
2019-06-28 09:41:50.000000000,100069,532,99964,232,100084,232,99962,232,100137,100,99961,100,100170,100,99932,100,100181,100,99914,100,100252,100,99910,100,100470,100,99864,100,100532,100,99819,100,100636,100,99708,100,,,99572,100
2019-06-28 09:41:51.356987981,100069,532,99964,132,100084,232,99962,232,100137,100,99961,100,100170,100,99932,100,100181,100,99914,100,100252,100,99910,100,100470,100,99864,100,100636,100,99819,100,,,99708,100,,,99572,100
2019-06-28 09:41:54.759603932,100069,532,99964,32,100084,232,99962,232,100137,100,99961,100,100170,100,99932,100,100181,100,99914,100,100252,100,99910,100,100470,100,99864,100,100636,100,99819,100,,,99708,100,,,99572,100
2019-06-28 09:42:00.000000000,100069,453,99962,153,100084,153,99961,153,100137,153,99932,153,100170,153,99914,153,100181,153,99910,153,100252,100,99864,100,100470,100,99819,100,100636,100,99708,100,,,99572,100,,,99397,100
2019-06-28 09:42:05.802006516,100069,453,99962,153,100084,153,99961,153,100137,153,99932,153,100170,153,99914,153,100181,153,99910,153,100252,100,99864,100,100470,100,99819,100,100636,100,99708,100,,,99572,100,,,99516,100
2019-06-28 09:42:10.000000000,100069,532,99962,232,100084,232,99961,232,100137,100,99932,100,100170,100,99914,100,100181,100,99910,100,100252,100,99864,100,100470,100,99819,100,100636,100,99708,100,,,99572,100,,,99516,100
2019-06-28 09:42:20.000000000,100069,532,99962,232,100084,232,99961,232,100137,100,99932,100,100170,100,99914,100,100181,100,99910,100,100252,100,99864,100,100470,100,99819,100,100636,100,99708,100,,,99572,100,,,99516,100
2019-06-28 09:42:28.362321237,100069,532,99962,132,100084,232,99961,232,100137,100,99932,100,100170,100,99914,100,100181,100,99910,100,100252,100,99864,100,100470,100,99819,100,100636,100,99708,100,,,99572,100,,,99516,100
2019-06-28 09:42:30.000000000,100069,665,99961,365,100084,100,99932,100,100137,100,99914,100,100170,100,99910,100,100181,100,99864,100,100252,100,99819,100,100470,100,99708,100,100636,100,99572,100,,,99516,100,,,99397,100
2019-06-28 09:42:40.000000000,100069,490,99961,190,100084,187,99932,187,100137,187,99914,187,100170,100,99910,100,100181,100,99864,100,100252,100,99819,100,100470,100,99708,100,100636,100,99572,100,,,99516,100,,,99397,100
2019-06-28 09:42:50.000000000,100069,466,99961,166,100084,166,99932,166,100137,166,99914,166,100170,166,99910,166,100181,100,99864,100,100252,100,99819,100,100470,100,99708,100,100636,100,99572,100,,,99516,100,,,99397,100
2019-06-28 09:43:00.000000000,100069,453,99961,153,100084,153,99932,153,100137,153,99914,153,100170,153,99910,153,100181,153,99864,153,100252,100,99819,100,100470,100,99708,100,100636,100,99572,100,,,99516,100,,,99397,100
2019-06-28 09:43:05.260185196,99964,100,99961,153,100069,453,99932,153,100084,153,99914,153,100137,153,99910,153,100170,153,99864,153,100181,153,99819,100,100252,100,99708,100,100470,100,99572,100,100636,100,99516,100,,,99397,100
2019-06-28 09:43:10.000000000,99964,232,99961,232,100069,532,99932,232,100084,100,99914,100,100137,100,99910,100,100170,100,99864,100,100181,100,99819,100,100252,100,99708,100,100470,100,99572,100,100636,100,99516,100,,,99397,100
2019-06-28 09:43:18.239718389,99964,332,99961,232,100069,532,99932,232,100084,100,99914,100,100137,100,99910,100,100170,100,99864,100,100181,100,99819,100,100252,100,99708,100,100470,100,99572,100,100636,100,99516,100,,,99397,100
2019-06-28 09:43:20.000000000,99964,266,99961,166,100069,466,99932,166,100084,166,99914,166,100137,166,99910,166,100170,100,99864,100,100181,100,99819,100,100252,100,99708,100,100470,100,99572,100,100636,100,99516,100,,,99397,100
2019-06-28 09:43:30.000000000,99964,465,99961,365,100069,400,99932,100,100084,100,99914,100,100137,100,99910,100,100170,100,99864,100,100181,100,99819,100,100252,100,99708,100,100470,100,99572,100,100636,100,99516,100,,,99397,100
2019-06-28 09:43:30.145836280,99964,465,99961,265,100069,400,99932,100,100084,100,99914,100,100137,100,99910,100,100170,100,99864,100,100181,100,99819,100,100252,100,99708,100,100636,100,99572,100,,,99516,100,,,99397,100
2019-06-28 09:43:32.939663836,99964,465,99961,165,100069,400,99932,100,100084,100,99914,100,100137,100,99910,100,100181,100,99864,100,100252,100,99819,100,100636,100,99708,100,,,99572,100,,,99516,100,,,99397,100
2019-06-28 09:43:40.000000000,99964,465,99932,365,100069,400,99914,100,100084,100,99910,100,100137,100,99864,100,100181,100,99819,100,100252,100,99708,100,100636,100,99572,100,,,99516,100,,,99397,100,,,99388,100
2019-06-28 09:43:50.000000000,99964,266,99932,166,100069,466,99914,166,100084,166,99910,166,100137,166,99864,166,100181,100,99819,100,100252,100,99708,100,100636,100,99572,100,,,99516,100,,,99397,100,,,99388,100
2019-06-28 09:44:00.000000000,99964,290,99932,190,100069,487,99914,187,100084,187,99910,187,100137,100,99864,100,100181,100,99819,100,100252,100,99708,100,100636,100,99572,100,,,99516,100,,,99397,100,,,99388,100
2019-06-28 09:44:10.000000000,99964,465,99932,365,100069,400,99914,100,100084,100,99910,100,100137,100,99864,100,100181,100,99819,100,100252,100,99708,100,100636,100,99572,100,,,99516,100,,,99397,100,,,99388,100
2019-06-28 09:44:17.327138367,99964,465,99932,365,100069,400,99914,100,100084,100,99910,100,100119,100,99864,100,100137,100,99819,100,100181,100,99708,100,100252,100,99572,100,100636,100,99516,100,,,99397,100,,,99388,100
2019-06-28 09:44:20.000000000,99964,332,99932,232,100069,532,99914,232,100084,100,99910,100,100119,100,99864,100,100137,100,99819,100,100181,100,99708,100,100252,100,99572,100,100636,100,99516,100,,,99397,100,,,99388,100
2019-06-28 09:44:30.000000000,99964,332,99932,232,100069,532,99914,232,100084,100,99910,100,100119,100,99864,100,100137,100,99819,100,100181,100,99708,100,100252,100,99572,100,100636,100,99516,100,,,99397,100,,,99388,100
2019-06-28 09:44:40.000000000,99964,290,99932,190,100069,487,99914,187,100084,187,99910,187,100119,100,99864,100,100137,100,99819,100,100181,100,99708,100,100252,100,99572,100,100636,100,99516,100,,,99397,100,,,99388,100
2019-06-28 09:44:41.143423505,99961,100,99932,190,99964,290,99914,187,100069,487,99910,187,100084,187,99864,100,100119,100,99819,100,100137,100,99708,100,100181,100,99572,100,100252,100,99516,100,100636,100,99397,100,,,99388,100
2019-06-28 09:44:50.000000000,99961,166,99932,166,99964,266,99914,166,100069,466,99910,166,100084,166,99864,166,100119,100,99819,100,100137,100,99708,100,100181,100,99572,100,100252,100,99516,100,100636,100,99397,100,,,99388,100
2019-06-28 09:44:59.600136281,99961,166,99932,166,99964,266,99914,166,99977,100,99910,166,100069,466,99864,166,100084,166,99819,100,100119,100,99708,100,100137,100,99572,100,100181,100,99516,100,100252,100,99397,100,100636,100,99388,100
2019-06-28 09:45:00.000000000,99961,232,99932,232,99964,332,99914,232,99977,100,99910,100,100069,400,99864,100,100084,100,99819,100,100119,100,99708,100,100137,100,99572,100,100181,100,99516,100,100252,100,99397,100,100636,100,99388,100
2019-06-28 09:45:10.000000000,99961,232,99932,232,99964,332,99914,232,99977,100,99910,100,100069,400,99864,100,100084,100,99819,100,100119,100,99708,100,100137,100,99572,100,100181,100,99516,100,100252,100,99397,100,100636,100,99388,100
2019-06-28 09:45:14.495188695,99961,332,99932,232,99964,332,99914,232,99977,100,99910,100,100069,400,99864,100,100084,100,99819,100,100119,100,99708,100,100137,100,99572,100,100181,100,99516,100,100252,100,99397,100,100636,100,99388,100
2019-06-28 09:45:20.000000000,99961,266,99932,166,99964,266,99914,166,99977,166,99910,166,100069,466,99864,166,100084,100,99819,100,100119,100,99708,100,100137,100,99572,100,100181,100,99516,100,100252,100,99397,100,100636,100,99388,100
2019-06-28 09:45:30.000000000,99961,266,99932,166,99964,266,99914,166,99977,166,99910,166,100069,466,99864,166,100084,100,99819,100,100119,100,99708,100,100137,100,99572,100,100181,100,99516,100,100252,100,99397,100,100636,100,99388,100
2019-06-28 09:45:40.000000000,99961,332,99932,232,99964,332,99914,232,99977,100,99910,100,100069,400,99864,100,100084,100,99819,100,100119,100,99708,100,100137,100,99572,100,100181,100,99516,100,100252,100,99397,100,100636,100,99388,100
2019-06-28 09:45:44.887262457,99961,332,99932,232,99964,332,99914,232,99977,100,99910,100,100069,400,99864,100,100084,100,99819,100,100119,100,99708,100,100137,100,99604,100,100181,100,99572,100,100252,100,99516,100,100636,100,99397,100
2019-06-28 09:45:50.000000000,99961,332,99932,232,99964,332,99914,232,99977,100,99910,100,100069,400,99864,100,100084,100,99819,100,100119,100,99708,100,100137,100,99604,100,100181,100,99572,100,100252,100,99516,100,100636,100,99397,100
2019-06-28 09:45:53.796581680,99961,332,99932,132,99964,332,99914,232,99977,100,99910,100,100069,400,99864,100,100084,100,99819,100,100119,100,99708,100,100137,100,99604,100,100181,100,99572,100,100252,100,99516,100,100636,100,99397,100
2019-06-28 09:46:00.000000000,99961,290,99914,190,99964,287,99910,187,99977,187,99864,187,100069,400,99819,100,100084,100,99708,100,100119,100,99604,100,100137,100,99572,100,100181,100,99516,100,100252,100,99397,100,100636,100,99388,100
2019-06-28 09:46:10.000000000,99961,332,99914,232,99964,332,99910,232,99977,100,99864,100,100069,400,99819,100,100084,100,99708,100,100119,100,99604,100,100137,100,99572,100,100181,100,99516,100,100252,100,99397,100,100636,100,99388,100
2019-06-28 09:46:20.000000000,99961,332,99914,232,99964,332,99910,232,99977,100,99864,100,100069,400,99819,100,100084,100,99708,100,100119,100,99604,100,100137,100,99572,100,100181,100,99516,100,100252,100,99397,100,100636,100,99388,100
2019-06-28 09:46:27.549686468,99961,332,99914,232,99964,332,99910,232,99977,100,99864,100,100069,400,99819,100,100084,100,99708,100,100119,100,99604,100,100137,100,99572,100,100181,100,99516,100,100636,100,99397,100,,,99388,100
2019-06-28 09:46:28.146371973,99961,332,99914,132,99964,332,99910,232,99977,100,99864,100,100069,400,99819,100,100084,100,99708,100,100119,100,99604,100,100137,100,99572,100,100181,100,99516,100,100636,100,99388,100,,,98989,100
2019-06-28 09:46:30.000000000,99961,332,99910,232,99964,332,99864,232,99977,100,99819,100,100069,400,99708,100,100084,100,99604,100,100119,100,99572,100,100137,100,99516,100,100181,100,99388,100,100636,100,98989,100,,,98988,100
2019-06-28 09:46:30.537352584,99961,332,99910,132,99964,332,99864,232,99977,100,99819,100,100069,400,99708,100,100084,100,99604,100,100119,100,99572,100,100137,100,99516,100,100181,100,99388,100,100636,100,98989,100,,,98988,100
2019-06-28 09:46:40.000000000,99961,465,99864,365,99964,200,99819,100,99977,100,99708,100,100069,400,99604,100,100084,100,99572,100,100119,100,99516,100,100137,100,99388,100,100181,100,98989,100,100636,100,98988,100,,,98668,100
2019-06-28 09:46:50.000000000,99961,290,99864,190,99964,287,99819,187,99977,187,99708,187,100069,400,99604,100,100084,100,99572,100,100119,100,99516,100,100137,100,99388,100,100181,100,98989,100,100636,100,98988,100,,,98668,100
2019-06-28 09:47:00.000000000,99961,290,99864,190,99964,287,99819,187,99977,187,99708,187,100069,400,99604,100,100084,100,99572,100,100119,100,99516,100,100137,100,99388,100,100181,100,98989,100,100636,100,98988,100,,,98668,100
2019-06-28 09:47:01.646009427,99961,290,99864,90,99964,287,99819,187,99977,187,99708,187,100069,400,99604,100,100084,100,99572,100,100119,100,99516,100,100137,100,99388,100,100181,100,98989,100,100636,100,98988,100,,,98668,100
2019-06-28 09:47:10.000000000,99961,266,99819,166,99964,266,99708,166,99977,166,99604,166,100069,466,99572,166,100084,100,99516,100,100119,100,99388,100,100137,100,98989,100,100181,100,98988,100,100636,100,98668,100,,,,
2019-06-28 09:47:15.479038996,99961,266,99819,166,99964,266,99708,166,99977,166,99604,166,100069,466,99572,166,100084,100,99516,100,100119,100,99388,100,100137,100,98989,100,100181,100,98988,100,100636,100,98871,100,,,98668,100
2019-06-28 09:47:20.000000000,99961,290,99819,190,99964,287,99708,187,99977,187,99604,187,100069,400,99572,100,100084,100,99516,100,100119,100,99388,100,100137,100,98989,100,100181,100,98988,100,100636,100,98871,100,,,98668,100
2019-06-28 09:47:30.000000000,99961,290,99819,190,99964,287,99708,187,99977,187,99604,187,100069,400,99572,100,100084,100,99516,100,100119,100,99388,100,100137,100,98989,100,100181,100,98988,100,100636,100,98871,100,,,98668,100
2019-06-28 09:47:40.000000000,99961,253,99819,153,99964,253,99708,153,99977,153,99604,153,100069,453,99572,153,100084,153,99516,153,100119,100,99388,100,100137,100,98989,100,100181,100,98988,100,100636,100,98871,100,,,98668,100
2019-06-28 09:47:44.219309109,99961,253,99819,153,99964,253,99708,153,99977,153,99604,153,100069,453,99572,153,100084,153,99516,153,100119,100,99405,100,100137,100,99388,100,100181,100,98988,100,100636,100,98871,100,,,98668,100
2019-06-28 09:47:44.826003128,99961,253,99819,153,99964,253,99708,153,99977,153,99604,153,100069,453,99572,153,100084,153,99516,153,100119,100,99442,100,100137,100,99405,100,100181,100,99388,100,100636,100,98988,100,,,98871,100
2019-06-28 09:47:46.326281850,99961,253,99819,153,99964,253,99708,153,99977,153,99604,153,100069,453,99572,153,100084,153,99516,153,100119,100,99442,100,100137,100,99405,100,100181,100,99388,100,100636,100,99252,100,,,98988,100
2019-06-28 09:47:50.000000000,99961,266,99819,166,99964,266,99708,166,99977,166,99604,166,100069,466,99572,166,100084,100,99516,100,100119,100,99442,100,100137,100,99405,100,100181,100,99388,100,100636,100,99252,100,,,98988,100
2019-06-28 09:48:00.000000000,99961,332,99819,232,99964,332,99708,232,99977,100,99604,100,100069,400,99572,100,100084,100,99516,100,100119,100,99442,100,100137,100,99405,100,100181,100,99388,100,100636,100,99252,100,,,98988,100
2019-06-28 09:48:02.419736823,99961,332,99819,132,99964,332,99708,232,99977,100,99604,100,100069,400,99572,100,100084,100,99516,100,100119,100,99442,100,100137,100,99405,100,100181,100,99388,100,100636,100,99252,100,,,98988,100
2019-06-28 09:48:10.000000000,99961,332,99708,232,99964,332,99604,232,99977,100,99572,100,100069,400,99516,100,100084,100,99442,100,100119,100,99405,100,100137,100,99388,100,100181,100,99252,100,100636,100,98988,100,,,98871,100
2019-06-28 09:48:20.000000000,99961,332,99708,232,99964,332,99604,232,99977,100,99572,100,100069,400,99516,100,100084,100,99442,100,100119,100,99405,100,100137,100,99388,100,100181,100,99252,100,100636,100,98988,100,,,98871,100
2019-06-28 09:48:25.959057210,99961,332,99708,232,99964,232,99604,232,99977,100,99572,100,100069,400,99516,100,100084,100,99442,100,100119,100,99405,100,100137,100,99388,100,100181,100,99252,100,100636,100,98988,100,,,98871,100
2019-06-28 09:48:30.000000000,99961,253,99708,153,99964,153,99604,153,99977,153,99572,153,100069,453,99516,153,100084,153,99442,153,100119,100,99405,100,100137,100,99388,100,100181,100,99252,100,100636,100,98988,100,,,98871,100
2019-06-28 09:48:40.000000000,99961,465,99708,365,99964,100,99604,100,99977,100,99572,100,100069,400,99516,100,100084,100,99442,100,100119,100,99405,100,100137,100,99388,100,100181,100,99252,100,100636,100,98988,100,,,98871,100
2019-06-28 09:48:45.291878873,99961,465,99708,265,99964,100,99604,100,99977,100,99572,100,100010,100,99516,100,100069,400,99442,100,100084,100,99405,100,100119,100,99388,100,100137,100,99252,100,100181,100,98988,100,100636,100,98871,100
2019-06-28 09:48:50.000000000,99961,465,99604,365,99964,100,99572,100,99977,100,99516,100,100010,100,99442,100,100069,400,99405,100,100084,100,99388,100,100119,100,99252,100,100137,100,98988,100,100181,100,98871,100,100636,100,98668,100
2019-06-28 09:49:00.000000000,99961,465,99604,365,99964,100,99572,100,99977,100,99516,100,100010,100,99442,100,100069,400,99405,100,100084,100,99388,100,100119,100,99252,100,100137,100,98988,100,100181,100,98871,100,100636,100,98668,100
2019-06-28 09:49:00.527101349,99714,100,99604,365,99961,465,99572,100,99964,100,99516,100,99977,100,99442,100,100010,100,99405,100,100069,400,99388,100,100084,100,99252,100,100119,100,98988,100,100137,100,98668,100,100181,100,,
2019-06-28 09:49:10.000000000,99714,232,99604,232,99961,332,99572,232,99964,100,99516,100,99977,100,99442,100,100010,100,99405,100,100069,400,99388,100,100084,100,99252,100,100119,100,98988,100,100137,100,98668,100,100181,100,,
2019-06-28 09:49:11.432716135,99714,232,99604,232,99864,100,99572,232,99961,332,99516,100,99964,100,99442,100,99977,100,99405,100,100010,100,99388,100,100069,400,99252,100,100084,100,98988,100,100119,100,98668,100,100137,100,,
2019-06-28 09:49:20.000000000,99714,153,99604,153,99864,153,99572,153,99961,253,99516,153,99964,153,99442,153,99977,153,99405,153,100010,100,99388,100,100069,400,99252,100,100084,100,98988,100,100119,100,98668,100,100137,100,,
2019-06-28 09:49:23.996353456,99714,153,99604,153,99864,253,99572,153,99961,253,99516,153,99964,153,99442,153,99977,153,99405,153,100010,100,99388,100,100069,400,99252,100,100084,100,98988,100,100119,100,98668,100,100137,100,,
2019-06-28 09:49:24.488097420,99677,100,99604,153,99714,153,99572,153,99864,253,99516,153,99961,253,99442,153,99964,153,99405,153,99977,153,99388,100,100010,100,99252,100,100069,400,98988,100,100084,100,98668,100,100119,100,,
2019-06-28 09:49:30.000000000,99677,153,99604,153,99714,153,99572,153,99864,253,99516,153,99961,253,99442,153,99964,153,99405,153,99977,100,99388,100,100010,100,99252,100,100069,400,98988,100,100084,100,98668,100,100119,100,,
2019-06-28 09:49:40.000000000,99677,153,99604,153,99714,153,99572,153,99864,253,99516,153,99961,253,99442,153,99964,153,99405,153,99977,100,99388,100,100010,100,99252,100,100069,400,98988,100,100084,100,98668,100,100119,100,,
2019-06-28 09:49:48.569441470,99677,153,99604,153,99714,153,99572,153,99864,253,99519,100,99961,253,99516,153,99964,153,99442,153,99977,100,99405,153,100010,100,99388,100,100069,400,99252,100,100084,100,98988,100,100119,100,98668,100
2019-06-28 09:49:50.000000000,99677,153,99604,153,99714,153,99572,153,99864,253,99519,153,99961,253,99516,153,99964,153,99442,153,99977,100,99405,100,100010,100,99388,100,100069,400,99252,100,100084,100,98988,100,100119,100,98668,100
2019-06-28 09:49:55.948969265,99677,153,99604,153,99714,153,99572,153,99864,353,99519,153,99961,153,99516,153,99964,153,99442,153,99977,100,99405,100,100010,100,99388,100,100069,400,99252,100,100084,100,98988,100,100119,100,98668,100
2019-06-28 09:50:00.000000000,99677,153,99604,153,99714,153,99572,153,99864,353,99519,153,99961,153,99516,153,99964,153,99442,153,99977,100,99405,100,100010,100,99388,100,100069,400,99252,100,100084,100,98988,100,100119,100,98668,100
2019-06-28 09:50:10.000000000,99677,232,99604,232,99714,232,99572,232,99864,300,99519,100,99961,100,99516,100,99964,100,99442,100,99977,100,99405,100,100010,100,99388,100,100069,400,99252,100,100084,100,98988,100,100119,100,98668,100
2019-06-28 09:50:13.907831206,99677,232,99604,232,99714,232,99572,232,99864,300,99519,100,99961,100,99516,100,99964,100,99442,100,99977,100,99405,100,100010,100,99388,100,100069,300,99252,100,100084,100,98988,100,100119,100,98668,100
2019-06-28 09:50:20.000000000,99677,232,99604,232,99714,232,99572,232,99864,300,99519,100,99961,100,99516,100,99964,100,99442,100,99977,100,99405,100,100010,100,99388,100,100069,300,99252,100,100084,100,98988,100,100119,100,98668,100
2019-06-28 09:50:30.000000000,99677,190,99604,190,99714,187,99572,187,99864,387,99519,187,99961,100,99516,100,99964,100,99442,100,99977,100,99405,100,100010,100,99388,100,100069,300,99252,100,100084,100,98988,100,100119,100,98668,100
2019-06-28 09:50:35.479804491,99677,190,99604,190,99714,187,99572,187,99864,487,99519,187,99961,100,99516,100,99964,100,99442,100,99977,100,99405,100,100010,100,99388,100,100069,200,99252,100,100084,100,98988,100,100119,100,98668,100
2019-06-28 09:50:40.000000000,99677,153,99604,153,99714,153,99572,153,99864,453,99519,153,99961,153,99516,153,99964,153,99442,153,99977,100,99405,100,100010,100,99388,100,100069,200,99252,100,100084,100,98988,100,100119,100,98668,100
2019-06-28 09:50:50.000000000,99677,365,99604,365,99714,100,99572,100,99864,400,99519,100,99961,100,99516,100,99964,100,99442,100,99977,100,99405,100,100010,100,99388,100,100069,200,99252,100,100084,100,98988,100,100119,100,98668,100
2019-06-28 09:51:00.000000000,99677,232,99604,232,99714,232,99572,232,99864,400,99519,100,99961,100,99516,100,99964,100,99442,100,99977,100,99405,100,100010,100,99388,100,100069,200,99252,100,100084,100,98988,100,100119,100,98668,100
2019-06-28 09:51:07.911386477,99677,232,99604,232,99714,232,99572,232,99864,400,99519,100,99961,100,99516,100,99964,100,99442,100,99977,100,99405,100,100010,100,99388,100,100069,200,99252,100,100084,100,99228,100,100119,100,98988,100
2019-06-28 09:51:10.000000000,99677,190,99604,190,99714,187,99572,187,99864,487,99519,187,99961,100,99516,100,99964,100,99442,100,99977,100,99405,100,100010,100,99388,100,100069,200,99252,100,100084,100,99228,100,100119,100,98988,100
2019-06-28 09:51:10.014798120,99677,190,99604,190,99714,187,99572,187,99864,487,99519,187,99961,100,99516,100,99964,100,99442,100,99977,100,99405,100,100010,100,99388,100,100069,200,99252,100,100084,100,99131,100,100119,100,98988,100
2019-06-28 09:51:10.828608820,99677,190,99604,190,99714,187,99572,187,99864,487,99519,187,99961,100,99516,100,99964,100,99405,100,99977,100,99388,100,100010,100,99352,100,100069,200,99252,100,100084,100,99131,100,100119,100,98988,100
2019-06-28 09:51:13.025446517,99677,190,99604,190,99714,187,99572,187,99864,487,99519,187,99961,100,99405,100,99964,100,99388,100,99977,100,99352,100,100010,100,99252,100,100069,200,99182,100,100084,100,99131,100,100119,100,98988,100
2019-06-28 09:51:20.000000000,99677,232,99604,232,99714,232,99572,232,99864,400,99519,100,99961,100,99405,100,99964,100,99388,100,99977,100,99352,100,100010,100,99252,100,100069,200,99182,100,100084,100,99131,100,100119,100,98988,100
2019-06-28 09:51:30.000000000,99677,190,99604,190,99714,187,99572,187,99864,487,99519,187,99961,100,99405,100,99964,100,99388,100,99977,100,99352,100,100010,100,99252,100,100069,200,99182,100,100084,100,99131,100,100119,100,98988,100
2019-06-28 09:51:40.000000000,99677,153,99604,153,99714,153,99572,153,99864,453,99519,153,99961,153,99405,153,99964,153,99388,153,99977,100,99352,100,100010,100,99252,100,100069,200,99182,100,100084,100,99131,100,100119,100,98988,100
2019-06-28 09:51:40.904944944,99677,153,99604,153,99714,153,99572,153,99864,553,99519,153,99961,53,99405,153,99964,153,99388,153,99977,100,99352,100,100010,100,99252,100,100069,200,99182,100,100084,100,99131,100,100119,100,98988,100
2019-06-28 09:51:44.084070672,99677,153,99604,153,99714,153,99572,153,99864,553,99519,153,99961,53,99405,153,99964,153,99388,153,99977,100,99352,100,100010,100,99252,100,100069,200,99182,100,100084,100,99131,100,100119,100,99041,100
2019-06-28 09:51:44.454556563,99677,153,99604,53,99714,153,99572,153,99864,553,99519,153,99961,53,99405,153,99964,153,99388,153,99977,100,99352,100,100010,100,99252,100,100069,200,99182,100,100084,100,99131,100,100119,100,99041,100
2019-06-28 09:51:50.000000000,99677,153,99572,153,99714,153,99519,153,99864,553,99405,153,99964,153,99388,153,99977,153,99352,153,100010,100,99252,100,100069,200,99182,100,100084,100,99131,100,100119,100,99041,100,100137,100,98988,100
2019-06-28 09:51:57.140979526,99677,153,99572,153,99714,153,99519,153,99864,453,99405,153,99964,153,99388,153,99977,153,99352,153,100010,100,99252,100,100069,200,99182,100,100084,100,99131,100,100119,100,99041,100,100137,100,98988,100
2019-06-28 09:52:00.000000000,99677,190,99572,190,99714,187,99519,187,99864,487,99405,187,99964,100,99388,100,99977,100,99352,100,100010,100,99252,100,100069,200,99182,100,100084,100,99131,100,100119,100,99041,100,100137,100,98988,100
2019-06-28 09:52:10.000000000,99677,190,99572,190,99714,187,99519,187,99864,487,99405,187,99964,100,99388,100,99977,100,99352,100,100010,100,99252,100,100069,200,99182,100,100084,100,99131,100,100119,100,99041,100,100137,100,98988,100
2019-06-28 09:52:20.000000000,99677,190,99572,190,99714,187,99519,187,99864,487,99405,187,99964,100,99388,100,99977,100,99352,100,100010,100,99252,100,100069,200,99182,100,100084,100,99131,100,100119,100,99041,100,100137,100,98988,100
2019-06-28 09:52:30.000000000,99677,153,99572,153,99714,153,99519,153,99864,453,99405,153,99964,153,99388,153,99977,153,99352,153,100010,100,99252,100,100069,200,99182,100,100084,100,99131,100,100119,100,99041,100,100137,100,98988,100
2019-06-28 09:52:31.438376580,99677,153,99572,153,99714,153,99519,153,99864,453,99405,153,99964,153,99388,153,99977,153,99352,153,100010,100,99289,100,100069,200,99252,100,100084,100,99182,100,100119,100,99131,100,100137,100,99041,100
2019-06-28 09:52:40.000000000,99677,365,99572,365,99714,100,99519,100,99864,400,99405,100,99964,100,99388,100,99977,100,99352,100,100010,100,99289,100,100069,200,99252,100,100084,100,99182,100,100119,100,99131,100,100137,100,99041,100
2019-06-28 09:52:48.137701985,99677,365,99572,265,99714,100,99519,100,99864,400,99405,100,99964,100,99388,100,99977,100,99352,100,100010,100,99289,100,100069,200,99252,100,100084,100,99182,100,100119,100,99131,100,100137,100,99041,100
2019-06-28 09:52:50.000000000,99677,190,99519,190,99714,187,99405,187,99864,487,99388,187,99964,100,99352,100,99977,100,99289,100,100010,100,99252,100,100069,200,99182,100,100084,100,99131,100,100119,100,99041,100,100137,100,98988,100
2019-06-28 09:52:52.249849745,99677,190,99519,190,99714,187,99405,187,99864,487,99388,187,99964,100,99352,100,99977,100,99289,100,100010,100,99252,100,100069,100,99182,100,100084,100,99131,100,100119,100,99041,100,100137,100,98988,100
2019-06-28 09:52:55.409972244,99677,190,99519,190,99714,187,99405,187,99864,487,99388,187,99964,100,99352,100,99977,100,99342,100,100010,100,99252,100,100069,100,99182,100,100084,100,99131,100,100119,100,99041,100,100137,100,98988,100
2019-06-28 09:53:00.000000000,99677,365,99519,365,99714,100,99405,100,99864,400,99388,100,99964,100,99352,100,99977,100,99342,100,100010,100,99252,100,100069,100,99182,100,100084,100,99131,100,100119,100,99041,100,100137,100,98988,100
2019-06-28 09:53:00.924574092,99677,365,99519,365,99714,100,99405,100,99864,400,99388,100,99964,100,99352,100,99977,100,99342,100,100010,100,99278,100,100069,100,99252,100,100084,100,99182,100,100119,100,99131,100,100137,100,99041,100
2019-06-28 09:53:08.223933668,99677,365,99519,365,99714,100,99405,100,99864,400,99388,100,99964,100,99352,100,99977,100,99342,100,100010,100,99278,100,100069,100,99277,100,100084,100,99252,100,100119,100,99182,100,100137,100,99131,100
2019-06-28 09:53:10.000000000,99677,232,99519,232,99714,232,99405,232,99864,400,99388,100,99964,100,99352,100,99977,100,99342,100,100010,100,99278,100,100069,100,99277,100,100084,100,99252,100,100119,100,99182,100,100137,100,99131,100
2019-06-28 09:53:20.000000000,99677,232,99519,232,99714,232,99405,232,99864,400,99388,100,99964,100,99352,100,99977,100,99342,100,100010,100,99278,100,100069,100,99277,100,100084,100,99252,100,100119,100,99182,100,100137,100,99131,100
2019-06-28 09:53:25.818362184,99676,100,99519,232,99677,232,99405,232,99714,232,99388,100,99864,400,99352,100,99964,100,99342,100,99977,100,99278,100,100010,100,99277,100,100069,100,99252,100,100084,100,99182,100,100119,100,99131,100
2019-06-28 09:53:30.000000000,99676,190,99519,190,99677,187,99405,187,99714,187,99388,187,99864,400,99352,100,99964,100,99342,100,99977,100,99278,100,100010,100,99277,100,100069,100,99252,100,100084,100,99182,100,100119,100,99131,100
2019-06-28 09:53:40.000000000,99676,232,99519,232,99677,232,99405,232,99714,100,99388,100,99864,400,99352,100,99964,100,99342,100,99977,100,99278,100,100010,100,99277,100,100069,100,99252,100,100084,100,99182,100,100119,100,99131,100
2019-06-28 09:53:41.482101283,99676,332,99519,232,99677,232,99405,232,99714,100,99388,100,99864,400,99352,100,99964,100,99342,100,99977,100,99278,100,100010,100,99277,100,100069,100,99252,100,100084,100,99182,100,100119,100,99131,100
2019-06-28 09:53:50.000000000,99676,465,99519,365,99677,100,99405,100,99714,100,99388,100,99864,400,99352,100,99964,100,99342,100,99977,100,99278,100,100010,100,99277,100,100069,100,99252,100,100084,100,99182,100,100119,100,99131,100
2019-06-28 09:54:00.000000000,99676,465,99519,365,99677,100,99405,100,99714,100,99388,100,99864,400,99352,100,99964,100,99342,100,99977,100,99278,100,100010,100,99277,100,100069,100,99252,100,100084,100,99182,100,100119,100,99131,100
2019-06-28 09:54:10.000000000,99676,266,99519,166,99677,166,99405,166,99714,166,99388,166,99864,466,99352,166,99964,100,99342,100,99977,100,99278,100,100010,100,99277,100,100069,100,99252,100,100084,100,99182,100,100119,100,99131,100
2019-06-28 09:54:20.000000000,99676,253,99519,153,99677,153,99405,153,99714,153,99388,153,99864,453,99352,153,99964,153,99342,153,99977,100,99278,100,100010,100,99277,100,100069,100,99252,100,100084,100,99182,100,100119,100,99131,100
2019-06-28 09:54:27.124257967,99676,253,99519,153,99677,153,99405,153,99714,153,99388,153,99864,453,99352,53,99964,153,99342,153,99977,100,99278,100,100010,100,99277,100,100069,100,99252,100,100084,100,99182,100,100119,100,99131,100
2019-06-28 09:54:30.000000000,99676,332,99519,232,99677,232,99405,232,99714,100,99388,100,99864,400,99342,100,99964,100,99278,100,99977,100,99277,100,100010,100,99252,100,100069,100,99182,100,100084,100,99131,100,100119,100,99041,100
2019-06-28 09:54:31.252423632,99676,232,99519,232,99677,232,99405,232,99714,100,99388,100,99864,400,99342,100,99964,100,99278,100,99977,100,99277,100,100010,100,99252,100,100069,100,99182,100,100084,100,99131,100,100119,100,99041,100
2019-06-28 09:54:40.000000000,99676,166,99519,166,99677,166,99405,166,99714,166,99388,166,99864,466,99342,166,99964,100,99278,100,99977,100,99277,100,100010,100,99252,100,100069,100,99182,100,100084,100,99131,100,100119,100,99041,100
2019-06-28 09:54:44.596003319,99676,166,99573,100,99677,166,99519,166,99714,166,99405,166,99864,366,99388,166,99964,100,99342,166,99977,100,99278,100,100010,100,99277,100,100069,100,99252,100,100084,100,99182,100,100119,100,99131,100
2019-06-28 09:54:50.000000000,99676,232,99573,232,99677,232,99519,232,99714,100,99405,100,99864,300,99388,100,99964,100,99342,100,99977,100,99278,100,100010,100,99277,100,100069,100,99252,100,100084,100,99182,100,100119,100,99131,100
2019-06-28 09:54:52.151427304,99676,232,99573,332,99677,232,99519,232,99714,100,99405,100,99864,300,99388,100,99964,100,99342,100,99977,100,99278,100,100010,100,99277,100,100069,100,99252,100,100084,100,99182,100,100119,100,99131,100
2019-06-28 09:55:00.000000000,99676,365,99573,465,99677,100,99519,100,99714,100,99405,100,99864,300,99388,100,99964,100,99342,100,99977,100,99278,100,100010,100,99277,100,100069,100,99252,100,100084,100,99182,100,100119,100,99131,100
2019-06-28 09:55:09.566905371,99676,365,99675,100,99677,100,99573,465,99714,100,99519,100,99864,300,99405,100,99964,100,99388,100,99977,100,99342,100,100010,100,99278,100,100069,100,99277,100,100084,100,99252,100,100119,100,99182,100
2019-06-28 09:55:10.000000000,99676,153,99675,153,99677,153,99573,253,99714,153,99519,153,99864,353,99405,153,99964,153,99388,153,99977,100,99342,100,100010,100,99278,100,100069,100,99277,100,100084,100,99252,100,100119,100,99182,100
2019-06-28 09:55:20.000000000,99676,190,99675,190,99677,187,99573,287,99714,187,99519,187,99864,300,99405,100,99964,100,99388,100,99977,100,99342,100,100010,100,99278,100,100069,100,99277,100,100084,100,99252,100,100119,100,99182,100
2019-06-28 09:55:30.000000000,99676,190,99675,190,99677,187,99573,287,99714,187,99519,187,99864,300,99405,100,99964,100,99388,100,99977,100,99342,100,100010,100,99278,100,100069,100,99277,100,100084,100,99252,100,100119,100,99182,100
2019-06-28 09:55:39.481211124,99676,190,99675,190,99677,187,99573,287,99714,187,99529,100,99864,300,99519,187,99964,100,99405,100,99977,100,99388,100,100010,100,99342,100,100069,100,99278,100,100084,100,99277,100,100119,100,99252,100
2019-06-28 09:55:40.000000000,99676,232,99675,232,99677,232,99573,332,99714,100,99529,100,99864,300,99519,100,99964,100,99405,100,99977,100,99388,100,100010,100,99342,100,100069,100,99278,100,100084,100,99277,100,100119,100,99252,100
2019-06-28 09:55:44.074778284,99676,232,99675,232,99677,232,99573,332,99714,100,99529,100,99768,100,99519,100,99864,300,99405,100,99964,100,99388,100,99977,100,99342,100,100010,100,99278,100,100069,100,99277,100,100084,100,99252,100
2019-06-28 09:55:50.000000000,99676,365,99675,365,99677,100,99573,200,99714,100,99529,100,99768,100,99519,100,99864,300,99405,100,99964,100,99388,100,99977,100,99342,100,100010,100,99278,100,100069,100,99277,100,100084,100,99252,100
2019-06-28 09:56:00.000000000,99676,365,99675,365,99677,100,99573,200,99714,100,99529,100,99768,100,99519,100,99864,300,99405,100,99964,100,99388,100,99977,100,99342,100,100010,100,99278,100,100069,100,99277,100,100084,100,99252,100
2019-06-28 09:56:00.131765340,99676,365,99675,365,99677,100,99573,200,99714,100,99529,100,99768,100,99519,100,99864,300,99405,100,99964,100,99388,100,99977,100,99346,100,100069,100,99342,100,100084,100,99278,100,100119,100,99277,100
2019-06-28 09:56:10.000000000,99676,365,99675,365,99677,100,99573,200,99714,100,99529,100,99768,100,99519,100,99864,300,99405,100,99964,100,99388,100,99977,100,99346,100,100069,100,99342,100,100084,100,99278,100,100119,100,99277,100
2019-06-28 09:56:20.000000000,99676,153,99675,153,99677,153,99573,253,99714,153,99529,153,99768,153,99519,153,99864,353,99405,153,99964,100,99388,100,99977,100,99346,100,100069,100,99342,100,100084,100,99278,100,100119,100,99277,100
2019-06-28 09:56:30.000000000,99676,166,99675,166,99677,166,99573,266,99714,166,99529,166,99768,166,99519,166,99864,300,99405,100,99964,100,99388,100,99977,100,99346,100,100069,100,99342,100,100084,100,99278,100,100119,100,99277,100
2019-06-28 09:56:30.960387362,99676,166,99675,166,99677,166,99573,266,99714,166,99529,166,99768,166,99519,166,99853,100,99405,100,99864,300,99388,100,99964,100,99346,100,99977,100,99342,100,100069,100,99278,100,100084,100,99277,100
2019-06-28 09:56:40.000000000,99676,153,99675,153,99677,153,99573,253,99714,153,99529,153,99768,153,99519,153,99853,153,99405,153,99864,300,99388,100,99964,100,99346,100,99977,100,99342,100,100069,100,99278,100,100084,100,99277,100
2019-06-28 09:56:50.000000000,99676,190,99675,190,99677,187,99573,287,99714,187,99529,187,99768,100,99519,100,99853,100,99405,100,99864,300,99388,100,99964,100,99346,100,99977,100,99342,100,100069,100,99278,100,100084,100,99277,100
2019-06-28 09:57:00.000000000,99676,190,99675,190,99677,187,99573,287,99714,187,99529,187,99768,100,99519,100,99853,100,99405,100,99864,300,99388,100,99964,100,99346,100,99977,100,99342,100,100069,100,99278,100,100084,100,99277,100
2019-06-28 09:57:10.000000000,99676,153,99675,153,99677,153,99573,253,99714,153,99529,153,99768,153,99519,153,99853,153,99405,153,99864,300,99388,100,99964,100,99346,100,99977,100,99342,100,100069,100,99278,100,100084,100,99277,100
2019-06-28 09:57:20.000000000,99676,365,99675,365,99677,100,99573,200,99714,100,99529,100,99768,100,99519,100,99853,100,99405,100,99864,300,99388,100,99964,100,99346,100,99977,100,99342,100,100069,100,99278,100,100084,100,99277,100
2019-06-28 09:57:30.000000000,99676,365,99675,365,99677,100,99573,200,99714,100,99529,100,99768,100,99519,100,99853,100,99405,100,99864,300,99388,100,99964,100,99346,100,99977,100,99342,100,100069,100,99278,100,100084,100,99277,100
2019-06-28 09:57:40.000000000,99676,232,99675,232,99677,232,99573,332,99714,100,99529,100,99768,100,99519,100,99853,100,99405,100,99864,300,99388,100,99964,100,99346,100,99977,100,99342,100,100069,100,99278,100,100084,100,99277,100
2019-06-28 09:57:50.000000000,99676,166,99675,166,99677,166,99573,266,99714,166,99529,166,99768,166,99519,166,99853,100,99405,100,99864,300,99388,100,99964,100,99346,100,99977,100,99342,100,100069,100,99278,100,100084,100,99277,100
2019-06-28 09:58:00.000000000,99676,232,99675,232,99677,232,99573,332,99714,100,99529,100,99768,100,99519,100,99853,100,99405,100,99864,300,99388,100,99964,100,99346,100,99977,100,99342,100,100069,100,99278,100,100084,100,99277,100
2019-06-28 09:58:10.000000000,99676,166,99675,166,99677,166,99573,266,99714,166,99529,166,99768,166,99519,166,99853,100,99405,100,99864,300,99388,100,99964,100,99346,100,99977,100,99342,100,100069,100,99278,100,100084,100,99277,100
2019-06-28 09:58:13.959386502,99676,166,99675,66,99677,66,99573,266,99714,166,99529,166,99768,166,99519,166,99853,100,99405,100,99864,300,99388,100,99964,100,99346,100,99977,100,99342,100,100069,100,99278,100,100084,100,99277,100
2019-06-28 09:58:14.886717262,99675,34,99573,266,99676,166,99529,166,99677,66,99519,166,99714,166,99405,100,99768,166,99388,100,99853,100,99346,100,99864,300,99342,100,99964,100,99278,100,99977,100,99277,100,100084,100,99252,100
2019-06-28 09:58:20.000000000,99675,124,99573,290,99676,187,99529,187,99714,187,99519,187,99768,100,99405,100,99853,100,99388,100,99864,300,99346,100,99964,100,99342,100,99977,100,99278,100,100084,100,99277,100,100119,100,99252,100
2019-06-28 09:58:30.000000000,99675,87,99573,253,99676,153,99529,153,99714,153,99519,153,99768,153,99405,153,99853,153,99388,153,99864,300,99346,100,99964,100,99342,100,99977,100,99278,100,100084,100,99277,100,100119,100,99252,100
2019-06-28 09:58:40.000000000,99675,87,99573,253,99676,153,99529,153,99714,153,99519,153,99768,153,99405,153,99853,153,99388,153,99864,300,99346,100,99964,100,99342,100,99977,100,99278,100,100084,100,99277,100,100119,100,99252,100
2019-06-28 09:58:40.653462993,99676,140,99573,253,99714,153,99529,153,99768,153,99519,153,99853,153,99405,153,99864,300,99388,153,99964,100,99346,100,99977,100,99342,100,100084,100,99278,100,100119,100,99277,100,100181,100,99252,100
2019-06-28 09:58:48.912835889,99676,140,99573,253,99714,153,99529,153,99768,153,99519,153,99853,153,99405,153,99864,300,99388,153,99951,100,99346,100,99964,100,99342,100,99977,100,99278,100,100084,100,99277,100,100119,100,99252,100
2019-06-28 09:58:50.000000000,99676,153,99573,266,99714,166,99529,166,99768,166,99519,166,99853,166,99405,166,99864,300,99388,100,99951,100,99346,100,99964,100,99342,100,99977,100,99278,100,100084,100,99277,100,100119,100,99252,100
2019-06-28 09:58:56.241321636,99676,153,99573,266,99714,166,99529,166,99768,166,99519,166,99853,166,99405,166,99864,300,99388,100,99951,100,99346,100,99964,100,99342,100,100029,100,99278,100,100084,100,99277,100,100119,100,99252,100
2019-06-28 09:58:56.805061713,99676,153,99573,266,99714,166,99529,166,99768,166,99519,166,99853,166,99405,166,99864,300,99388,100,99951,100,99342,100,99964,100,99278,100,100029,100,99277,100,100084,100,99252,100,100087,100,99182,100
2019-06-28 09:58:58.213555509,99676,153,99675,100,99714,166,99573,166,99768,166,99529,166,99853,166,99519,166,99864,300,99405,166,99951,100,99388,100,99964,100,99342,100,100029,100,99278,100,100084,100,99277,100,100087,100,99252,100
2019-06-28 09:59:00.000000000,99676,177,99675,190,99714,187,99573,187,99768,187,99529,187,99853,100,99519,100,99864,300,99405,100,99951,100,99388,100,99964,100,99342,100,100029,100,99278,100,100084,100,99277,100,100087,100,99252,100
2019-06-28 09:59:10.000000000,99676,352,99675,365,99714,100,99573,100,99768,100,99529,100,99853,100,99519,100,99864,300,99405,100,99951,100,99388,100,99964,100,99342,100,100029,100,99278,100,100084,100,99277,100,100087,100,99252,100
2019-06-28 09:59:20.000000000,99676,352,99675,365,99714,100,99573,100,99768,100,99529,100,99853,100,99519,100,99864,300,99405,100,99951,100,99388,100,99964,100,99342,100,100029,100,99278,100,100084,100,99277,100,100087,100,99252,100
2019-06-28 09:59:30.000000000,99676,153,99675,166,99714,166,99573,166,99768,166,99529,166,99853,166,99519,166,99864,300,99405,100,99951,100,99388,100,99964,100,99342,100,100029,100,99278,100,100084,100,99277,100,100087,100,99252,100
2019-06-28 09:59:32.098456077,99676,153,99675,166,99714,166,99573,166,99768,166,99529,166,99838,100,99519,166,99853,166,99405,100,99864,300,99388,100,99951,100,99342,100,99964,100,99278,100,100029,100,99277,100,100084,100,99252,100
2019-06-28 09:59:37.457429979,99676,53,99675,166,99714,166,99573,166,99768,166,99529,166,99838,100,99519,166,99853,166,99405,100,99864,300,99388,100,99951,100,99278,100,99964,100,99277,100,100029,100,99252,100,100084,100,99182,100
2019-06-28 09:59:40.000000000,99714,166,99675,166,99768,166,99573,166,99838,166,99529,166,99853,166,99519,166,99864,300,99405,100,99951,100,99388,100,99964,100,99278,100,100029,100,99277,100,100084,100,99252,100,100087,100,99182,100
2019-06-28 09:59:40.053412212,99714,166,99675,166,99768,166,99573,166,99838,166,99529,166,99853,166,99519,166,99864,300,99405,100,99885,100,99388,100,99951,100,99278,100,99964,100,99277,100,100029,100,99252,100,100084,100,99182,100
2019-06-28 09:59:50.000000000,99714,153,99675,153,99768,153,99573,153,99838,153,99529,153,99853,153,99519,153,99864,353,99405,153,99885,100,99388,100,99951,100,99278,100,99964,100,99277,100,100029,100,99252,100,100084,100,99182,100
2019-06-28 09:59:54.738574881,99714,153,99675,153,99768,153,99573,153,99838,153,99529,153,99853,153,99519,153,99864,353,99508,100,99885,100,99405,153,99951,100,99388,100,99964,100,99278,100,100029,100,99277,100,100084,100,99252,100
2019-06-28 10:00:00.000000000,99714,190,99675,190,99768,187,99573,187,99838,187,99529,187,99853,100,99519,100,99864,300,99508,100,99885,100,99405,100,99951,100,99388,100,99964,100,99278,100,100029,100,99277,100,100084,100,99252,100
2019-06-28 10:00:01.626580430,99714,190,99675,190,99768,187,99573,187,99838,187,99529,187,99853,100,99519,100,99864,300,99508,100,99907,100,99405,100,99951,100,99388,100,99964,100,99278,100,100029,100,99277,100,100084,100,99252,100
2019-06-28 10:00:10.000000000,99714,153,99675,153,99768,153,99573,153,99838,153,99529,153,99853,153,99519,153,99864,353,99508,153,99907,100,99405,100,99951,100,99388,100,99964,100,99278,100,100029,100,99277,100,100084,100,99252,100
2019-06-28 10:00:18.473256871,99714,53,99675,153,99768,153,99573,153,99838,153,99529,153,99853,153,99519,153,99864,353,99508,153,99907,100,99405,100,99951,100,99388,100,99964,100,99278,100,100029,100,99277,100,100084,100,99252,100
2019-06-28 10:00:20.000000000,99768,166,99675,166,99838,166,99573,166,99853,166,99529,166,99864,366,99519,166,99907,100,99508,100,99951,100,99405,100,99964,100,99388,100,100029,100,99278,100,100084,100,99277,100,100087,100,99252,100
2019-06-28 10:00:30.000000000,99768,153,99675,153,99838,153,99573,153,99853,153,99529,153,99864,353,99519,153,99907,153,99508,153,99951,100,99405,100,99964,100,99388,100,100029,100,99278,100,100084,100,99277,100,100087,100,99252,100
2019-06-28 10:00:36.526329519,99768,153,99675,153,99838,153,99573,153,99843,100,99529,153,99853,153,99519,153,99864,353,99508,153,99907,153,99405,100,99951,100,99388,100,99964,100,99278,100,100084,100,99277,100,100087,100,99252,100
2019-06-28 10:00:40.000000000,99768,166,99675,166,99838,166,99573,166,99843,166,99529,166,99853,166,99519,166,99864,300,99508,100,99907,100,99405,100,99951,100,99388,100,99964,100,99278,100,100084,100,99277,100,100087,100,99252,100
2019-06-28 10:00:50.000000000,99768,190,99675,190,99838,187,99573,187,99843,187,99529,187,99853,100,99519,100,99864,300,99508,100,99907,100,99405,100,99951,100,99388,100,99964,100,99278,100,100084,100,99277,100,100087,100,99252,100
2019-06-28 10:00:59.610667035,99768,90,99675,190,99838,187,99573,187,99843,87,99529,187,99853,100,99519,100,99864,300,99508,100,99907,100,99405,100,99951,100,99388,100,99964,100,99278,100,100084,100,99277,100,100087,100,99252,100
2019-06-28 10:01:00.000000000,99838,232,99675,232,99853,232,99573,232,99864,300,99529,100,99907,100,99519,100,99951,100,99508,100,99964,100,99405,100,100084,100,99388,100,100087,100,99278,100,100119,100,99277,100,100181,100,99252,100
2019-06-28 10:01:07.534009280,99838,132,99675,232,99853,232,99573,232,99864,300,99529,100,99907,100,99519,100,99951,100,99508,100,99964,100,99405,100,100084,100,99388,100,100087,100,99278,100,100119,100,99277,100,100181,100,99252,100
2019-06-28 10:01:10.000000000,99853,190,99675,190,99864,387,99573,187,99907,187,99529,187,99951,100,99519,100,99964,100,99508,100,100084,100,99405,100,100087,100,99388,100,100119,100,99278,100,100181,100,99277,100,100243,100,99252,100
2019-06-28 10:01:12.524571077,99853,190,99675,190,99864,387,99573,187,99907,187,99529,187,99934,100,99519,100,99951,100,99508,100,99964,100,99405,100,100084,100,99388,100,100087,100,99278,100,100119,100,99277,100,100181,100,99252,100
2019-06-28 10:01:15.834108756,99853,90,99675,190,99864,387,99573,187,99907,187,99529,87,99934,100,99519,100,99951,100,99508,100,99964,100,99405,100,100084,100,99388,100,100087,100,99278,100,100119,100,99277,100,100181,100,99252,100
2019-06-28 10:01:18.823681981,99864,387,99853,10,99907,187,99675,190,99934,100,99573,187,99951,100,99529,87,99964,100,99519,100,100084,100,99508,100,100087,100,99405,100,100119,100,99388,100,100181,100,99278,100,100243,100,99277,100
2019-06-28 10:01:20.000000000,99864,565,99853,275,99907,100,99675,100,99934,100,99573,100,99951,100,99519,100,99964,100,99508,100,100084,100,99405,100,100087,100,99388,100,100119,100,99278,100,100181,100,99277,100,100243,100,99252,100
2019-06-28 10:01:25.242895215,99864,465,99853,275,99907,100,99675,100,99934,100,99573,100,99951,100,99519,100,99964,100,99508,100,100084,100,99405,100,100087,100,99388,100,100119,100,99278,100,100181,100,99252,100,100243,100,99182,100
2019-06-28 10:01:30.000000000,99864,253,99853,63,99907,153,99675,153,99934,153,99573,153,99951,153,99519,153,99964,153,99508,153,100084,100,99405,100,100087,100,99388,100,100119,100,99278,100,100181,100,99252,100,100243,100,99182,100
2019-06-28 10:01:37.486589472,99864,253,99854,100,99907,153,99853,63,99934,153,99675,153,99951,153,99573,153,99964,153,99519,153,100084,100,99508,153,100087,100,99405,100,100119,100,99388,100,100181,100,99278,100,100243,100,99252,100
2019-06-28 10:01:40.000000000,99864,253,99854,153,99907,153,99853,63,99934,153,99675,153,99951,153,99573,153,99964,153,99519,153,100084,100,99508,100,100087,100,99405,100,100119,100,99388,100,100181,100,99278,100,100243,100,99252,100
2019-06-28 10:01:40.919954372,99864,253,99854,253,99907,153,99853,63,99934,153,99675,153,99951,153,99573,153,99964,153,99519,153,100084,100,99508,100,100087,100,99405,100,100119,100,99388,100,100181,100,99278,100,100243,100,99252,100
2019-06-28 10:01:50.000000000,99864,465,99854,465,99907,100,99853,10,99934,100,99675,100,99951,100,99573,100,99964,100,99519,100,100084,100,99508,100,100087,100,99405,100,100119,100,99388,100,100181,100,99278,100,100243,100,99252,100
2019-06-28 10:01:51.793985644,99864,465,99854,565,99907,100,99853,10,99934,100,99675,100,99951,100,99573,100,99964,100,99519,100,100084,100,99508,100,100087,100,99405,100,100119,100,99388,100,100181,100,99278,100,100243,100,99252,100
2019-06-28 10:01:53.948657549,99864,465,99854,565,99907,100,99853,10,99934,100,99675,100,99951,100,99573,100,99964,100,99519,100,100084,100,99508,100,100087,100,99405,100,100119,100,99278,100,100144,100,99252,100,100181,100,99182,100
2019-06-28 10:02:00.000000000,99864,290,99854,390,99907,187,99853,97,99934,187,99675,187,99951,100,99573,100,99964,100,99519,100,100084,100,99508,100,100087,100,99405,100,100119,100,99278,100,100144,100,99252,100,100181,100,99182,100
2019-06-28 10:02:01.519377785,99864,290,99854,390,99907,87,99853,97,99934,187,99811,100,99951,100,99675,187,99964,100,99573,100,100084,100,99519,100,100087,100,99508,100,100119,100,99405,100,100144,100,99278,100,100181,100,99252,100
2019-06-28 10:02:09.557720835,99864,290,99854,490,99907,87,99853,97,99934,187,99811,100,99951,100,99675,187,99964,100,99573,100,100084,100,99519,100,100087,100,99508,100,100119,100,99405,100,100144,100,99278,100,100181,100,99252,100
2019-06-28 10:02:10.000000000,99864,253,99854,453,99934,153,99853,63,99951,153,99811,153,99964,153,99675,153,100084,153,99573,153,100087,100,99519,100,100119,100,99508,100,100144,100,99405,100,100181,100,99278,100,100243,100,99252,100
2019-06-28 10:02:20.000000000,99864,253,99854,453,99934,153,99853,63,99951,153,99811,153,99964,153,99675,153,100084,153,99573,153,100087,100,99519,100,100119,100,99508,100,100144,100,99405,100,100181,100,99278,100,100243,100,99252,100
2019-06-28 10:02:30.000000000,99864,465,99854,665,99934,100,99853,10,99951,100,99811,100,99964,100,99675,100,100084,100,99573,100,100087,100,99519,100,100119,100,99508,100,100144,100,99405,100,100181,100,99278,100,100243,100,99252,100
2019-06-28 10:02:40.000000000,99864,253,99854,453,99934,153,99853,63,99951,153,99811,153,99964,153,99675,153,100084,153,99573,153,100087,100,99519,100,100119,100,99508,100,100144,100,99405,100,100181,100,99278,100,100243,100,99252,100
2019-06-28 10:02:50.000000000,99864,253,99854,453,99934,153,99853,63,99951,153,99811,153,99964,153,99675,153,100084,153,99573,153,100087,100,99519,100,100119,100,99508,100,100144,100,99405,100,100181,100,99278,100,100243,100,99252,100
2019-06-28 10:02:51.313031117,99864,253,99854,453,99934,153,99853,63,99951,153,99811,153,99964,153,99675,153,100084,153,99573,153,100087,100,99519,100,100119,100,99508,100,100144,100,99405,100,100181,100,99278,100,100243,100,99252,100
2019-06-28 10:03:00.000000000,99864,253,99854,453,99934,153,99853,63,99951,153,99811,153,99964,153,99675,153,100084,153,99573,153,100087,100,99519,100,100119,100,99508,100,100144,100,99405,100,100181,100,99278,100,100243,100,99252,100
2019-06-28 10:03:10.000000000,99864,465,99854,665,99934,100,99853,10,99951,100,99811,100,99964,100,99675,100,100084,100,99573,100,100087,100,99519,100,100119,100,99508,100,100144,100,99405,100,100181,100,99278,100,100243,100,99252,100
2019-06-28 10:03:19.671890634,99864,365,99854,665,99934,100,99853,10,99951,100,99811,100,99964,100,99675,100,100084,100,99573,100,100087,100,99519,100,100119,100,99405,100,100144,100,99278,100,100181,100,99252,100,100243,100,99182,100
2019-06-28 10:03:20.000000000,99864,190,99854,490,99934,187,99853,97,99951,187,99811,187,99964,100,99675,100,100084,100,99573,100,100087,100,99519,100,100119,100,99405,100,100144,100,99278,100,100181,100,99252,100,100243,100,99182,100
2019-06-28 10:03:22.104412373,99864,190,99854,490,99934,187,99853,97,99951,187,99811,187,99964,100,99675,100,100084,100,99573,100,100087,100,99519,100,100119,100,99405,100,100144,100,99278,100,100181,100,99252,100,100243,100,99182,100
2019-06-28 10:03:28.729751536,99864,190,99854,490,99934,187,99853,97,99951,187,99811,187,99964,100,99675,100,100084,100,99573,100,100087,100,99519,100,100119,100,99405,100,100144,100,99278,100,100181,100,99252,100,100243,100,99182,100
2019-06-28 10:03:30.000000000,99864,190,99854,490,99934,187,99853,97,99951,187,99811,187,99964,100,99675,100,100084,100,99573,100,100087,100,99519,100,100119,100,99405,100,100144,100,99278,100,100181,100,99252,100,100243,100,99182,100
2019-06-28 10:03:38.058711671,99864,190,99854,490,99934,187,99853,97,99951,187,99811,187,99964,100,99675,100,100084,100,99573,100,100087,100,99519,100,100119,100,99405,100,100144,100,99278,100,100181,100,99252,100,100243,100,99182,100
2019-06-28 10:03:38.151859110,99864,190,99854,390,99934,187,99853,97,99951,187,99811,187,99964,100,99675,100,100084,100,99573,100,100087,100,99519,100,100119,100,99405,100,100144,100,99278,100,100181,100,99252,100,100243,100,99182,100
2019-06-28 10:03:40.000000000,99864,153,99854,353,99934,153,99853,63,99951,153,99811,153,99964,153,99675,153,100084,153,99573,153,100087,100,99519,100,100119,100,99405,100,100144,100,99278,100,100181,100,99252,100,100243,100,99182,100
2019-06-28 10:03:50.000000000,99864,166,99854,366,99934,166,99853,76,99951,166,99811,166,99964,166,99675,166,100084,100,99573,100,100087,100,99519,100,100119,100,99405,100,100144,100,99278,100,100181,100,99252,100,100243,100,99182,100
2019-06-28 10:04:00.000000000,99864,365,99854,565,99934,100,99853,10,99951,100,99811,100,99964,100,99675,100,100084,100,99573,100,100087,100,99519,100,100119,100,99405,100,100144,100,99278,100,100181,100,99252,100,100243,100,99182,100
2019-06-28 10:04:06.605118722,99864,265,99854,565,99934,100,99853,10,99951,100,99811,100,99964,100,99675,100,100084,100,99573,100,100087,100,99519,100,100119,100,99405,100,100144,100,99278,100,100181,100,99252,100,100243,100,99182,100
2019-06-28 10:04:07.321856755,99864,265,99854,565,99934,100,99853,10,99951,100,99811,100,99964,100,99675,100,100084,100,99573,100,100087,100,99519,100,100144,100,99405,100,100181,100,99278,100,100243,100,99252,100,100412,100,99182,100
2019-06-28 10:04:10.000000000,99934,166,99854,366,99951,166,99853,76,99964,166,99811,166,100084,166,99675,166,100087,100,99573,100,100144,100,99519,100,100181,100,99405,100,100243,100,99278,100,100412,100,99252,100,100419,100,99182,100
2019-06-28 10:04:20.000000000,99934,190,99854,390,99951,187,99853,97,99964,187,99811,187,100084,100,99675,100,100087,100,99573,100,100144,100,99519,100,100181,100,99405,100,100243,100,99278,100,100412,100,99252,100,100419,100,99182,100
2019-06-28 10:04:29.456202645,99934,190,99854,390,99951,187,99853,97,99964,187,99811,187,100084,100,99675,100,100087,100,99573,100,100144,100,99519,100,100181,100,99405,100,100243,100,99278,100,100412,100,99252,100,100419,100,99182,100
2019-06-28 10:04:30.000000000,99934,153,99854,353,99951,153,99853,63,99964,153,99811,153,100084,153,99675,153,100087,153,99573,153,100144,100,99519,100,100181,100,99405,100,100243,100,99278,100,100412,100,99252,100,100419,100,99182,100
2019-06-28 10:04:36.050954826,99934,153,99864,100,99951,153,99854,353,99964,53,99853,63,100084,153,99811,153,100087,153,99675,153,100144,100,99573,153,100181,100,99519,100,100243,100,99405,100,100412,100,99278,100,100419,100,99252,100
2019-06-28 10:04:40.000000000,99934,232,99864,232,99951,232,99854,432,100084,100,99853,10,100087,100,99811,100,100144,100,99675,100,100181,100,99573,100,100243,100,99519,100,100412,100,99405,100,100419,100,99278,100,100603,100,99252,100
2019-06-28 10:04:46.036411455,99934,132,99864,232,99951,232,99854,432,100084,100,99853,10,100087,100,99811,100,100144,100,99675,100,100181,100,99573,100,100243,100,99519,100,100412,100,99405,100,100603,100,99278,100,100610,100,99252,100
2019-06-28 10:04:50.000000000,99951,166,99864,166,100084,166,99854,366,100087,166,99853,76,100144,166,99811,166,100181,100,99675,100,100243,100,99573,100,100412,100,99519,100,100603,100,99405,100,100610,100,99278,100,100636,100,99252,100
2019-06-28 10:05:00.000000000,99951,166,99864,166,100084,166,99854,366,100087,166,99853,76,100144,166,99811,166,100181,100,99675,100,100243,100,99573,100,100412,100,99519,100,100603,100,99405,100,100610,100,99278,100,100636,100,99252,100
2019-06-28 10:05:00.697315616,99951,66,99864,166,100084,166,99854,366,100087,166,99853,76,100144,166,99811,166,100181,100,99675,100,100243,100,99573,100,100412,100,99519,100,100603,100,99405,100,100610,100,99278,100,100636,100,99252,100
2019-06-28 10:05:10.000000000,100084,190,99864,190,100087,187,99854,387,100144,187,99853,97,100181,100,99811,100,100243,100,99675,100,100412,100,99573,100,100603,100,99519,100,100610,100,99405,100,100636,100,99278,100,100774,100,99252,100
2019-06-28 10:05:10.326470928,100084,190,99864,190,100087,187,99854,387,100144,187,99853,97,100181,100,99811,100,100243,100,99675,100,100412,100,99573,100,100603,100,99405,100,100610,100,99278,100,100636,100,99252,100,100697,100,99182,100
2019-06-28 10:05:20.000000000,100084,232,99864,232,100087,232,99854,432,100144,100,99853,10,100181,100,99811,100,100243,100,99675,100,100412,100,99573,100,100603,100,99405,100,100610,100,99278,100,100636,100,99252,100,100697,100,99182,100
2019-06-28 10:05:30.000000000,100084,365,99864,365,100087,100,99854,300,100144,100,99853,10,100181,100,99811,100,100243,100,99675,100,100412,100,99573,100,100603,100,99405,100,100610,100,99278,100,100636,100,99252,100,100697,100,99182,100
2019-06-28 10:05:39.571372893,100084,365,99864,365,100087,100,99854,300,100144,100,99853,10,100181,100,99811,100,100243,100,99675,100,100412,100,99573,100,100603,100,99405,100,100610,100,99278,100,100636,100,99252,100,100697,100,99182,100
2019-06-28 10:05:40.000000000,100084,232,99864,232,100087,232,99854,432,100144,100,99853,10,100181,100,99811,100,100243,100,99675,100,100412,100,99573,100,100603,100,99405,100,100610,100,99278,100,100636,100,99252,100,100697,100,99182,100
2019-06-28 10:05:50.000000000,100084,153,99864,153,100087,153,99854,353,100144,153,99853,63,100181,153,99811,153,100243,153,99675,153,100412,100,99573,100,100603,100,99405,100,100610,100,99278,100,100636,100,99252,100,100697,100,99182,100
2019-06-28 10:06:00.000000000,100084,153,99864,153,100087,153,99854,353,100144,153,99853,63,100181,153,99811,153,100243,153,99675,153,100412,100,99573,100,100603,100,99405,100,100610,100,99278,100,100636,100,99252,100,100697,100,99182,100
2019-06-28 10:06:10.000000000,100084,190,99864,190,100087,187,99854,387,100144,187,99853,97,100181,100,99811,100,100243,100,99675,100,100412,100,99573,100,100603,100,99405,100,100610,100,99278,100,100636,100,99252,100,100697,100,99182,100
2019-06-28 10:06:12.006393707,100084,190,99864,190,100087,187,99854,387,100144,187,99853,97,100181,100,99811,100,100243,100,99675,100,100412,100,99573,100,100603,100,99405,100,100610,100,99278,100,100636,100,99252,100,100696,100,99182,100
2019-06-28 10:06:20.000000000,100084,232,99864,232,100087,232,99854,432,100144,100,99853,10,100181,100,99811,100,100243,100,99675,100,100412,100,99573,100,100603,100,99405,100,100610,100,99278,100,100636,100,99252,100,100696,100,99182,100
2019-06-28 10:06:21.635136775,100084,132,99864,232,100087,232,99854,432,100144,100,99853,10,100181,100,99811,100,100243,100,99675,100,100412,100,99573,100,100603,100,99405,100,100610,100,99278,100,100636,100,99252,100,100696,100,99182,100
2019-06-28 10:06:30.000000000,100087,166,99864,166,100144,166,99854,366,100181,166,99853,76,100243,166,99811,166,100412,100,99675,100,100603,100,99573,100,100610,100,99405,100,100636,100,99278,100,100696,100,99252,100,100697,100,99182,100
2019-06-28 10:06:30.842968573,100087,66,99864,166,100144,166,99854,366,100181,166,99853,76,100243,166,99811,166,100412,100,99675,100,100603,100,99573,100,100610,100,99405,100,100636,100,99278,100,100696,100,99252,100,100697,100,99182,100
2019-06-28 10:06:37.515872409,100087,66,99864,166,100144,166,99854,366,100181,166,99853,76,100243,166,99811,166,100412,100,99675,100,100603,100,99405,100,100610,100,99278,100,100636,100,99252,100,100696,100,99182,100,100697,100,99131,100
2019-06-28 10:06:40.000000000,100144,232,99864,232,100181,232,99854,432,100243,100,99853,10,100412,100,99811,100,100603,100,99675,100,100610,100,99405,100,100636,100,99278,100,100696,100,99252,100,100697,100,99182,100,100774,100,99131,100
2019-06-28 10:06:40.922030707,100144,132,99864,232,100181,232,99854,432,100243,100,99853,10,100412,100,99811,100,100603,100,99675,100,100610,100,99405,100,100636,100,99278,100,100696,100,99252,100,100697,100,99182,100,100774,100,99131,100
2019-06-28 10:06:50.000000000,100181,365,99864,365,100243,100,99854,300,100412,100,99853,10,100603,100,99811,100,100610,100,99675,100,100636,100,99405,100,100696,100,99278,100,100697,100,99252,100,100774,100,99182,100,100914,100,99131,100
2019-06-28 10:06:56.049671014,100181,265,99864,365,100412,100,99854,300,100603,100,99853,10,100610,100,99811,100,100636,100,99675,100,100696,100,99405,100,100697,100,99278,100,100774,100,99252,100,100914,100,99182,100,,,99131,100
2019-06-28 10:07:00.000000000,100412,166,99864,166,100603,166,99854,366,100610,166,99853,76,100636,166,99811,166,100696,100,99675,100,100697,100,99405,100,100774,100,99278,100,100914,100,99252,100,,,99182,100,,,99131,100
2019-06-28 10:07:10.000000000,100412,153,99864,153,100603,153,99854,353,100610,153,99853,63,100636,153,99811,153,100696,153,99675,153,100697,100,99405,100,100774,100,99278,100,100914,100,99252,100,,,99182,100,,,99131,100
2019-06-28 10:07:14.971643148,100412,153,100409,100,100603,153,99864,153,100610,153,99854,353,100636,153,99853,63,100696,153,99811,153,100697,100,99675,153,100774,100,99405,100,100914,100,99278,100,,,99252,100,,,99182,100
2019-06-28 10:07:16.136057941,100412,153,100409,100,100603,153,100144,100,100610,153,99864,153,100636,153,99854,253,100696,153,99853,63,100697,100,99811,153,100774,100,99675,153,100914,100,99405,100,,,99278,100,,,99252,100
2019-06-28 10:07:20.000000000,100412,153,100409,153,100603,153,100144,153,100610,153,99864,153,100636,153,99854,253,100696,153,99853,63,100697,100,99811,100,100774,100,99675,100,100914,100,99405,100,,,99278,100,,,99252,100
2019-06-28 10:07:30.000000000,100412,190,100409,190,100603,187,100144,187,100610,187,99864,187,100636,100,99854,200,100696,100,99853,10,100697,100,99811,100,100774,100,99675,100,100914,100,99405,100,,,99278,100,,,99252,100
2019-06-28 10:07:40.000000000,100412,190,100409,190,100603,187,100144,187,100610,187,99864,187,100636,100,99854,200,100696,100,99853,10,100697,100,99811,100,100774,100,99675,100,100914,100,99405,100,,,99278,100,,,99252,100
2019-06-28 10:07:46.148425647,100412,190,100409,190,100603,187,100254,100,100610,187,100144,187,100636,100,99864,187,100696,100,99854,200,100697,100,99853,10,100774,100,99811,100,100914,100,99675,100,,,99405,100,,,99278,100
2019-06-28 10:07:48.230043499,100412,190,100409,90,100603,187,100254,100,100610,187,100144,187,100636,100,99864,187,100696,100,99854,200,100697,100,99853,10,100774,100,99811,100,100914,100,99675,100,,,99405,100,,,99278,100
2019-06-28 10:07:50.000000000,100412,232,100254,232,100603,232,100144,232,100610,100,99864,100,100636,100,99854,200,100696,100,99853,10,100697,100,99811,100,100774,100,99675,100,100914,100,99405,100,,,99278,100,,,99252,100
2019-06-28 10:07:50.375415988,100412,232,100254,232,100603,232,100144,232,100610,100,100045,100,100636,100,99864,100,100696,100,99854,200,100697,100,99853,10,100774,100,99811,100,100914,100,99675,100,,,99405,100,,,99278,100
2019-06-28 10:07:56.835665365,100412,232,100254,232,100603,232,100144,232,100610,100,100045,100,100636,100,99918,100,100696,100,99864,100,100697,100,99854,200,100774,100,99853,10,100914,100,99811,100,,,99675,100,,,99405,100
2019-06-28 10:08:00.000000000,100412,365,100254,365,100603,100,100144,100,100610,100,100045,100,100636,100,99918,100,100696,100,99864,100,100697,100,99854,200,100774,100,99853,10,100914,100,99811,100,,,99675,100,,,99405,100
2019-06-28 10:08:08.760696498,100409,100,100254,365,100412,365,100144,100,100603,100,100045,100,100610,100,99918,100,100636,100,99864,100,100696,100,99854,200,100697,100,99853,10,100774,100,99811,100,100914,100,99675,100,,,99405,100
2019-06-28 10:08:10.000000000,100409,166,100254,166,100412,166,100144,166,100603,166,100045,166,100610,166,99918,166,100636,100,99864,100,100696,100,99854,200,100697,100,99853,10,100774,100,99811,100,100914,100,99675,100,,,99405,100
2019-06-28 10:08:20.000000000,100409,365,100254,365,100412,100,100144,100,100603,100,100045,100,100610,100,99918,100,100636,100,99864,100,100696,100,99854,200,100697,100,99853,10,100774,100,99811,100,100914,100,99675,100,,,99405,100
2019-06-28 10:08:24.971444728,100331,100,100254,365,100409,365,100144,100,100412,100,100045,100,100603,100,99918,100,100610,100,99864,100,100636,100,99854,200,100696,100,99853,10,100697,100,99811,100,100774,100,99675,100,100914,100,99405,100
2019-06-28 10:08:30.000000000,100331,153,100254,153,100409,153,100144,153,100412,153,100045,153,100603,153,99918,153,100610,153,99864,153,100636,100,99854,200,100696,100,99853,10,100697,100,99811,100,100774,100,99675,100,100914,100,99405,100
2019-06-28 10:08:34.208433924,100331,153,100254,153,100409,153,100144,153,100412,153,100045,153,100603,153,99967,100,100610,153,99918,153,100636,100,99864,153,100696,100,99854,200,100697,100,99853,10,100774,100,99811,100,,,99675,100
2019-06-28 10:08:40.000000000,100331,190,100254,190,100409,187,100144,187,100412,187,100045,187,100603,100,99967,100,100610,100,99918,100,100636,100,99864,100,100696,100,99854,200,100697,100,99853,10,100774,100,99811,100,,,99675,100
2019-06-28 10:08:50.000000000,100331,166,100254,166,100409,166,100144,166,100412,166,100045,166,100603,166,99967,166,100610,100,99918,100,100636,100,99864,100,100696,100,99854,200,100697,100,99853,10,100774,100,99811,100,,,99675,100
2019-06-28 10:09:00.000000000,100331,232,100254,232,100409,232,100144,232,100412,100,100045,100,100603,100,99967,100,100610,100,99918,100,100636,100,99864,100,100696,100,99854,200,100697,100,99853,10,100774,100,99811,100,,,99675,100
2019-06-28 10:09:10.000000000,100331,232,100254,232,100409,232,100144,232,100412,100,100045,100,100603,100,99967,100,100610,100,99918,100,100636,100,99864,100,100696,100,99854,200,100697,100,99853,10,100774,100,99811,100,,,99675,100
2019-06-28 10:09:20.000000000,100331,166,100254,166,100409,166,100144,166,100412,166,100045,166,100603,166,99967,166,100610,100,99918,100,100636,100,99864,100,100696,100,99854,200,100697,100,99853,10,100774,100,99811,100,,,99675,100
2019-06-28 10:09:29.334141779,100331,166,100254,166,100409,166,100144,166,100412,166,100045,166,100603,166,99967,166,100610,100,99918,100,100636,100,99872,100,100696,100,99864,100,100697,100,99854,200,100774,100,99853,10,,,99811,100
2019-06-28 10:09:30.000000000,100331,232,100254,232,100409,232,100144,232,100412,100,100045,100,100603,100,99967,100,100610,100,99918,100,100636,100,99872,100,100696,100,99864,100,100697,100,99854,200,100774,100,99853,10,,,99811,100
2019-06-28 10:09:40.000000000,100331,232,100254,232,100409,232,100144,232,100412,100,100045,100,100603,100,99967,100,100610,100,99918,100,100636,100,99872,100,100696,100,99864,100,100697,100,99854,200,100774,100,99853,10,,,99811,100
2019-06-28 10:09:49.670360074,100331,232,100254,132,100409,232,100144,232,100412,100,100045,100,100603,100,99967,100,100610,100,99918,100,100636,100,99872,100,100696,100,99864,100,100697,100,99854,200,100774,100,99853,10,,,99811,100
2019-06-28 10:09:50.000000000,100331,365,100144,365,100409,100,100045,100,100412,100,99967,100,100603,100,99918,100,100610,100,99872,100,100636,100,99864,100,100696,100,99854,200,100697,100,99853,10,100774,100,99811,100,,,99675,100
