,ask_price_1,ask_size_1,bid_price_1,bid_size_1,ask_price_2,ask_size_2,bid_price_2,bid_size_2,ask_price_3,ask_size_3,bid_price_3,bid_size_3,ask_price_4,ask_size_4,bid_price_4,bid_size_4,ask_price_5,ask_size_5,bid_price_5,bid_size_5,ask_price_6,ask_size_6,bid_price_6,bid_size_6,ask_price_7,ask_size_7,bid_price_7,bid_size_7,ask_price_8,ask_size_8,bid_price_8,bid_size_8,ask_price_9,ask_size_9,bid_price_9,bid_size_9,ask_price_10,ask_size_10,bid_price_10,bid_size_10
2019-06-28 09:30:00.000000001,99978,100,,,100130,100,,,,,,,,,,,,,,,,,,,,,,,,,,,,,,,,,,
2019-06-28 09:30:00.000000002,99978,100,,,100035,100,,,100130,100,,,,,,,,,,,,,,,,,,,,,,,,,,,,,,
2019-06-28 09:30:00.000000009,99978,100,,,100035,100,,,100090,100,,,100130,100,,,,,,,,,,,,,,,,,,,,,,,,,,
2019-06-28 09:30:00.000000010,99978,100,,,100002,100,,,100035,100,,,100090,100,,,100130,100,,,100155,100,,,,,,,,,,,,,,,,,,
2019-06-28 09:30:00.000000012,99978,100,,,99997,100,,,100002,100,,,100035,100,,,100090,100,,,100130,100,,,100155,100,,,,,,,,,,,,,,
2019-06-28 09:30:00.000000014,99978,100,99787,100,99997,100,,,100002,100,,,100035,100,,,100090,100,,,100130,100,,,100155,100,,,,,,,,,,,,,,
2019-06-28 09:30:00.000000015,99978,100,99899,100,99997,100,99860,100,100002,100,99787,100,100035,100,,,100090,100,,,100130,100,,,100155,100,,,,,,,,,,,,,,
2019-06-28 09:30:00.000000016,99978,100,99899,100,99997,100,99860,100,100002,100,99787,100,100035,100,,,100090,100,,,100115,100,,,100130,100,,,100155,100,,,,,,,,,,
2019-06-28 09:30:00.000000017,99978,100,99899,100,99997,100,99892,100,100002,100,99860,100,100035,100,99787,100,100090,100,,,100115,100,,,100130,100,,,100155,100,,,,,,,,,,
2019-06-28 09:30:00.000000018,99978,100,99899,100,99997,100,99892,100,100002,100,99890,100,100035,100,99883,100,100090,100,99860,100,100115,100,99787,100,100130,100,,,100155,100,,,,,,,,,,
2019-06-28 09:30:00.000000019,99978,100,99899,100,99997,100,99892,100,100002,100,99890,100,100035,100,99883,100,100090,100,99877,100,100115,100,99860,100,100130,100,99787,100,100155,100,,,,,,,,,,
2019-06-28 09:30:00.000000025,99978,100,99912,100,99997,100,99899,100,100002,100,99892,100,100035,100,99890,100,100090,100,99883,100,100115,100,99877,100,100130,100,99860,100,100155,100,99787,100,,,,,,,,
2019-06-28 09:30:00.000000029,99978,100,99931,100,99997,100,99912,100,100002,100,99899,100,100035,100,99892,100,100090,100,99890,100,100115,100,99883,100,100130,100,99877,100,100155,100,99860,100,,,99787,100,,,,
2019-06-28 09:30:00.000000030,99978,100,99931,100,99997,100,99912,100,100002,100,99899,100,100035,100,99892,100,100089,100,99890,100,100090,100,99883,100,100115,100,99877,100,100116,100,99860,100,100130,100,99787,100,100155,100,,
2019-06-28 09:30:00.000000035,99997,100,99931,100,100002,100,99912,100,100035,100,99899,100,100089,100,99892,100,100090,100,99890,100,100115,100,99883,100,100116,100,99877,100,100130,100,99860,100,100155,100,99787,100,,,,
2019-06-28 09:30:00.000000036,100002,100,99931,100,100035,100,99912,100,100089,100,99899,100,100090,100,99892,100,100115,100,99890,100,100116,100,99883,100,100128,100,99877,100,100130,100,99860,100,100155,100,99787,100,,,,
2019-06-28 09:30:00.000000039,99997,100,99931,100,100002,100,99912,100,100035,100,99899,100,100089,100,99892,100,100090,100,99890,100,100115,100,99883,100,100116,100,99877,100,100128,100,99860,100,100130,100,99787,100,100155,100,,
2019-06-28 09:30:00.000000040,100002,100,99931,100,100035,100,99912,100,100089,100,99899,100,100090,100,99892,100,100115,100,99890,100,100116,100,99883,100,100128,100,99877,100,100130,100,99860,100,100155,100,99787,100,,,,
2019-06-28 09:30:00.000000043,100002,100,99931,100,100035,100,99912,100,100089,100,99901,100,100090,100,99900,100,100115,100,99899,100,100116,100,99892,100,100128,100,99890,100,100130,100,99883,100,100155,100,99877,100,,,99860,100
2019-06-28 09:30:00.000000045,100002,100,99997,100,100035,100,99931,100,100089,100,99912,100,100090,100,99901,100,100115,100,99900,100,100116,100,99899,100,100128,100,99892,100,100130,100,99890,100,100155,100,99883,100,,,99877,100
2019-06-28 09:30:00.000000047,100002,100,99997,200,100007,100,99931,100,100013,100,99912,100,100035,100,99901,100,100089,100,99900,100,100090,100,99899,100,100103,100,99892,100,100115,100,99890,100,100116,100,99883,100,100128,100,99877,100
2019-06-28 09:30:00.000000050,100002,100,99997,200,100007,100,99931,100,100013,100,99912,100,100035,100,99901,100,100089,100,99900,100,100090,100,99899,100,100103,100,99892,100,100115,100,99890,100,100116,100,99883,100,100128,100,99877,100
2019-06-28 09:30:00.000000055,100002,100,99997,200,100007,100,99941,100,100013,100,99931,100,100035,100,99912,100,100078,100,99901,100,100089,100,99900,100,100090,100,99899,100,100103,100,99892,100,100115,100,99890,100,100116,100,99883,100
2019-06-28 09:30:00.000000057,100002,100,99997,200,100007,100,99941,100,100013,100,99931,100,100035,100,99912,100,100078,100,99901,100,100089,100,99900,100,100090,100,99899,100,100103,100,99892,100,100115,100,99890,100,100116,100,99883,100
2019-06-28 09:30:00.000000058,100002,100,99997,200,100007,100,99941,100,100013,100,99931,100,100035,100,99923,100,100078,100,99912,100,100089,100,99901,100,100090,100,99900,100,100103,100,99899,100,100115,100,99892,100,100116,100,99890,100
2019-06-28 09:30:00.000000059,100002,100,99997,200,100007,100,99941,100,100013,100,99931,100,100035,100,99923,100,100068,100,99912,100,100078,100,99901,100,100089,100,99900,100,100090,100,99899,100,100103,100,99898,100,100115,100,99892,100
2019-06-28 09:30:00.000000060,100002,100,99998,100,100007,100,99997,100,100013,100,99941,100,100035,100,99931,100,100068,100,99923,100,100078,100,99912,100,100089,100,99901,100,100090,100,99900,100,100103,100,99899,100,100115,100,99898,100
2019-06-28 09:30:00.000000062,100002,100,99997,100,100007,100,99941,100,100013,100,99931,100,100035,100,99923,100,100068,100,99912,100,100078,100,99901,100,100089,100,99900,100,100090,100,99899,100,100103,100,99898,100,100115,100,99892,100
2019-06-28 09:30:00.000000064,100002,100,99997,100,100007,100,99941,100,100013,100,99931,100,100035,100,99923,100,100068,100,99912,100,100078,100,99901,100,100089,100,99900,100,100090,100,99899,100,100103,100,99898,100,100115,100,99892,100
2019-06-28 09:30:00.000000065,100002,100,99997,100,100007,100,99941,100,100013,100,99931,100,100035,100,99923,100,100068,100,99912,100,100078,100,99901,100,100089,100,99900,100,100090,100,99899,100,100103,100,99898,100,100115,100,99892,100
2019-06-28 09:30:00.000000066,100002,100,99997,100,100007,100,99941,100,100013,100,99931,100,100035,100,99923,100,100068,100,99912,100,100078,100,99901,100,100089,100,99900,100,100090,100,99899,100,100103,100,99898,100,100115,100,99892,100
2019-06-28 09:30:00.000000067,100002,100,99997,100,100007,100,99941,100,100013,100,99931,100,100035,100,99923,100,100041,100,99912,100,100068,100,99901,100,100078,100,99900,100,100089,100,99899,100,100090,100,99898,100,100103,100,99892,100
2019-06-28 09:30:00.000000068,100002,100,99997,100,100007,100,99941,100,100013,100,99931,100,100035,100,99923,100,100041,100,99912,100,100068,100,99901,100,100078,100,99900,100,100089,100,99899,100,100090,100,99898,100,100103,100,99892,100
2019-06-28 09:30:00.000000071,100002,100,99997,100,100007,100,99941,100,100013,100,99931,100,100035,100,99923,100,100041,100,99912,100,100068,100,99901,100,100078,100,99900,100,100089,100,99899,100,100090,100,99898,100,100103,100,99892,100
2019-06-28 09:30:00.000000077,100002,100,99997,100,100007,100,99941,100,100013,100,99931,100,100035,100,99923,100,100041,100,99912,100,100068,100,99901,100,100078,100,99900,200,100089,100,99899,100,100090,100,99898,100,100103,100,99892,100
2019-06-28 09:30:00.000000080,100002,100,99997,100,100007,100,99941,100,100013,100,99931,100,100035,100,99923,100,100041,100,99912,100,100068,100,99901,100,100078,100,99900,200,100089,100,99899,100,100090,100,99898,100,100093,100,99892,100
2019-06-28 09:30:00.000000082,100002,100,99997,100,100007,100,99941,100,100013,100,99931,100,100022,100,99923,100,100035,100,99912,100,100041,100,99901,100,100068,100,99900,200,100078,100,99899,100,100089,100,99898,100,100090,100,99892,100
2019-06-28 09:30:00.000000084,100002,100,99997,100,100007,100,99941,100,100013,100,99931,100,100022,100,99923,100,100035,100,99918,100,100041,100,99912,100,100068,100,99901,100,100078,100,99900,200,100089,100,99899,100,100090,100,99898,100
2019-06-28 09:30:00.000000088,100002,100,99997,100,100007,100,99941,100,100013,100,99931,100,100022,100,99923,100,100035,100,99918,100,100041,100,99912,100,100068,100,99901,100,100078,100,99900,200,100087,100,99899,100,100089,100,99898,100
2019-06-28 09:30:00.000000089,100002,100,99997,100,100007,100,99941,100,100013,100,99931,100,100022,100,99923,100,100035,100,99918,100,100041,100,99912,100,100054,100,99901,100,100068,100,99900,200,100078,100,99899,100,100087,100,99898,100
2019-06-28 09:30:00.000000090,100002,100,99997,100,100007,100,99941,100,100013,100,99935,100,100022,100,99931,100,100035,100,99923,100,100041,100,99918,100,100054,100,99912,100,100068,100,99901,100,100078,100,99900,200,100087,100,99899,100
2019-06-28 09:30:00.000000091,100002,100,99997,100,100007,100,99941,100,100013,100,99935,100,100022,100,99931,100,100035,100,99923,100,100041,100,99918,100,100054,100,99912,100,100068,100,99901,100,100078,100,99900,200,100084,100,99899,100
2019-06-28 09:30:00.000000092,100002,100,99997,100,100007,100,99941,100,100013,100,99935,100,100022,100,99931,100,100035,100,99923,100,100041,100,99918,100,100054,100,99912,100,100055,100,99901,100,100068,100,99900,200,100078,100,99899,100
2019-06-28 09:30:00.000000094,100002,100,99997,100,100007,100,99941,100,100013,100,99935,100,100022,100,99931,100,100035,100,99923,100,100041,100,99918,100,100054,100,99912,100,100055,100,99901,100,100068,100,99900,200,100078,100,99899,100
2019-06-28 09:30:00.000000096,100002,100,99997,100,100007,100,99941,100,100013,100,99935,100,100022,100,99931,100,100035,100,99923,100,100041,100,99918,100,100054,100,99912,100,100055,100,99901,100,100068,100,99900,200,100078,100,99899,100
2019-06-28 09:30:10.000000000,100002,212,99997,212,100007,212,99941,212,100013,212,99935,212,100022,212,99931,212,100035,100,99923,100,100041,100,99918,100,100054,100,99912,100,100055,100,99901,100,100068,100,99900,200,100078,100,99899,100
2019-06-28 09:30:20.000000000,100002,550,99997,550,100007,100,99941,100,100013,100,99935,100,100022,100,99931,100,100035,100,99923,100,100041,100,99918,100,100054,100,99912,100,100055,100,99901,100,100068,100,99900,200,100078,100,99899,100
2019-06-28 09:30:30.000000000,100002,253,99997,253,100007,248,99941,248,100013,248,99935,248,100022,100,99931,100,100035,100,99923,100,100041,100,99918,100,100054,100,99912,100,100055,100,99901,100,100068,100,99900,200,100078,100,99899,100
2019-06-28 09:30:40.000000000,100002,212,99997,212,100007,212,99941,212,100013,212,99935,212,100022,212,99931,212,100035,100,99923,100,100041,100,99918,100,100054,100,99912,100,100055,100,99901,100,100068,100,99900,200,100078,100,99899,100
2019-06-28 09:30:40.353005934,100002,112,99997,212,100007,212,99941,212,100013,212,99935,212,100022,212,99931,212,100035,100,99923,100,100041,100,99918,100,100054,100,99912,100,100055,100,99901,100,100068,100,99900,100,100078,100,99899,100
2019-06-28 09:30:41.614135213,100002,112,99998,100,100007,212,99997,212,100013,212,99941,212,100022,212,99935,212,100035,100,99931,212,100041,100,99923,100,100054,100,99918,100,100055,100,99912,100,100068,100,99901,100,100078,100,99900,100
2019-06-28 09:30:50.000000000,100007,325,99998,325,100013,325,99997,325,100022,100,99941,100,100035,100,99935,100,100041,100,99931,100,100054,100,99923,100,100055,100,99918,100,100068,100,99912,100,100078,100,99901,100,100084,100,99900,100
2019-06-28 09:31:00.000000000,100007,212,99998,212,100013,212,99997,212,100022,212,99941,212,100035,212,99935,212,100041,100,99931,100,100054,100,99923,100,100055,100,99918,100,100068,100,99912,100,100078,100,99901,100,100084,100,99900,100
2019-06-28 09:31:10.000000000,100007,190,99998,190,100013,190,99997,190,100022,190,99941,190,100035,190,99935,190,100041,190,99931,190,100054,100,99923,100,100055,100,99918,100,100068,100,99912,100,100078,100,99901,100,100084,100,99900,100
2019-06-28 09:31:20.000000000,100007,550,99998,550,100013,100,99997,100,100022,100,99941,100,100035,100,99935,100,100041,100,99931,100,100054,100,99923,100,100055,100,99918,100,100068,100,99912,100,100078,100,99901,100,100084,100,99900,100
2019-06-28 09:31:30.000000000,100007,190,99998,190,100013,190,99997,190,100022,190,99941,190,100035,190,99935,190,100041,190,99931,190,100054,100,99923,100,100055,100,99918,100,100068,100,99912,100,100078,100,99901,100,100084,100,99900,100
2019-06-28 09:31:40.000000000,100007,325,99998,325,100013,325,99997,325,100022,100,99941,100,100035,100,99935,100,100041,100,99931,100,100054,100,99923,100,100055,100,99918,100,100068,100,99912,100,100078,100,99901,100,100084,100,99900,100
2019-06-28 09:31:50.000000000,100007,325,99998,325,100013,325,99997,325,100022,100,99941,100,100035,100,99935,100,100041,100,99931,100,100054,100,99923,100,100055,100,99918,100,100068,100,99912,100,100078,100,99901,100,100084,100,99900,100
2019-06-28 09:31:55.632732491,100007,325,99998,225,100013,325,99997,325,100022,100,99941,100,100035,100,99935,100,100041,100,99931,100,100054,100,99923,100,100055,100,99918,100,100068,100,99912,100,100078,100,99901,100,100084,100,99900,100
2019-06-28 09:31:55.635284595,100007,325,99998,225,100013,325,99997,325,100022,100,99941,100,100035,100,99935,100,100041,100,99931,100,100054,100,99923,100,100055,100,99912,100,100068,100,99901,100,100078,100,99900,100,100084,100,99899,100
2019-06-28 09:32:00.000000000,100007,253,99997,253,100013,248,99941,248,100022,248,99935,248,100035,100,99931,100,100041,100,99923,100,100054,100,99912,100,100055,100,99901,100,100068,100,99900,100,100078,100,99899,100,100084,100,99898,100
2019-06-28 09:32:06.210074712,100001,100,99997,253,100007,253,99941,248,100013,248,99935,248,100022,248,99931,100,100035,100,99923,100,100041,100,99912,100,100054,100,99901,100,100055,100,99900,100,100068,100,99899,100,100078,100,99898,100
2019-06-28 09:32:10.000000000,100001,550,99997,550,100007,100,99941,100,100013,100,99935,100,100022,100,99931,100,100035,100,99923,100,100041,100,99912,100,100054,100,99901,100,100055,100,99900,100,100068,100,99899,100,100078,100,99898,100
2019-06-28 09:32:20.000000000,100001,190,99997,190,100007,190,99941,190,100013,190,99935,190,100022,190,99931,190,100035,190,99923,190,100041,100,99912,100,100054,100,99901,100,100055,100,99900,100,100068,100,99899,100,100078,100,99898,100
2019-06-28 09:32:30.000000000,100001,190,99997,190,100007,190,99941,190,100013,190,99935,190,100022,190,99931,190,100035,190,99923,190,100041,100,99912,100,100054,100,99901,100,100055,100,99900,100,100068,100,99899,100,100078,100,99898,100
2019-06-28 09:32:37.754462942,100001,190,99997,90,100007,190,99941,190,100013,190,99935,190,100022,190,99931,190,100035,190,99923,190,100041,100,99912,100,100054,100,99901,100,100055,100,99900,100,100068,100,99899,100,100078,100,99898,100
2019-06-28 09:32:39.651041971,99997,10,99941,190,100001,190,99935,190,100007,190,99931,190,100013,190,99923,190,100022,190,99912,100,100035,190,99901,100,100041,100,99900,100,100054,100,99899,100,100055,100,99898,100,100068,100,99892,100
2019-06-28 09:32:40.000000000,99997,122,99941,212,100001,212,99935,212,100007,212,99931,212,100013,212,99923,212,100022,100,99912,100,100035,100,99901,100,100041,100,99900,100,100054,100,99899,100,100055,100,99898,100,100068,100,99892,100
2019-06-28 09:32:50.000000000,99997,163,99941,253,100001,248,99935,248,100007,248,99931,248,100013,100,99923,100,100022,100,99912,100,100035,100,99901,100,100041,100,99900,100,100054,100,99899,100,100055,100,99898,100,100068,100,99892,100
2019-06-28 09:32:52.724813635,99997,163,99941,253,99998,100,99935,248,100001,248,99931,248,100007,248,99923,100,100013,100,99912,100,100022,100,99901,100,100035,100,99900,100,100041,100,99899,100,100054,100,99898,100,100055,100,99892,100
2019-06-28 09:32:58.783888533,99997,163,99941,153,99998,100,99935,248,100001,248,99931,248,100007,248,99923,100,100013,100,99912,100,100022,100,99901,100,100035,100,99900,100,100041,100,99899,100,100054,100,99898,100,100055,100,99892,100
2019-06-28 09:33:00.000000000,99997,163,99935,253,99998,248,99931,248,100001,248,99923,248,100007,100,99912,100,100013,100,99901,100,100022,100,99900,100,100035,100,99899,100,100041,100,99898,100,100054,100,99892,100,100055,100,99890,100
2019-06-28 09:33:10.000000000,99997,122,99935,212,99998,212,99931,212,100001,212,99923,212,100007,212,99912,212,100013,100,99901,100,100022,100,99900,100,100035,100,99899,100,100041,100,99898,100,100054,100,99892,100,100055,100,99890,100
2019-06-28 09:33:20.000000000,99997,163,99935,253,99998,248,99931,248,100001,248,99923,248,100007,100,99912,100,100013,100,99901,100,100022,100,99900,100,100035,100,99899,100,100041,100,99898,100,100054,100,99892,100,100055,100,99890,100
2019-06-28 09:33:28.037601056,99997,163,99935,253,99998,248,99931,248,100001,248,99923,248,100007,100,99912,100,100013,100,99901,100,100022,100,99900,100,100035,100,99899,100,100041,100,99898,100,100054,100,99892,100,100055,100,99890,100
2019-06-28 09:33:30.000000000,99997,100,99935,190,99998,190,99931,190,100001,190,99923,190,100007,190,99912,190,100013,190,99901,190,100022,100,99900,100,100035,100,99899,100,100041,100,99898,100,100054,100,99892,100,100055,100,99890,100
2019-06-28 09:33:34.499803533,99997,100,99935,90,99998,190,99931,190,100001,190,99923,190,100007,190,99912,190,100013,190,99901,190,100022,100,99900,100,100035,100,99899,100,100041,100,99898,100,100054,100,99892,100,100055,100,99890,100
2019-06-28 09:33:40.000000000,99997,163,99931,253,99998,248,99923,248,100001,248,99912,248,100007,100,99901,100,100013,100,99900,100,100022,100,99899,100,100035,100,99898,100,100041,100,99892,100,100054,100,99890,100,100055,100,99883,100
2019-06-28 09:33:40.319662812,99997,163,99931,253,99998,248,99923,248,100001,248,99912,248,100007,100,99901,100,100013,100,99900,100,100022,100,99899,100,100035,100,99898,100,100041,100,99892,100,100054,100,99890,100,100055,100,99883,100
2019-06-28 09:33:50.000000000,99997,163,99931,253,99998,248,99923,248,100001,248,99912,248,100007,100,99901,100,100013,100,99900,100,100022,100,99899,100,100035,100,99898,100,100041,100,99892,100,100054,100,99890,100,100055,100,99883,100
2019-06-28 09:33:51.165801062,99997,163,99931,153,99998,248,99923,248,100001,248,99912,248,100007,100,99901,100,100013,100,99900,100,100022,100,99899,100,100035,100,99898,100,100041,100,99892,100,100054,100,99890,100,100055,100,99883,100
2019-06-28 09:34:00.000000000,99997,122,99923,212,99998,212,99912,212,100001,212,99901,212,100007,212,99900,212,100013,100,99899,100,100022,100,99898,100,100035,100,99892,100,100041,100,99890,100,100054,100,99883,100,100055,100,99875,100
2019-06-28 09:34:07.651498782,99997,122,99923,212,99998,212,99912,212,100001,212,99901,212,100007,212,99900,212,100013,100,99899,100,100022,100,99898,100,100035,100,99892,100,100041,100,99890,100,100054,100,99883,100,100055,100,99875,100
2019-06-28 09:34:10.000000000,99997,460,99923,550,99998,100,99912,100,100001,100,99901,100,100007,100,99900,100,100013,100,99899,100,100022,100,99898,100,100035,100,99892,100,100041,100,99890,100,100054,100,99883,100,100055,100,99875,100
2019-06-28 09:34:20.000000000,99997,163,99923,253,99998,248,99912,248,100001,248,99901,248,100007,100,99900,100,100013,100,99899,100,100022,100,99898,100,100035,100,99892,100,100041,100,99890,100,100054,100,99883,100,100055,100,99875,100
2019-06-28 09:34:20.092712551,99997,163,99923,53,99998,248,99912,248,100001,248,99901,248,100007,100,99900,100,100013,100,99899,100,100022,100,99898,100,100035,100,99892,100,100041,100,99890,100,100054,100,99883,100,100055,100,99875,100
2019-06-28 09:34:20.320604560,99923,47,99912,248,99997,163,99901,248,99998,248,99900,100,100001,248,99899,100,100007,100,99898,100,100013,100,99892,100,100022,100,99890,100,100035,100,99883,100,100041,100,99875,100,100054,100,99869,100
2019-06-28 09:34:23.520612810,99923,47,99912,248,99997,163,99901,248,99998,248,99900,100,100001,248,99899,100,100007,100,99898,100,100013,100,99892,100,100022,100,99890,100,100035,100,99883,100,100041,100,99875,100,100054,100,99869,100
2019-06-28 09:34:30.000000000,99923,159,99912,212,99997,122,99901,212,99998,212,99900,212,100001,212,99899,212,100007,100,99898,100,100013,100,99892,100,100022,100,99890,100,100035,100,99883,100,100041,100,99875,100,100054,100,99869,100
2019-06-28 09:34:31.030024208,99923,159,99912,112,99997,122,99901,212,99998,212,99900,212,100001,212,99899,212,100007,100,99898,100,100013,100,99892,100,100022,100,99890,100,100035,100,99883,100,100041,100,99875,100,100054,100,99869,100
2019-06-28 09:34:40.000000000,99923,272,99901,325,99997,235,99900,325,99998,100,99899,100,100001,100,99898,100,100007,100,99892,100,100013,100,99890,100,100022,100,99883,100,100035,100,99875,100,100041,100,99869,100,100054,100,99867,100
2019-06-28 09:34:44.039907056,99923,272,99901,225,99997,235,99900,325,99998,100,99899,100,100001,100,99898,100,100007,100,99892,100,100013,100,99890,100,100022,100,99883,100,100035,100,99875,100,100041,100,99869,100,100054,100,99867,100
2019-06-28 09:34:50.000000000,99923,272,99900,325,99997,235,99899,325,99998,100,99898,100,100001,100,99892,100,100007,100,99890,100,100013,100,99883,100,100022,100,99875,100,100035,100,99869,100,100041,100,99867,100,100054,100,99791,100
2019-06-28 09:35:00.000000000,99923,272,99900,325,99997,235,99899,325,99998,100,99898,100,100001,100,99892,100,100007,100,99890,100,100013,100,99883,100,100022,100,99875,100,100035,100,99869,100,100041,100,99867,100,100054,100,99791,100
2019-06-28 09:35:10.000000000,99923,272,99900,325,99997,235,99899,325,99998,100,99898,100,100001,100,99892,100,100007,100,99890,100,100013,100,99883,100,100022,100,99875,100,100035,100,99869,100,100041,100,99867,100,100054,100,99791,100
2019-06-28 09:35:18.086448472,99923,272,99900,325,99997,235,99899,325,99998,100,99898,100,100001,100,99892,100,100007,100,99890,100,100013,100,99883,100,100022,100,99875,100,100035,100,99869,100,100041,100,99867,100,100054,100,99791,100
2019-06-28 09:35:20.000000000,99923,272,99900,325,99997,235,99899,325,99998,100,99898,100,100001,100,99892,100,100007,100,99890,100,100013,100,99883,100,100022,100,99875,100,100035,100,99869,100,100041,100,99867,100,100054,100,99791,100
2019-06-28 09:35:30.000000000,99923,200,99900,253,99997,158,99899,248,99998,248,99898,248,100001,100,99892,100,100007,100,99890,100,100013,100,99883,100,100022,100,99875,100,100035,100,99869,100,100041,100,99867,100,100054,100,99791,100
2019-06-28 09:35:40.000000000,99923,272,99900,325,99997,235,99899,325,99998,100,99898,100,100001,100,99892,100,100007,100,99890,100,100013,100,99883,100,100022,100,99875,100,100035,100,99869,100,100041,100,99867,100,100054,100,99791,100
2019-06-28 09:35:50.000000000,99923,137,99900,190,99997,100,99899,190,99998,190,99898,190,100001,190,99892,190,100007,190,99890,190,100013,100,99883,100,100022,100,99875,100,100035,100,99869,100,100041,100,99867,100,100054,100,99791,100
2019-06-28 09:35:55.312456514,99923,137,99900,90,99997,100,99899,190,99998,190,99898,190,100001,190,99892,190,100007,190,99890,190,100013,100,99883,100,100022,100,99875,100,100035,100,99869,100,100041,100,99867,100,100054,100,99791,100
2019-06-28 09:36:00.000000000,99923,497,99899,550,99997,10,99898,100,99998,100,99892,100,100001,100,99890,100,100007,100,99883,100,100013,100,99875,100,100022,100,99869,100,100035,100,99867,100,100041,100,99791,100,100054,100,99787,100
2019-06-28 09:36:00.315460296,99923,497,99900,100,99997,10,99899,550,99998,100,99898,100,100001,100,99892,100,100007,100,99890,100,100013,100,99883,100,100022,100,99875,100,100035,100,99869,100,100041,100,99867,100,100054,100,99791,100
2019-06-28 09:36:02.596333537,99923,497,99900,100,99997,10,99899,550,99998,100,99898,100,100001,100,99892,100,100007,100,99890,100,100013,100,99883,100,100022,100,99875,100,100035,100,99869,100,100041,100,99867,100,100054,100,99791,100
2019-06-28 09:36:10.000000000,99923,137,99900,190,99997,100,99899,190,99998,190,99898,190,100001,190,99892,190,100007,190,99890,190,100013,100,99883,100,100022,100,99875,100,100035,100,99869,100,100041,100,99867,100,100054,100,99791,100
2019-06-28 09:36:20.000000000,99923,159,99900,212,99997,122,99899,212,99998,212,99898,212,100001,212,99892,212,100007,100,99890,100,100013,100,99883,100,100022,100,99875,100,100035,100,99869,100,100041,100,99867,100,100054,100,99791,100
2019-06-28 09:36:30.000000000,99923,137,99900,190,99997,100,99899,190,99998,190,99898,190,100001,190,99892,190,100007,190,99890,190,100013,100,99883,100,100022,100,99875,100,100035,100,99869,100,100041,100,99867,100,100054,100,99791,100
2019-06-28 09:36:40.000000000,99923,200,99900,253,99997,158,99899,248,99998,248,99898,248,100001,100,99892,100,100007,100,99890,100,100013,100,99883,100,100022,100,99875,100,100035,100,99869,100,100041,100,99867,100,100054,100,99791,100
2019-06-28 09:36:50.000000000,99923,272,99900,325,99997,235,99899,325,99998,100,99898,100,100001,100,99892,100,100007,100,99890,100,100013,100,99883,100,100022,100,99875,100,100035,100,99869,100,100041,100,99867,100,100054,100,99791,100
2019-06-28 09:37:00.000000000,99923,200,99900,253,99997,158,99899,248,99998,248,99898,248,100001,100,99892,100,100007,100,99890,100,100013,100,99883,100,100022,100,99875,100,100035,100,99869,100,100041,100,99867,100,100054,100,99791,100
2019-06-28 09:37:10.000000000,99923,200,99900,253,99997,158,99899,248,99998,248,99898,248,100001,100,99892,100,100007,100,99890,100,100013,100,99883,100,100022,100,99875,100,100035,100,99869,100,100041,100,99867,100,100054,100,99791,100
2019-06-28 09:37:16.370188841,99923,200,99900,253,99997,158,99899,248,99998,248,99898,148,100001,100,99892,100,100007,100,99890,100,100013,100,99883,100,100022,100,99875,100,100035,100,99869,100,100041,100,99867,100,100054,100,99791,100
2019-06-28 09:37:20.000000000,99923,159,99900,212,99997,122,99899,212,99998,212,99892,212,100001,212,99890,212,100007,100,99883,100,100013,100,99875,100,100022,100,99869,100,100035,100,99867,100,100041,100,99791,100,100054,100,99787,100
2019-06-28 09:37:24.156358641,99923,159,99900,112,99997,122,99899,212,99998,212,99892,212,100001,212,99890,212,100007,100,99883,100,100013,100,99875,100,100022,100,99869,100,100035,100,99867,100,100041,100,99791,100,100054,100,99787,100
2019-06-28 09:37:30.000000000,99923,159,99899,212,99997,122,99892,212,99998,212,99890,212,100001,212,99883,212,100007,100,99875,100,100013,100,99869,100,100022,100,99867,100,100035,100,99791,100,100041,100,99787,100,100054,100,99782,100
2019-06-28 09:37:40.000000000,99923,272,99899,325,99997,235,99892,325,99998,100,99890,100,100001,100,99883,100,100007,100,99875,100,100013,100,99869,100,100022,100,99867,100,100035,100,99791,100,100041,100,99787,100,100054,100,99782,100
2019-06-28 09:37:50.000000000,99923,200,99899,253,99997,158,99892,248,99998,248,99890,248,100001,100,99883,100,100007,100,99875,100,100013,100,99869,100,100022,100,99867,100,100035,100,99791,100,100041,100,99787,100,100054,100,99782,100
2019-06-28 09:38:00.000000000,99923,497,99899,550,99997,10,99892,100,99998,100,99890,100,100001,100,99883,100,100007,100,99875,100,100013,100,99869,100,100022,100,99867,100,100035,100,99791,100,100041,100,99787,100,100054,100,99782,100
2019-06-28 09:38:02.892746750,99923,497,99899,450,99997,10,99892,100,99998,100,99890,100,100001,100,99883,100,100007,100,99875,100,100013,100,99869,100,100022,100,99867,100,100035,100,99791,100,100041,100,99782,100,100054,100,99676,100
2019-06-28 09:38:09.622990261,99923,497,99899,350,99997,10,99892,100,99998,100,99890,100,100001,100,99883,100,100007,100,99875,100,100013,100,99869,100,100022,100,99867,100,100035,100,99791,100,100041,100,99782,100,100054,100,99676,100
2019-06-28 09:38:10.000000000,99923,137,99892,190,99997,100,99890,190,99998,190,99883,190,100001,190,99875,190,100007,190,99869,190,100013,100,99867,100,100022,100,99791,100,100035,100,99782,100,100041,100,99676,100,100054,100,99621,100
2019-06-28 09:38:19.022397738,99923,137,99892,190,99997,100,99890,190,99998,190,99883,190,100001,190,99875,190,100007,190,99869,190,100013,100,99867,100,100022,100,99791,100,100035,100,99782,100,100041,100,99676,100,100054,100,99621,100
2019-06-28 09:38:20.000000000,99923,137,99892,190,99997,100,99890,190,99998,190,99883,190,100001,190,99875,190,100007,190,99869,190,100013,100,99867,100,100022,100,99791,100,100035,100,99782,100,100041,100,99676,100,100054,100,99621,100
2019-06-28 09:38:22.836117613,99923,137,99892,90,99997,100,99890,190,99998,190,99883,190,100001,190,99875,190,100007,190,99869,90,100013,100,99867,100,100022,100,99791,100,100035,100,99782,100,100041,100,99676,100,100054,100,99621,100
2019-06-28 09:38:30.000000000,99923,200,99890,253,99997,158,99883,248,99998,248,99875,248,100001,100,99867,100,100007,100,99791,100,100013,100,99782,100,100022,100,99676,100,100035,100,99621,100,100041,100,99206,100,100054,100,98831,100
2019-06-28 09:38:32.858053344,99923,200,99890,253,99997,158,99883,248,99998,248,99875,248,100001,100,99867,100,100007,100,99791,100,100013,100,99782,100,100022,100,99676,100,100035,100,99621,100,100041,100,99206,100,100055,100,98900,100
2019-06-28 09:38:40.000000000,99923,137,99890,190,99997,100,99883,190,99998,190,99875,190,100001,190,99867,190,100007,190,99791,190,100013,100,99782,100,100022,100,99676,100,100035,100,99621,100,100041,100,99206,100,100055,100,98900,100
2019-06-28 09:38:50.000000000,99923,200,99890,253,99997,158,99883,248,99998,248,99875,248,100001,100,99867,100,100007,100,99791,100,100013,100,99782,100,100022,100,99676,100,100035,100,99621,100,100041,100,99206,100,100055,100,98900,100
2019-06-28 09:39:00.000000000,99923,272,99890,325,99997,235,99883,325,99998,100,99875,100,100001,100,99867,100,100007,100,99791,100,100013,100,99782,100,100022,100,99676,100,100035,100,99621,100,100041,100,99206,100,100055,100,98900,100
2019-06-28 09:39:10.000000000,99923,272,99890,325,99997,235,99883,325,99998,100,99875,100,100001,100,99867,100,100007,100,99791,100,100013,100,99782,100,100022,100,99676,100,100035,100,99621,100,100041,100,99206,100,100055,100,98900,100
2019-06-28 09:39:20.000000000,99923,272,99890,325,99997,235,99883,325,99998,100,99875,100,100001,100,99867,100,100007,100,99791,100,100013,100,99782,100,100022,100,99676,100,100035,100,99621,100,100041,100,99206,100,100055,100,98900,100
2019-06-28 09:39:27.160726839,99923,272,99890,325,99997,235,99883,325,99998,100,99875,100,100001,100,99867,100,100007,100,99791,100,100013,100,99782,100,100022,100,99676,100,100035,100,99621,100,100041,100,99206,100,100055,100,98900,100
2019-06-28 09:39:30.000000000,99923,159,99890,212,99997,122,99883,212,99998,212,99875,212,100001,212,99867,212,100007,100,99791,100,100013,100,99782,100,100022,100,99676,100,100035,100,99621,100,100041,100,99206,100,100055,100,98900,100
2019-06-28 09:39:30.282022244,99923,159,99890,212,99997,122,99883,212,99998,212,99875,212,100001,212,99867,212,100007,100,99791,100,100013,100,99782,100,100022,100,99676,100,100035,100,99621,100,100041,100,99206,100,100055,100,98900,100
2019-06-28 09:39:36.712649716,99923,159,99890,112,99997,122,99883,212,99998,212,99875,212,100001,212,99867,212,100007,100,99791,100,100013,100,99782,100,100022,100,99676,100,100035,100,99621,100,100041,100,99206,100,100055,100,98900,100
2019-06-28 09:39:38.553295473,99892,100,99890,112,99923,159,99883,212,99997,122,99875,212,99998,212,99867,212,100001,212,99791,100,100007,100,99782,100,100013,100,99676,100,100022,100,99621,100,100035,100,99206,100,100041,100,98900,100
2019-06-28 09:39:40.000000000,99892,253,99883,253,99923,195,99875,248,99997,158,99867,248,99998,100,99791,100,100001,100,99782,100,100007,100,99676,100,100013,100,99621,100,100022,100,99206,100,100035,100,98900,100,100041,100,98831,100
2019-06-28 09:39:50.000000000,99892,190,99883,190,99923,137,99875,190,99997,100,99867,190,99998,190,99791,190,100001,190,99782,190,100007,100,99676,100,100013,100,99621,100,100022,100,99206,100,100035,100,98900,100,100041,100,98831,100
2019-06-28 09:39:52.624965700,99892,190,99883,190,99923,137,99875,190,99997,100,99867,190,99998,190,99791,190,100001,190,99782,190,100007,100,99676,100,100013,100,99621,100,100022,100,99206,100,100035,100,98900,100,100041,100,98831,100
2019-06-28 09:40:00.000000000,99892,190,99883,190,99923,137,99875,190,99997,100,99867,190,99998,190,99791,190,100001,190,99782,190,100007,100,99676,100,100013,100,99621,100,100022,100,99206,100,100035,100,98900,100,100041,100,98831,100
2019-06-28 09:40:08.618886714,99892,190,99883,90,99923,137,99875,190,99997,100,99867,190,99998,190,99791,190,100001,190,99782,190,100007,100,99676,100,100013,100,99621,100,100022,100,99206,100,100035,100,98900,100,100041,100,98831,100
2019-06-28 09:40:10.000000000,99892,212,99875,212,99923,159,99867,212,99997,122,99791,212,99998,212,99782,212,100001,100,99676,100,100007,100,99621,100,100013,100,99206,100,100022,100,98900,100,100035,100,98831,100,100041,100,98670,200
2019-06-28 09:40:20.000000000,99892,325,99875,325,99923,272,99867,325,99997,10,99791,100,99998,100,99782,100,100001,100,99676,100,100007,100,99621,100,100013,100,99206,100,100022,100,98900,100,100035,100,98831,100,100041,100,98670,200
2019-06-28 09:40:25.040335325,99890,100,99875,325,99892,325,99867,325,99923,272,99791,100,99997,10,99782,100,99998,100,99676,100,100001,100,99621,100,100007,100,99206,100,100013,100,98900,100,100022,100,98831,100,100035,100,98670,200
2019-06-28 09:40:30.000000000,99890,212,99875,212,99892,212,99867,212,99923,159,99791,212,99997,122,99782,212,99998,100,99676,100,100001,100,99621,100,100007,100,99206,100,100013,100,98900,100,100022,100,98831,100,100035,100,98670,200
2019-06-28 09:40:30.786532975,99890,212,99875,112,99892,212,99867,212,99923,159,99791,212,99997,122,99782,212,99998,100,99676,100,100001,100,99206,100,100007,100,98900,100,100013,100,98831,100,100022,100,98670,200,100035,100,98657,100
2019-06-28 09:40:32.273939600,99890,212,99875,12,99892,212,99867,212,99923,159,99791,212,99997,122,99782,212,99998,100,99676,100,100001,100,99206,100,100007,100,98900,100,100013,100,98831,100,100022,100,98670,200,100035,100,98657,100
2019-06-28 09:40:40.000000000,99890,212,99867,212,99892,212,99791,212,99923,159,99782,212,99997,122,99676,212,99998,100,99206,100,100001,100,98900,100,100007,100,98831,100,100013,100,98670,200,100022,100,98657,100,100035,100,98623,100
2019-06-28 09:40:50.000000000,99890,325,99867,325,99892,325,99791,325,99923,47,99782,100,99997,10,99676,100,99998,100,99206,100,100001,100,98900,100,100007,100,98831,100,100013,100,98670,200,100022,100,98657,100,100035,100,98623,100
2019-06-28 09:40:51.253285022,99890,325,99867,325,99892,325,99791,325,99997,10,99782,100,99998,100,99676,100,100001,100,99206,100,100007,100,98900,100,100013,100,98831,100,100022,100,98670,200,100035,100,98657,100,100055,100,98623,100
2019-06-28 09:41:00.000000000,99890,253,99867,253,99892,248,99791,248,99997,158,99782,248,99998,100,99676,100,100001,100,99206,100,100007,100,98900,100,100013,100,98831,100,100022,100,98670,200,100035,100,98657,100,100055,100,98623,100
2019-06-28 09:41:10.000000000,99890,253,99867,253,99892,248,99791,248,99997,158,99782,248,99998,100,99676,100,100001,100,99206,100,100007,100,98900,100,100013,100,98831,100,100022,100,98670,200,100035,100,98657,100,100055,100,98623,100
2019-06-28 09:41:20.000000000,99890,212,99867,212,99892,212,99791,212,99997,122,99782,212,99998,212,99676,212,100001,100,99206,100,100007,100,98900,100,100013,100,98831,100,100022,100,98670,200,100035,100,98657,100,100055,100,98623,100
2019-06-28 09:41:23.221570975,99890,212,99867,212,99892,212,99791,212,99997,122,99782,212,99998,212,99676,212,100001,100,99206,100,100007,100,98900,100,100013,100,98831,100,100022,100,98670,200,100035,100,98657,100,100055,100,98623,100
2019-06-28 09:41:30.000000000,99890,550,99867,550,99892,100,99791,100,99997,10,99782,100,99998,100,99676,100,100001,100,99206,100,100007,100,98900,100,100013,100,98831,100,100022,100,98670,200,100035,100,98657,100,100055,100,98623,100
2019-06-28 09:41:33.666498610,99890,550,99867,550,99892,100,99791,100,99997,10,99782,100,99998,100,99676,100,100001,100,99206,100,100007,100,98900,100,100013,100,98831,100,100022,100,98670,200,100035,100,98657,100,100055,100,98623,100
2019-06-28 09:41:34.641476354,99890,550,99867,550,99892,100,99791,100,99997,10,99782,100,99998,100,99676,100,100001,100,99206,100,100007,100,98900,100,100013,100,98831,100,100022,100,98670,200,100035,100,98657,100,100055,100,98623,100
2019-06-28 09:41:37.767811294,99890,550,99867,450,99892,100,99791,100,99997,10,99782,100,99998,100,99676,100,100001,100,99206,100,100007,100,98900,100,100013,100,98831,100,100022,100,98670,200,100035,100,98657,100,100055,100,98623,100
2019-06-28 09:41:40.000000000,99890,550,99791,550,99892,100,99782,100,99997,10,99676,100,99998,100,99206,100,100001,100,98900,100,100007,100,98831,100,100013,100,98670,200,100022,100,98657,100,100035,100,98623,100,100055,100,98308,100
2019-06-28 09:41:50.000000000,99890,550,99791,550,99892,100,99782,100,99997,10,99676,100,99998,100,99206,100,100001,100,98900,100,100007,100,98831,100,100013,100,98670,200,100022,100,98657,100,100035,100,98623,100,100055,100,98308,100
2019-06-28 09:42:00.000000000,99890,550,99791,550,99892,100,99782,100,99997,10,99676,100,99998,100,99206,100,100001,100,98900,100,100007,100,98831,100,100013,100,98670,200,100022,100,98657,100,100035,100,98623,100,100055,100,98308,100
2019-06-28 09:42:10.000000000,99890,325,99791,325,99892,325,99782,325,99997,10,99676,100,99998,100,99206,100,100001,100,98900,100,100007,100,98831,100,100013,100,98670,200,100022,100,98657,100,100035,100,98623,100,100055,100,98308,100
2019-06-28 09:42:16.622248843,99890,325,99791,325,99892,325,99782,325,99997,10,99676,100,99998,100,99206,100,100001,100,98900,100,100007,100,98831,100,100013,100,98670,200,100022,100,98657,100,100035,100,98623,100,100055,100,98553,100
2019-06-28 09:42:16.726902111,99875,100,99791,325,99890,325,99782,325,99892,225,99676,100,99997,10,99206,100,99998,100,98900,100,100001,100,98831,100,100007,100,98670,200,100013,100,98657,100,100022,100,98623,100,100035,100,98553,100
2019-06-28 09:42:20.000000000,99875,253,99791,253,99890,248,99782,248,99997,158,99676,248,99998,100,99206,100,100001,100,98900,100,100007,100,98831,100,100013,100,98670,200,100022,100,98657,100,100035,100,98623,100,100055,100,98553,100
2019-06-28 09:42:30.000000000,99875,253,99791,253,99890,248,99782,248,99997,158,99676,248,99998,100,99206,100,100001,100,98900,100,100007,100,98831,100,100013,100,98670,200,100022,100,98657,100,100035,100,98623,100,100055,100,98553,100
2019-06-28 09:42:40.000000000,99875,550,99791,550,99890,100,99782,100,99997,10,99676,100,99998,100,99206,100,100001,100,98900,100,100007,100,98831,100,100013,100,98670,200,100022,100,98657,100,100035,100,98623,100,100055,100,98553,100
2019-06-28 09:42:50.000000000,99875,550,99791,550,99890,100,99782,100,99997,10,99676,100,99998,100,99206,100,100001,100,98900,100,100007,100,98831,100,100013,100,98670,200,100022,100,98657,100,100035,100,98623,100,100055,100,98553,100
2019-06-28 09:43:00.000000000,99875,325,99791,325,99890,325,99782,325,99997,10,99676,100,99998,100,99206,100,100001,100,98900,100,100007,100,98831,100,100013,100,98670,200,100022,100,98657,100,100035,100,98623,100,100055,100,98553,100
2019-06-28 09:43:10.000000000,99875,212,99791,212,99890,212,99782,212,99997,122,99676,212,99998,212,99206,212,100001,100,98900,100,100007,100,98831,100,100013,100,98670,200,100022,100,98657,100,100035,100,98623,100,100055,100,98553,100
2019-06-28 09:43:20.000000000,99875,190,99791,190,99890,190,99782,190,99997,100,99676,190,99998,190,99206,190,100001,190,98900,190,100007,100,98831,100,100013,100,98670,200,100022,100,98657,100,100035,100,98623,100,100055,100,98553,100
2019-06-28 09:43:30.000000000,99875,550,99791,550,99890,100,99782,100,99997,10,99676,100,99998,100,99206,100,100001,100,98900,100,100007,100,98831,100,100013,100,98670,200,100022,100,98657,100,100035,100,98623,100,100055,100,98553,100
2019-06-28 09:43:40.000000000,99875,212,99791,212,99890,212,99782,212,99997,122,99676,212,99998,212,99206,212,100001,100,98900,100,100007,100,98831,100,100013,100,98670,200,100022,100,98657,100,100035,100,98623,100,100055,100,98553,100
2019-06-28 09:43:41.387721010,99875,212,99791,112,99890,212,99782,212,99997,122,99676,212,99998,212,99206,212,100001,100,98900,100,100007,100,98831,100,100013,100,98670,200,100022,100,98657,100,100035,100,98623,100,100055,100,98553,100
2019-06-28 09:43:48.917633356,99875,212,99791,12,99890,212,99782,212,99997,122,99676,212,99998,212,99206,212,100001,100,98900,100,100007,100,98670,200,100013,100,98657,100,100022,100,98623,100,100035,100,98553,100,100055,100,98308,100
2019-06-28 09:43:50.000000000,99875,212,99782,212,99890,212,99676,212,99997,122,99206,212,99998,212,98900,212,100001,100,98670,200,100007,100,98657,100,100013,100,98623,100,100022,100,98553,100,100035,100,98308,100,100055,100,98241,100
2019-06-28 09:43:50.599664477,99875,212,99782,212,99890,212,99676,212,99997,122,99206,212,99998,212,99142,100,100001,100,98900,212,100007,100,98670,200,100013,100,98657,100,100022,100,98623,100,100035,100,98553,100,100055,100,98308,100
2019-06-28 09:44:00.000000000,99875,325,99782,325,99890,325,99676,325,99997,10,99206,100,99998,100,99142,100,100001,100,98900,100,100007,100,98670,200,100013,100,98657,100,100022,100,98623,100,100035,100,98553,100,100055,100,98308,100
2019-06-28 09:44:02.720776083,99875,325,99782,225,99890,325,99676,325,99997,10,99206,100,99998,100,99142,100,100001,100,98900,100,100007,100,98670,200,100013,100,98623,100,100022,100,98553,100,100035,100,98308,100,100055,100,98241,100
2019-06-28 09:44:03.963084448,99875,325,99782,225,99890,325,99676,325,99997,10,99206,100,99998,100,99184,100,100001,100,99142,100,100007,100,98900,100,100013,100,98670,200,100022,100,98623,100,100035,100,98553,100,100055,100,98308,100
2019-06-28 09:44:10.000000000,99875,253,99676,253,99890,248,99206,248,99997,158,99184,248,99998,100,99142,100,100001,100,98900,100,100007,100,98670,200,100013,100,98623,100,100022,100,98553,100,100035,100,98308,100,100055,100,98241,100
2019-06-28 09:44:20.000000000,99875,190,99676,190,99890,190,99206,190,99997,100,99184,190,99998,190,99142,190,100001,190,98900,190,100007,100,98670,200,100013,100,98623,100,100022,100,98553,100,100035,100,98308,100,100055,100,98241,100
2019-06-28 09:44:30.000000000,99875,253,99676,253,99890,248,99206,248,99997,158,99184,248,99998,100,99142,100,100001,100,98900,100,100007,100,98670,200,100013,100,98623,100,100022,100,98553,100,100035,100,98308,100,100055,100,98241,100
2019-06-28 09:44:38.925362288,99875,253,99676,253,99890,248,99315,100,99997,158,99206,248,99998,100,99184,248,100001,100,99142,100,100007,100,98900,100,100013,100,98670,200,100022,100,98623,100,100035,100,98553,100,100055,100,98308,100
2019-06-28 09:44:40.000000000,99875,253,99676,253,99890,248,99315,248,99997,158,99206,248,99998,100,99184,100,100001,100,99142,100,100007,100,98900,100,100013,100,98670,200,100022,100,98623,100,100035,100,98553,100,100055,100,98308,100
2019-06-28 09:44:42.512628327,99791,100,99676,253,99875,253,99315,248,99890,248,99206,248,99997,158,99184,100,99998,100,99142,100,100001,100,98900,100,100007,100,98670,200,100013,100,98623,100,100022,100,98553,100,100035,100,98308,100
2019-06-28 09:44:50.000000000,99791,212,99676,212,99875,212,99315,212,99890,212,99206,212,99997,122,99184,212,99998,100,99142,100,100001,100,98900,100,100007,100,98670,200,100013,100,98623,100,100022,100,98553,100,100035,100,98308,100
2019-06-28 09:44:52.220190781,99791,212,99676,112,99875,212,99315,212,99890,212,99206,212,99997,122,99184,212,99998,100,99142,100,100001,100,98900,100,100013,100,98670,200,100022,100,98623,100,100035,100,98553,100,100055,100,98308,100
2019-06-28 09:45:00.000000000,99791,212,99315,212,99875,212,99206,212,99890,212,99184,212,99997,122,99142,212,99998,100,98900,100,100001,100,98670,200,100013,100,98623,100,100022,100,98553,100,100035,100,98308,100,100055,100,98241,100
2019-06-28 09:45:10.000000000,99791,253,99315,253,99875,248,99206,248,99890,248,99184,248,99997,10,99142,100,99998,100,98900,100,100001,100,98670,200,100013,100,98623,100,100022,100,98553,100,100035,100,98308,100,100055,100,98241,100
2019-06-28 09:45:20.000000000,99791,325,99315,325,99875,325,99206,325,99890,100,99184,100,99997,10,99142,100,99998,100,98900,100,100001,100,98670,200,100013,100,98623,100,100022,100,98553,100,100035,100,98308,100,100055,100,98241,100
2019-06-28 09:45:29.638235985,99791,325,99315,325,99875,325,99206,325,99890,100,99184,100,99997,10,99142,100,99998,100,99079,100,100001,100,98900,100,100013,100,98670,200,100022,100,98623,100,100035,100,98553,100,100055,100,98241,100
2019-06-28 09:45:30.000000000,99791,212,99315,212,99875,212,99206,212,99890,212,99184,212,99997,122,99142,212,99998,100,99079,100,100001,100,98900,100,100013,100,98670,200,100022,100,98623,100,100035,100,98553,100,100055,100,98241,100
2019-06-28 09:45:32.530296399,99791,212,99315,212,99875,212,99206,212,99890,212,99184,212,99997,122,99142,212,99998,100,99101,100,100001,100,99079,100,100013,100,98900,100,100022,100,98670,200,100035,100,98623,100,100055,100,98553,100
2019-06-28 09:45:33.787503790,99791,212,99315,212,99875,212,99206,212,99890,212,99184,212,99997,122,99142,212,99998,100,99101,100,100001,100,99095,100,100013,100,99079,100,100022,100,98900,100,100035,100,98670,200,100055,100,98623,100
2019-06-28 09:45:40.000000000,99791,212,99315,212,99875,212,99206,212,99890,212,99184,212,99997,122,99142,212,99998,100,99101,100,100001,100,99095,100,100013,100,99079,100,100022,100,98900,100,100035,100,98670,200,100055,100,98623,100
2019-06-28 09:45:41.785150158,99791,212,99315,212,99875,212,99206,212,99890,212,99184,212,99997,122,99142,212,99998,100,99101,100,100001,100,99095,100,100013,100,99079,100,100022,100,99011,100,100035,100,98900,100,100055,100,98670,200
2019-06-28 09:45:41.856690462,99791,212,99315,112,99875,212,99206,212,99890,212,99184,212,99997,122,99142,212,99998,100,99101,100,100001,100,99095,100,100013,100,99079,100,100022,100,99011,100,100035,100,98900,100,100055,100,98670,200
2019-06-28 09:45:43.690795059,99791,212,99315,112,99875,212,99275,100,99890,212,99206,212,99997,122,99184,212,99998,100,99142,212,100001,100,99101,100,100013,100,99095,100,100022,100,99079,100,100035,100,99011,100,100055,100,98900,100
2019-06-28 09:45:43.838108012,99791,212,99315,112,99875,212,99275,100,99890,212,99206,212,99997,122,99184,212,99998,100,99142,212,100001,100,99101,100,100013,100,99095,100,100022,100,99079,100,100035,100,99013,100,100055,100,99011,100
2019-06-28 09:45:50.000000000,99791,212,99275,212,99875,212,99206,212,99890,212,99184,212,99997,122,99142,212,99998,100,99101,100,100001,100,99095,100,100013,100,99079,100,100022,100,99013,100,100035,100,99011,100,100055,100,98900,100
2019-06-28 09:46:00.000000000,99791,190,99275,190,99875,190,99206,190,99890,190,99184,190,99997,100,99142,190,99998,190,99101,190,100001,100,99095,100,100013,100,99079,100,100022,100,99013,100,100035,100,99011,100,100055,100,98900,100
2019-06-28 09:46:10.000000000,99791,253,99275,253,99875,248,99206,248,99890,248,99184,248,99997,10,99142,100,99998,100,99101,100,100001,100,99095,100,100013,100,99079,100,100022,100,99013,100,100035,100,99011,100,100055,100,98900,100
2019-06-28 09:46:20.000000000,99791,550,99275,550,99875,100,99206,100,99890,100,99184,100,99997,10,99142,100,99998,100,99101,100,100001,100,99095,100,100013,100,99079,100,100022,100,99013,100,100035,100,99011,100,100055,100,98900,100
2019-06-28 09:46:21.566093856,99791,550,99275,550,99875,100,99206,100,99890,100,99184,100,99997,10,99142,100,99998,100,99101,100,100001,100,99095,100,100013,100,99079,100,100022,100,99022,100,100035,100,99013,100,100055,100,99011,100
2019-06-28 09:46:30.000000000,99791,550,99275,550,99875,100,99206,100,99890,100,99184,100,99997,10,99142,100,99998,100,99101,100,100001,100,99095,100,100013,100,99079,100,100022,100,99022,100,100035,100,99013,100,100055,100,99011,100
2019-06-28 09:46:40.000000000,99791,253,99275,253,99875,248,99206,248,99890,248,99184,248,99997,10,99142,100,99998,100,99101,100,100001,100,99095,100,100013,100,99079,100,100022,100,99022,100,100035,100,99013,100,100055,100,99011,100
2019-06-28 09:46:50.000000000,99791,190,99275,190,99875,190,99206,190,99890,190,99184,190,99997,100,99142,190,99998,190,99101,190,100001,100,99095,100,100013,100,99079,100,100022,100,99022,100,100035,100,99013,100,100055,100,99011,100
2019-06-28 09:46:59.666207113,99791,90,99275,190,99875,190,99206,190,99890,190,99184,190,99997,100,99142,190,99998,190,99101,190,100001,100,99095,100,100013,100,99079,100,100022,100,99022,100,100035,100,99013,100,100055,100,99011,100
2019-06-28 09:47:00.000000000,99875,212,99275,212,99890,212,99206,212,99997,122,99184,212,99998,212,99142,212,100001,100,99101,100,100013,100,99095,100,100022,100,99079,100,100035,100,99022,100,100055,100,99013,100,100084,100,99011,100
2019-06-28 09:47:05.189199917,99875,212,99275,212,99890,212,99206,212,99987,100,99184,212,99997,122,99142,212,99998,212,99101,100,100001,100,99095,100,100013,100,99079,100,100022,100,99022,100,100035,100,99013,100,100055,100,99011,100
2019-06-28 09:47:06.836068084,99875,212,99275,212,99890,212,99206,212,99987,100,99184,212,99997,122,99142,212,99998,212,99101,100,100001,100,99095,100,100013,100,99079,100,100022,100,99022,100,100035,100,99013,100,100055,100,99011,100
2019-06-28 09:47:07.089142963,99875,212,99830,100,99890,212,99275,212,99987,100,99206,212,99997,122,99184,212,99998,212,99142,212,100001,100,99101,100,100013,100,99095,100,100022,100,99079,100,100035,100,99022,100,100055,100,99013,100
2019-06-28 09:47:10.000000000,99875,190,99830,190,99890,190,99275,190,99987,190,99206,190,99997,100,99184,190,99998,190,99142,190,100001,100,99101,100,100013,100,99095,100,100022,100,99079,100,100035,100,99022,100,100055,100,99013,100
2019-06-28 09:47:16.432584441,99875,90,99830,190,99890,190,99275,190,99987,190,99206,190,99997,100,99184,190,99998,190,99142,190,100001,100,99101,100,100013,100,99095,100,100022,100,99079,100,100035,100,99022,100,100055,100,99013,100
2019-06-28 09:47:18.952506357,99875,90,99831,100,99890,90,99830,190,99987,190,99275,190,99997,100,99206,190,99998,190,99184,190,100001,100,99142,190,100013,100,99101,100,100022,100,99095,100,100035,100,99079,100,100055,100,99022,100
2019-06-28 09:47:20.000000000,99987,253,99831,253,99997,158,99830,248,99998,248,99275,248,100001,100,99206,100,100013,100,99184,100,100022,100,99142,100,100035,100,99101,100,100055,100,99095,100,100084,100,99079,100,100115,100,99022,100
2019-06-28 09:47:30.000000000,99987,190,99831,190,99997,100,99830,190,99998,190,99275,190,100001,190,99206,190,100013,190,99184,190,100022,100,99142,100,100035,100,99101,100,100055,100,99095,100,100084,100,99079,100,100115,100,99022,100
2019-06-28 09:47:34.646270170,99987,190,99831,190,99997,100,99830,190,99998,190,99791,100,100001,190,99275,190,100013,190,99206,190,100022,100,99184,190,100035,100,99142,100,100055,100,99101,100,100084,100,99095,100,100115,100,99079,100
2019-06-28 09:47:35.675998399,99873,100,99831,190,99987,190,99830,190,99997,100,99791,100,99998,190,99275,190,100001,190,99206,190,100013,190,99184,190,100022,100,99142,100,100035,100,99101,100,100055,100,99095,100,100084,100,99079,100
2019-06-28 09:47:40.000000000,99873,212,99831,212,99987,212,99830,212,99997,122,99791,212,99998,212,99275,212,100001,100,99206,100,100013,100,99184,100,100022,100,99142,100,100035,100,99101,100,100055,100,99095,100,100084,100,99079,100
2019-06-28 09:47:42.000670368,99873,212,99831,212,99987,212,99830,212,99997,122,99791,212,99998,212,99787,100,100001,100,99275,212,100013,100,99206,100,100022,100,99184,100,100035,100,99142,100,100055,100,99101,100,100084,100,99095,100
2019-06-28 09:47:43.113148343,99873,212,99831,212,99987,212,99830,212,99997,122,99805,100,99998,212,99791,212,100001,100,99787,100,100013,100,99275,212,100022,100,99184,100,100035,100,99142,100,100055,100,99101,100,100084,100,99095,100
2019-06-28 09:47:50.000000000,99873,190,99831,190,99987,190,99830,190,99997,100,99805,190,99998,190,99791,190,100001,190,99787,190,100013,100,99275,100,100022,100,99184,100,100035,100,99142,100,100055,100,99101,100,100084,100,99095,100
2019-06-28 09:48:00.000000000,99873,253,99831,253,99987,248,99830,248,99997,158,99805,248,99998,100,99791,100,100001,100,99787,100,100013,100,99275,100,100022,100,99184,100,100035,100,99142,100,100055,100,99101,100,100084,100,99095,100
2019-06-28 09:48:10.000000000,99873,190,99831,190,99987,190,99830,190,99997,100,99805,190,99998,190,99791,190,100001,190,99787,190,100013,100,99275,100,100022,100,99184,100,100035,100,99142,100,100055,100,99101,100,100084,100,99095,100
2019-06-28 09:48:20.000000000,99873,212,99831,212,99987,212,99830,212,99997,122,99805,212,99998,212,99791,212,100001,100,99787,100,100013,100,99275,100,100022,100,99184,100,100035,100,99142,100,100055,100,99101,100,100084,100,99095,100
2019-06-28 09:48:30.000000000,99873,253,99831,253,99987,248,99830,248,99997,158,99805,248,99998,100,99791,100,100001,100,99787,100,100013,100,99275,100,100022,100,99184,100,100035,100,99142,100,100055,100,99101,100,100084,100,99095,100
2019-06-28 09:48:37.838315624,99873,153,99831,253,99987,248,99830,248,99997,158,99805,248,99998,100,99791,100,100001,100,99787,100,100013,100,99275,100,100022,100,99184,100,100035,100,99142,100,100055,100,99101,100,100084,100,99095,100
2019-06-28 09:48:40.000000000,99987,212,99831,212,99997,122,99830,212,99998,212,99805,212,100001,212,99791,212,100013,100,99787,100,100022,100,99275,100,100035,100,99184,100,100055,100,99142,100,100084,100,99101,100,100115,100,99095,100
2019-06-28 09:48:46.359783555,99987,212,99831,212,99997,122,99830,212,99998,212,99805,212,100001,212,99791,212,100013,100,99787,100,100022,100,99275,100,100035,100,99184,100,100055,100,99142,100,100084,100,99095,100,100115,100,99079,100
2019-06-28 09:48:50.000000000,99987,550,99831,550,99997,10,99830,100,99998,100,99805,100,100001,100,99791,100,100013,100,99787,100,100022,100,99275,100,100035,100,99184,100,100055,100,99142,100,100084,100,99095,100,100115,100,99079,100
2019-06-28 09:49:00.000000000,99987,253,99831,253,99997,158,99830,248,99998,248,99805,248,100001,100,99791,100,100013,100,99787,100,100022,100,99275,100,100035,100,99184,100,100055,100,99142,100,100084,100,99095,100,100115,100,99079,100
2019-06-28 09:49:10.000000000,99987,550,99831,550,99997,10,99830,100,99998,100,99805,100,100001,100,99791,100,100013,100,99787,100,100022,100,99275,100,100035,100,99184,100,100055,100,99142,100,100084,100,99095,100,100115,100,99079,100
2019-06-28 09:49:20.000000000,99987,325,99831,325,99997,235,99830,325,99998,100,99805,100,100001,100,99791,100,100013,100,99787,100,100022,100,99275,100,100035,100,99184,100,100055,100,99142,100,100084,100,99095,100,100115,100,99079,100
2019-06-28 09:49:30.000000000,99987,325,99831,325,99997,235,99830,325,99998,100,99805,100,100001,100,99791,100,100013,100,99787,100,100022,100,99275,100,100035,100,99184,100,100055,100,99142,100,100084,100,99095,100,100115,100,99079,100
2019-06-28 09:49:40.000000000,99987,550,99831,550,99997,10,99830,100,99998,100,99805,100,100001,100,99791,100,100013,100,99787,100,100022,100,99275,100,100035,100,99184,100,100055,100,99142,100,100084,100,99095,100,100115,100,99079,100
2019-06-28 09:49:50.000000000,99987,190,99831,190,99997,100,99830,190,99998,190,99805,190,100001,190,99791,190,100013,190,99787,190,100022,100,99275,100,100035,100,99184,100,100055,100,99142,100,100084,100,99095,100,100115,100,99079,100
2019-06-28 09:49:53.403884467,99987,190,99978,100,99997,100,99831,190,99998,190,99830,190,100001,190,99805,190,100013,190,99791,190,100022,100,99787,190,100035,100,99275,100,100055,100,99184,100,100084,100,99142,100,100115,100,99095,100
2019-06-28 09:49:56.590279352,99987,90,99978,100,99997,100,99831,190,99998,190,99830,190,100001,190,99805,190,100013,190,99791,190,100022,100,99787,190,100035,100,99275,100,100055,100,99184,100,100084,100,99142,100,100115,100,99095,100
2019-06-28 09:50:00.000000000,99997,460,99978,550,99998,100,99831,100,100001,100,99830,100,100013,100,99805,100,100022,100,99791,100,100035,100,99787,100,100055,100,99275,100,100084,100,99184,100,100115,100,99142,100,100128,100,99095,100
2019-06-28 09:50:10.000000000,99997,100,99978,190,99998,190,99831,190,100001,190,99830,190,100013,190,99805,190,100022,190,99791,190,100035,100,99787,100,100055,100,99275,100,100084,100,99184,100,100115,100,99142,100,100128,100,99095,100
2019-06-28 09:50:20.000000000,99997,460,99978,550,99998,100,99831,100,100001,100,99830,100,100013,100,99805,100,100022,100,99791,100,100035,100,99787,100,100055,100,99275,100,100084,100,99184,100,100115,100,99142,100,100128,100,99095,100
2019-06-28 09:50:30.000000000,99997,122,99978,212,99998,212,99831,212,100001,212,99830,212,100013,212,99805,212,100022,100,99791,100,100035,100,99787,100,100055,100,99275,100,100084,100,99184,100,100115,100,99142,100,100128,100,99095,100
2019-06-28 09:50:40.000000000,99997,163,99978,253,99998,248,99831,248,100001,248,99830,248,100013,100,99805,100,100022,100,99791,100,100035,100,99787,100,100055,100,99275,100,100084,100,99184,100,100115,100,99142,100,100128,100,99095,100
2019-06-28 09:50:46.741568869,99997,163,99978,253,99998,248,99831,248,100001,248,99830,248,100013,100,99805,100,100022,100,99791,100,100035,100,99787,100,100055,100,99275,100,100084,100,99184,100,100115,100,99142,100,100128,100,99095,100
2019-06-28 09:50:50.000000000,99997,100,99978,190,99998,190,99831,190,100001,190,99830,190,100013,190,99805,190,100022,190,99791,190,100035,100,99787,100,100055,100,99275,100,100084,100,99184,100,100115,100,99142,100,100128,100,99095,100
2019-06-28 09:51:00.000000000,99997,460,99978,550,99998,100,99831,100,100001,100,99830,100,100013,100,99805,100,100022,100,99791,100,100035,100,99787,100,100055,100,99275,100,100084,100,99184,100,100115,100,99142,100,100128,100,99095,100
2019-06-28 09:51:00.933680091,99997,360,99978,550,99998,100,99831,100,100001,100,99830,100,100013,100,99805,100,100022,100,99791,100,100035,100,99787,100,100055,100,99275,100,100084,100,99184,100,100115,100,99142,100,100128,100,99095,100
2019-06-28 09:51:09.588913786,99997,360,99978,550,99998,100,99831,100,100001,100,99830,100,100013,100,99805,100,100022,100,99791,100,100035,100,99787,100,100055,100,99275,100,100084,100,99184,100,100115,100,99095,100,100128,100,99079,100
2019-06-28 09:51:10.000000000,99998,325,99978,325,100001,325,99831,325,100013,100,99830,100,100022,100,99805,100,100035,100,99791,100,100055,100,99787,100,100084,100,99275,100,100115,100,99184,100,100128,100,99095,100,100159,100,99079,100
2019-06-28 09:51:20.000000000,99998,325,99978,325,100001,325,99831,325,100013,100,99830,100,100022,100,99805,100,100035,100,99791,100,100055,100,99787,100,100084,100,99275,100,100115,100,99184,100,100128,100,99095,100,100159,100,99079,100
2019-06-28 09:51:30.000000000,99998,253,99978,253,100001,248,99831,248,100013,248,99830,248,100022,100,99805,100,100035,100,99791,100,100055,100,99787,100,100084,100,99275,100,100115,100,99184,100,100128,100,99095,100,100159,100,99079,100
2019-06-28 09:51:39.838857101,99998,253,99978,253,100001,248,99831,248,100013,248,99830,248,100022,100,99805,100,100035,100,99791,100,100055,100,99787,100,100084,100,99275,100,100115,100,99184,100,100128,100,99079,100,100159,100,99022,100
2019-06-28 09:51:40.000000000,99998,325,99978,325,100001,325,99831,325,100013,100,99830,100,100022,100,99805,100,100035,100,99791,100,100055,100,99787,100,100084,100,99275,100,100115,100,99184,100,100128,100,99079,100,100159,100,99022,100
2019-06-28 09:51:50.000000000,99998,190,99978,190,100001,190,99831,190,100013,190,99830,190,100022,190,99805,190,100035,190,99791,190,100055,100,99787,100,100084,100,99275,100,100115,100,99184,100,100128,100,99079,100,100159,100,99022,100
2019-06-28 09:52:00.000000000,99998,212,99978,212,100001,212,99831,212,100013,212,99830,212,100022,212,99805,212,100035,100,99791,100,100055,100,99787,100,100084,100,99275,100,100115,100,99184,100,100128,100,99079,100,100159,100,99022,100
2019-06-28 09:52:00.993873896,99998,212,99978,212,100001,212,99831,212,100013,212,99830,212,100022,212,99805,212,100035,100,99791,100,100055,100,99787,100,100115,100,99275,100,100128,100,99184,100,100159,100,99079,100,100185,100,99022,100
2019-06-28 09:52:01.577943423,99998,112,99978,212,100001,212,99831,212,100013,212,99830,212,100022,212,99805,212,100035,100,99791,100,100055,100,99787,100,100115,100,99275,100,100128,100,99184,100,100159,100,99079,100,100185,100,99022,100
2019-06-28 09:52:07.371014902,99998,112,99978,212,100001,212,99831,212,100013,212,99830,212,100022,212,99805,212,100035,100,99791,100,100055,100,99787,100,100115,100,99275,100,100128,100,99184,100,100159,100,99079,100,100185,100,99022,100
2019-06-28 09:52:10.000000000,100001,212,99978,212,100013,212,99831,212,100022,212,99830,212,100035,212,99805,212,100055,100,99791,100,100115,100,99787,100,100128,100,99275,100,100159,100,99184,100,100185,100,99079,100,100334,100,99022,100
2019-06-28 09:52:11.457819188,100001,212,99978,212,100013,212,99831,212,100022,212,99830,212,100035,212,99805,212,100055,100,99791,100,100115,100,99787,100,100128,100,99275,100,100159,100,99184,100,100185,100,99079,100,100334,100,99013,100
2019-06-28 09:52:20.000000000,100001,253,99978,253,100013,248,99831,248,100022,248,99830,248,100035,100,99805,100,100055,100,99791,100,100115,100,99787,100,100128,100,99275,100,100159,100,99184,100,100185,100,99079,100,100334,100,99013,100
2019-06-28 09:52:29.423258008,100001,253,99997,100,100013,248,99978,253,100022,248,99831,248,100035,100,99830,248,100055,100,99805,100,100115,100,99791,100,100128,100,99787,100,100159,100,99275,100,100185,100,99184,100,100334,100,99079,100
2019-06-28 09:52:30.000000000,100001,550,99997,550,100013,100,99978,100,100022,100,99831,100,100035,100,99830,100,100055,100,99805,100,100115,100,99791,100,100128,100,99787,100,100159,100,99275,100,100185,100,99184,100,100334,100,99079,100
2019-06-28 09:52:35.141935594,100001,450,99997,550,100022,100,99978,100,100035,100,99831,100,100055,100,99830,100,100115,100,99805,100,100128,100,99791,100,100159,100,99787,100,100185,100,99275,100,100334,100,99184,100,100547,100,99079,100
2019-06-28 09:52:39.545434096,100001,350,99997,550,100022,100,99978,100,100035,100,99831,100,100055,100,99830,100,100115,100,99805,100,100128,100,99791,100,100159,100,99787,100,100185,100,99275,100,100334,100,99184,100,100547,100,99079,100
2019-06-28 09:52:40.000000000,100022,212,99997,212,100035,212,99978,212,100055,212,99831,212,100115,212,99830,212,100128,100,99805,100,100159,100,99791,100,100185,100,99787,100,100334,100,99275,100,100547,100,99184,100,100593,100,99079,100
2019-06-28 09:52:40.987400696,100022,112,99997,212,100035,212,99978,212,100055,212,99831,212,100115,212,99830,212,100128,100,99805,100,100159,100,99791,100,100334,100,99787,100,100547,100,99275,100,100593,100,99184,100,100630,100,99079,100
2019-06-28 09:52:47.928493996,100022,112,99997,212,100035,212,99978,212,100055,212,99831,212,100115,212,99830,212,100128,100,99805,100,100159,100,99791,100,100334,100,99787,100,100547,100,99275,100,100593,100,99184,100,100625,100,99079,100
2019-06-28 09:52:50.000000000,100035,325,99997,325,100055,325,99978,325,100115,100,99831,100,100128,100,99830,100,100159,100,99805,100,100334,100,99791,100,100547,100,99787,100,100593,100,99275,100,100625,100,99184,100,100630,100,99079,100
2019-06-28 09:52:52.445775436,100035,325,100001,100,100055,325,99997,325,100115,100,99978,325,100128,100,99831,100,100159,100,99830,100,100334,100,99805,100,100547,100,99791,100,100593,100,99787,100,100625,100,99275,100,100630,100,99184,100
2019-06-28 09:53:00.000000000,100035,550,100001,550,100055,100,99997,100,100115,100,99978,100,100128,100,99831,100,100159,100,99830,100,100334,100,99805,100,100547,100,99791,100,100593,100,99787,100,100625,100,99275,100,100630,100,99184,100
2019-06-28 09:53:10.000000000,100035,325,100001,325,100055,325,99997,325,100115,100,99978,100,100128,100,99831,100,100159,100,99830,100,100334,100,99805,100,100547,100,99791,100,100593,100,99787,100,100625,100,99275,100,100630,100,99184,100
2019-06-28 09:53:20.000000000,100035,325,100001,325,100055,325,99997,325,100115,100,99978,100,100128,100,99831,100,100159,100,99830,100,100334,100,99805,100,100547,100,99791,100,100593,100,99787,100,100625,100,99275,100,100630,100,99184,100
2019-06-28 09:53:30.000000000,100035,212,100001,212,100055,212,99997,212,100115,212,99978,212,100128,212,99831,212,100159,100,99830,100,100334,100,99805,100,100547,100,99791,100,100593,100,99787,100,100625,100,99275,100,100630,100,99184,100
2019-06-28 09:53:32.310384978,100035,212,100001,212,100055,212,99997,212,100115,212,99978,212,100128,212,99831,212,100159,100,99830,100,100334,100,99805,100,100542,100,99791,100,100547,100,99787,100,100593,100,99275,100,100625,100,99184,100
2019-06-28 09:53:32.891298163,100035,112,100001,212,100055,212,99997,212,100115,212,99978,212,100128,212,99831,212,100159,100,99830,100,100334,100,99805,100,100542,100,99791,100,100547,100,99787,100,100593,100,99275,100,100625,100,99184,100
2019-06-28 09:53:33.408281976,100035,12,100001,212,100055,212,99997,212,100115,212,99978,212,100128,112,99831,212,100159,100,99830,100,100334,100,99805,100,100542,100,99791,100,100547,100,99787,100,100593,100,99275,100,100625,100,99184,100
2019-06-28 09:53:40.000000000,100055,212,100001,212,100115,212,99997,212,100159,212,99978,212,100334,212,99831,212,100542,100,99830,100,100547,100,99805,100,100593,100,99791,100,100625,100,99787,100,100630,100,99275,100,100678,100,99184,100
2019-06-28 09:53:41.774118635,100055,212,100001,212,100115,212,99997,212,100159,212,99978,212,100334,212,99831,212,100515,100,99830,100,100542,100,99805,100,100547,100,99791,100,100625,100,99787,100,100630,100,99275,100,100678,100,99184,100
2019-06-28 09:53:49.045935794,100055,112,100001,212,100115,212,99997,212,100159,212,99978,212,100334,212,99831,212,100515,100,99830,100,100542,100,99805,100,100547,100,99791,100,100625,100,99787,100,100630,100,99275,100,100678,100,99184,100
2019-06-28 09:53:50.000000000,100115,190,100001,190,100159,190,99997,190,100334,190,99978,190,100515,190,99831,190,100542,190,99830,190,100547,100,99805,100,100625,100,99791,100,100630,100,99787,100,100678,100,99275,100,,,99184,100
2019-06-28 09:53:56.069461032,100115,190,100001,190,100159,190,99997,190,100334,190,99978,190,100400,100,99831,190,100515,190,99830,190,100542,190,99805,100,100547,100,99791,100,100625,100,99787,100,100630,100,99275,100,100678,100,99184,100
2019-06-28 09:54:00.000000000,100115,190,100001,190,100159,190,99997,190,100334,190,99978,190,100400,190,99831,190,100515,190,99830,190,100542,100,99805,100,100547,100,99791,100,100625,100,99787,100,100630,100,99275,100,100678,100,99184,100
2019-06-28 09:54:10.000000000,100115,325,100001,325,100159,325,99997,325,100334,100,99978,100,100400,100,99831,100,100515,100,99830,100,100542,100,99805,100,100547,100,99791,100,100625,100,99787,100,100630,100,99275,100,100678,100,99184,100
2019-06-28 09:54:20.000000000,100115,325,100001,325,100159,325,99997,325,100334,100,99978,100,100400,100,99831,100,100515,100,99830,100,100542,100,99805,100,100547,100,99791,100,100625,100,99787,100,100630,100,99275,100,100678,100,99184,100
2019-06-28 09:54:23.920990840,100115,325,100001,325,100159,325,99997,325,100334,100,99978,100,100347,100,99831,100,100400,100,99830,100,100515,100,99805,100,100542,100,99791,100,100547,100,99787,100,100625,100,99275,100,100630,100,99184,100
2019-06-28 09:54:24.881692130,100115,325,100001,325,100159,325,99997,325,100334,100,99978,100,100347,100,99831,100,100400,100,99830,100,100433,100,99805,100,100515,100,99791,100,100542,100,99787,100,100547,100,99275,100,100625,100,99184,100
2019-06-28 09:54:30.000000000,100115,550,100001,550,100159,100,99997,100,100334,100,99978,100,100347,100,99831,100,100400,100,99830,100,100433,100,99805,100,100515,100,99791,100,100542,100,99787,100,100547,100,99275,100,100625,100,99184,100
2019-06-28 09:54:40.000000000,100115,550,100001,550,100159,100,99997,100,100334,100,99978,100,100347,100,99831,100,100400,100,99830,100,100433,100,99805,100,100515,100,99791,100,100542,100,99787,100,100547,100,99275,100,100625,100,99184,100
2019-06-28 09:54:50.000000000,100115,190,100001,190,100159,190,99997,190,100334,190,99978,190,100347,190,99831,190,100400,190,99830,190,100433,100,99805,100,100515,100,99791,100,100542,100,99787,100,100547,100,99275,100,100625,100,99184,100
2019-06-28 09:55:00.000000000,100115,550,100001,550,100159,100,99997,100,100334,100,99978,100,100347,100,99831,100,100400,100,99830,100,100433,100,99805,100,100515,100,99791,100,100542,100,99787,100,100547,100,99275,100,100625,100,99184,100
2019-06-28 09:55:06.644314363,100115,550,100001,550,100159,100,99997,100,100334,100,99978,100,100347,100,99831,100,100391,100,99830,100,100400,100,99805,100,100433,100,99791,100,100515,100,99787,100,100542,100,99275,100,100547,100,99184,100
2019-06-28 09:55:09.829912532,100115,550,100001,550,100159,100,99997,100,100334,100,99978,100,100347,100,99831,100,100391,100,99830,100,100400,100,99805,100,100433,100,99791,100,100499,100,99787,100,100515,100,99275,100,100542,100,99184,100
2019-06-28 09:55:10.000000000,100115,325,100001,325,100159,325,99997,325,100334,100,99978,100,100347,100,99831,100,100391,100,99830,100,100400,100,99805,100,100433,100,99791,100,100499,100,99787,100,100515,100,99275,100,100542,100,99184,100
2019-06-28 09:55:10.296522995,100115,225,100001,325,100159,325,99997,325,100334,100,99978,100,100347,100,99831,100,100391,100,99830,100,100400,100,99805,100,100433,100,99791,100,100499,100,99787,100,100515,100,99275,100,100542,100,99184,100
2019-06-28 09:55:20.000000000,100159,325,100001,325,100334,325,99997,325,100347,100,99978,100,100391,100,99831,100,100400,100,99830,100,100433,100,99805,100,100499,100,99791,100,100515,100,99787,100,100542,100,99275,100,100547,100,99184,100
2019-06-28 09:55:30.000000000,100159,190,100001,190,100334,190,99997,190,100347,190,99978,190,100391,190,99831,190,100400,190,99830,190,100433,100,99805,100,100499,100,99791,100,100515,100,99787,100,100542,100,99275,100,100547,100,99184,100
2019-06-28 09:55:40.000000000,100159,212,100001,212,100334,212,99997,212,100347,212,99978,212,100391,212,99831,212,100400,100,99830,100,100433,100,99805,100,100499,100,99791,100,100515,100,99787,100,100542,100,99275,100,100547,100,99184,100
2019-06-28 09:55:46.802716882,100159,212,100001,212,100334,212,99997,212,100347,212,99978,212,100391,212,99831,212,100400,100,99830,100,100433,100,99805,100,100499,100,99787,100,100515,100,99275,100,100542,100,99184,100,100547,100,99079,100
2019-06-28 09:55:50.000000000,100159,253,100001,253,100334,248,99997,248,100347,248,99978,248,100391,100,99831,100,100400,100,99830,100,100433,100,99805,100,100499,100,99787,100,100515,100,99275,100,100542,100,99184,100,100547,100,99079,100
2019-06-28 09:55:55.787888883,100159,153,100001,253,100334,248,99997,248,100347,248,99978,248,100391,100,99831,100,100400,100,99830,100,100433,100,99805,100,100499,100,99787,100,100515,100,99275,100,100542,100,99184,100,100547,100,99079,100
2019-06-28 09:55:56.718167495,100159,153,100001,253,100334,248,99997,248,100347,248,99978,248,100391,100,99831,100,100400,100,99830,100,100433,100,99805,100,100499,100,99787,100,100515,100,99275,100,100542,100,99184,100,100547,100,99079,100
2019-06-28 09:56:00.000000000,100334,190,100001,190,100347,190,99997,190,100391,190,99978,190,100400,190,99831,190,100433,190,99830,190,100499,100,99805,100,100515,100,99787,100,100542,100,99275,100,100547,100,99184,100,100592,100,99079,100
2019-06-28 09:56:07.635502068,100334,190,100001,190,100347,190,99997,190,100391,190,99978,190,100400,190,99831,190,100433,190,99830,190,100499,100,99805,100,100515,100,99787,100,100542,100,99275,100,100547,100,99184,100,100592,100,99079,100
2019-06-28 09:56:09.375592036,100334,190,100001,190,100347,190,99997,190,100391,190,99978,190,100400,190,99831,190,100433,190,99830,190,100499,100,99805,100,100515,100,99787,100,100542,100,99275,100,100547,100,99184,100,100592,100,99079,100
2019-06-28 09:56:10.000000000,100334,550,100001,550,100347,100,99997,100,100391,100,99978,100,100400,100,99831,100,100433,100,99830,100,100499,100,99805,100,100515,100,99787,100,100542,100,99275,100,100547,100,99184,100,100592,100,99079,100
2019-06-28 09:56:11.246080835,100334,550,100115,100,100347,100,100001,550,100391,100,99997,100,100400,100,99978,100,100433,100,99830,100,100499,100,99805,100,100515,100,99787,100,100542,100,99275,100,100547,100,99184,100,100592,100,99079,100
2019-06-28 09:56:20.000000000,100334,190,100115,190,100347,190,100001,190,100391,190,99997,190,100400,190,99978,190,100433,190,99830,190,100499,100,99805,100,100515,100,99787,100,100542,100,99275,100,100547,100,99184,100,100592,100,99079,100
2019-06-28 09:56:30.000000000,100334,325,100115,325,100347,325,100001,325,100391,100,99997,100,100400,100,99978,100,100433,100,99830,100,100499,100,99805,100,100515,100,99787,100,100542,100,99275,100,100547,100,99184,100,100592,100,99079,100
2019-06-28 09:56:39.356027140,100334,325,100115,325,100347,325,100001,325,100391,100,99997,100,100400,100,99978,100,100433,100,99830,100,100499,100,99805,100,100515,100,99787,100,100542,100,99275,100,100547,100,99184,100,100592,100,99079,100
2019-06-28 09:56:40.000000000,100334,253,100115,253,100347,248,100001,248,100391,248,99997,248,100400,100,99978,100,100433,100,99830,100,100499,100,99805,100,100515,100,99787,100,100542,100,99275,100,100547,100,99184,100,100592,100,99079,100
2019-06-28 09:56:50.000000000,100334,550,100115,550,100347,100,100001,100,100391,100,99997,100,100400,100,99978,100,100433,100,99830,100,100499,100,99805,100,100515,100,99787,100,100542,100,99275,100,100547,100,99184,100,100592,100,99079,100
2019-06-28 09:56:53.395044112,100334,550,100115,550,100347,100,100001,100,100391,100,99997,100,100433,100,99978,100,100499,100,99830,100,100515,100,99805,100,100542,100,99787,100,100547,100,99275,100,100592,100,99184,100,100625,100,99079,100
2019-06-28 09:57:00.000000000,100334,212,100115,212,100347,212,100001,212,100391,212,99997,212,100433,212,99978,212,100499,100,99830,100,100515,100,99805,100,100542,100,99787,100,100547,100,99275,100,100592,100,99184,100,100625,100,99079,100
2019-06-28 09:57:10.000000000,100334,190,100115,190,100347,190,100001,190,100391,190,99997,190,100433,190,99978,190,100499,190,99830,190,100515,100,99805,100,100542,100,99787,100,100547,100,99275,100,100592,100,99184,100,100625,100,99079,100
2019-06-28 09:57:20.000000000,100334,190,100115,190,100347,190,100001,190,100391,190,99997,190,100433,190,99978,190,100499,190,99830,190,100515,100,99805,100,100542,100,99787,100,100547,100,99275,100,100592,100,99184,100,100625,100,99079,100
2019-06-28 09:57:25.612284824,100334,90,100115,190,100347,190,100001,190,100391,190,99997,190,100433,190,99978,190,100499,190,99830,190,100515,100,99805,100,100542,100,99787,100,100547,100,99275,100,100592,100,99184,100,100625,100,99079,100
2019-06-28 09:57:30.000000000,100347,253,100115,253,100391,248,100001,248,100433,248,99997,248,100499,100,99978,100,100515,100,99830,100,100542,100,99805,100,100547,100,99787,100,100592,100,99275,100,100625,100,99184,100,100630,100,99079,100
2019-06-28 09:57:40.000000000,100347,550,100115,550,100391,100,100001,100,100433,100,99997,100,100499,100,99978,100,100515,100,99830,100,100542,100,99805,100,100547,100,99787,100,100592,100,99275,100,100625,100,99184,100,100630,100,99079,100
2019-06-28 09:57:50.000000000,100347,550,100115,550,100391,100,100001,100,100433,100,99997,100,100499,100,99978,100,100515,100,99830,100,100542,100,99805,100,100547,100,99787,100,100592,100,99275,100,100625,100,99184,100,100630,100,99079,100
2019-06-28 09:58:00.000000000,100347,190,100115,190,100391,190,100001,190,100433,190,99997,190,100499,190,99978,190,100515,190,99830,190,100542,100,99805,100,100547,100,99787,100,100592,100,99275,100,100625,100,99184,100,100630,100,99079,100
2019-06-28 09:58:04.308105705,100347,90,100115,190,100391,190,100001,190,100433,190,99997,190,100499,190,99978,190,100515,190,99830,190,100542,100,99805,100,100547,100,99787,100,100592,100,99275,100,100625,100,99184,100,100630,100,99079,100
2019-06-28 09:58:10.000000000,100391,190,100115,190,100433,190,100001,190,100499,190,99997,190,100515,190,99978,190,100542,190,99830,190,100547,100,99805,100,100592,100,99787,100,100625,100,99275,100,100630,100,99184,100,100706,100,99079,100
2019-06-28 09:58:20.000000000,100391,325,100115,325,100433,325,100001,325,100499,100,99997,100,100515,100,99978,100,100542,100,99830,100,100547,100,99805,100,100592,100,99787,100,100625,100,99275,100,100630,100,99184,100,100706,100,99079,100
2019-06-28 09:58:24.825141145,100391,325,100115,325,100433,325,100001,325,100499,100,99997,100,100515,100,99978,100,100542,100,99830,100,100547,100,99805,100,100592,100,99787,100,100625,100,99275,100,100630,100,99184,100,100706,100,99079,100
2019-06-28 09:58:26.207941497,100391,325,100115,325,100433,325,100001,325,100499,100,99997,100,100515,100,99978,100,100542,100,99830,100,100547,100,99805,100,100592,100,99787,100,100625,100,99275,100,100630,100,99184,100,100706,100,99079,100
2019-06-28 09:58:30.000000000,100391,190,100115,190,100433,190,100001,190,100499,190,99997,190,100515,190,99978,190,100542,190,99830,190,100547,100,99805,100,100592,100,99787,100,100625,100,99275,100,100630,100,99184,100,100706,100,99079,100
2019-06-28 09:58:40.000000000,100391,325,100115,325,100433,325,100001,325,100499,100,99997,100,100515,100,99978,100,100542,100,99830,100,100547,100,99805,100,100592,100,99787,100,100625,100,99275,100,100630,100,99184,100,100706,100,99079,100
2019-06-28 09:58:47.781146253,100391,325,100334,100,100433,325,100115,325,100499,100,100001,325,100515,100,99997,100,100542,100,99978,100,100547,100,99830,100,100592,100,99805,100,100625,100,99787,100,100630,100,99275,100,100706,100,99184,100
2019-06-28 09:58:50.000000000,100391,325,100334,325,100433,325,100115,325,100499,100,100001,100,100515,100,99997,100,100542,100,99978,100,100547,100,99830,100,100592,100,99805,100,100625,100,99787,100,100630,100,99275,100,100706,100,99184,100
2019-06-28 09:59:00.000000000,100391,212,100334,212,100433,212,100115,212,100499,212,100001,212,100515,212,99997,212,100542,100,99978,100,100547,100,99830,100,100592,100,99805,100,100625,100,99787,100,100630,100,99275,100,100706,100,99184,100
2019-06-28 09:59:10.000000000,100391,253,100334,253,100433,248,100115,248,100499,248,100001,248,100515,100,99997,100,100542,100,99978,100,100547,100,99830,100,100592,100,99805,100,100625,100,99787,100,100630,100,99275,100,100706,100,99184,100
2019-06-28 09:59:10.798067790,100391,253,100334,253,100433,248,100115,248,100499,248,100001,248,100515,100,99997,100,100542,100,99978,100,100547,100,99830,100,100592,100,99805,100,100625,100,99787,100,100630,100,99275,100,100706,100,99184,100
2019-06-28 09:59:20.000000000,100391,325,100334,325,100433,325,100115,325,100499,100,100001,100,100515,100,99997,100,100542,100,99978,100,100547,100,99830,100,100592,100,99805,100,100625,100,99787,100,100630,100,99275,100,100706,100,99184,100
2019-06-28 09:59:30.000000000,100391,212,100334,212,100433,212,100115,212,100499,212,100001,212,100515,212,99997,212,100542,100,99978,100,100547,100,99830,100,100592,100,99805,100,100625,100,99787,100,100630,100,99275,100,100706,100,99184,100
2019-06-28 09:59:40.000000000,100391,325,100334,325,100433,325,100115,325,100499,100,100001,100,100515,100,99997,100,100542,100,99978,100,100547,100,99830,100,100592,100,99805,100,100625,100,99787,100,100630,100,99275,100,100706,100,99184,100
2019-06-28 09:59:50.000000000,100391,550,100334,550,100433,100,100115,100,100499,100,100001,100,100515,100,99997,100,100542,100,99978,100,100547,100,99830,100,100592,100,99805,100,100625,100,99787,100,100630,100,99275,100,100706,100,99184,100
2019-06-28 10:00:00.000000000,100391,550,100334,550,100433,100,100115,100,100499,100,100001,100,100515,100,99997,100,100542,100,99978,100,100547,100,99830,100,100592,100,99805,100,100625,100,99787,100,100630,100,99275,100,100706,100,99184,100
2019-06-28 10:00:10.000000000,100391,212,100334,212,100433,212,100115,212,100499,212,100001,212,100515,212,99997,212,100542,100,99978,100,100547,100,99830,100,100592,100,99805,100,100625,100,99787,100,100630,100,99275,100,100706,100,99184,100
2019-06-28 10:00:20.000000000,100391,190,100334,190,100433,190,100115,190,100499,190,100001,190,100515,190,99997,190,100542,190,99978,190,100547,100,99830,100,100592,100,99805,100,100625,100,99787,100,100630,100,99275,100,100706,100,99184,100
2019-06-28 10:00:24.012177722,100391,190,100334,190,100433,190,100115,190,100499,190,100001,190,100515,190,99997,190,100542,190,99978,190,100547,100,99830,100,100592,100,99805,100,100625,100,99787,100,100630,100,99275,100,100706,100,99184,100
2019-06-28 10:00:30.000000000,100391,190,100334,190,100433,190,100115,190,100499,190,100001,190,100515,190,99997,190,100542,190,99978,190,100547,100,99830,100,100592,100,99805,100,100625,100,99787,100,100630,100,99275,100,100706,100,99184,100
2019-06-28 10:00:37.997200296,100391,90,100334,190,100433,190,100115,190,100499,190,100001,190,100515,190,99997,190,100542,190,99978,190,100547,100,99830,100,100592,100,99805,100,100625,100,99787,100,100630,100,99275,100,100706,100,99184,100
2019-06-28 10:00:40.000000000,100433,253,100334,253,100499,248,100115,248,100515,248,100001,248,100542,100,99997,100,100547,100,99978,100,100592,100,99830,100,100625,100,99805,100,100630,100,99787,100,100706,100,99275,100,100896,100,99184,100
2019-06-28 10:00:50.000000000,100433,190,100334,190,100499,190,100115,190,100515,190,100001,190,100542,190,99997,190,100547,190,99978,190,100592,100,99830,100,100625,100,99805,100,100630,100,99787,100,100706,100,99275,100,100896,100,99184,100
2019-06-28 10:01:00.000000000,100433,212,100334,212,100499,212,100115,212,100515,212,100001,212,100542,212,99997,212,100547,100,99978,100,100592,100,99830,100,100625,100,99805,100,100630,100,99787,100,100706,100,99275,100,100896,100,99184,100
2019-06-28 10:01:02.795326061,100433,212,100334,212,100499,212,100115,212,100515,212,100001,212,100542,212,99997,212,100547,100,99978,100,100592,100,99830,100,100625,100,99805,100,100630,100,99787,100,100706,100,99275,100,100896,100,99184,100
2019-06-28 10:01:05.970243412,100433,212,100334,212,100499,212,100115,212,100515,212,100001,212,100542,212,99997,212,100547,100,99978,100,100592,100,99830,100,100625,100,99805,100,100630,100,99787,100,100706,100,99275,100,100896,100,99184,100
2019-06-28 10:01:09.885956605,100433,212,100334,212,100499,212,100115,212,100515,212,100001,212,100542,212,99997,212,100547,100,99978,100,100592,100,99830,100,100625,100,99805,100,100706,100,99787,100,100896,100,99275,100,100912,100,99184,100
2019-06-28 10:01:10.000000000,100433,212,100334,212,100499,212,100115,212,100515,212,100001,212,100542,212,99997,212,100547,100,99978,100,100592,100,99830,100,100625,100,99805,100,100706,100,99787,100,100896,100,99275,100,100912,100,99184,100
2019-06-28 10:01:20.000000000,100433,550,100334,550,100499,100,100115,100,100515,100,100001,100,100542,100,99997,100,100547,100,99978,100,100592,100,99830,100,100625,100,99805,100,100706,100,99787,100,100896,100,99275,100,100912,100,99184,100
2019-06-28 10:01:24.326005583,100433,550,100334,550,100499,100,100115,100,100515,100,100001,100,100542,100,99997,100,100547,100,99978,100,100592,100,99830,100,100625,100,99805,100,100706,100,99787,100,100896,100,99275,100,100912,100,99184,100
2019-06-28 10:01:30.000000000,100433,550,100334,550,100499,100,100115,100,100515,100,100001,100,100542,100,99997,100,100547,100,99978,100,100592,100,99830,100,100625,100,99805,100,100706,100,99787,100,100896,100,99275,100,100912,100,99184,100
2019-06-28 10:01:39.491209562,100433,450,100334,550,100499,100,100115,100,100515,100,100001,100,100542,100,99997,100,100547,100,99978,100,100592,100,99830,100,100625,100,99805,100,100706,100,99787,100,100896,100,99275,100,100912,100,99184,100
2019-06-28 10:01:40.000000000,100499,253,100334,253,100515,248,100115,248,100542,248,100001,248,100547,100,99997,100,100592,100,99978,100,100625,100,99830,100,100706,100,99805,100,100896,100,99787,100,100912,100,99275,100,100993,100,99184,100
2019-06-28 10:01:40.886579287,100499,153,100334,253,100515,248,100115,248,100542,248,100001,248,100547,100,99997,100,100592,100,99978,100,100625,100,99830,100,100706,100,99805,100,100896,100,99787,100,100912,100,99275,100,100993,100,99184,100
2019-06-28 10:01:50.000000000,100515,190,100334,190,100542,190,100115,190,100547,190,100001,190,100592,190,99997,190,100625,190,99978,190,100706,100,99830,100,100896,100,99805,100,100912,100,99787,100,100993,100,99275,100,101136,100,99184,100
2019-06-28 10:02:00.000000000,100515,550,100334,550,100542,100,100115,100,100547,100,100001,100,100592,100,99997,100,100625,100,99978,100,100706,100,99830,100,100896,100,99805,100,100912,100,99787,100,100993,100,99275,100,101136,100,99184,100
2019-06-28 10:02:05.116454578,100515,550,100334,550,100542,100,100115,100,100547,100,100001,100,100592,100,99997,100,100706,100,99978,100,100896,100,99830,100,100912,100,99805,100,100984,100,99787,100,100993,100,99275,100,101136,100,99184,100
2019-06-28 10:02:10.000000000,100515,325,100334,325,100542,325,100115,325,100547,100,100001,100,100592,100,99997,100,100706,100,99978,100,100896,100,99830,100,100912,100,99805,100,100984,100,99787,100,100993,100,99275,100,101136,100,99184,100
2019-06-28 10:02:20.000000000,100515,253,100334,253,100542,248,100115,248,100547,248,100001,248,100592,100,99997,100,100706,100,99978,100,100896,100,99830,100,100912,100,99805,100,100984,100,99787,100,100993,100,99275,100,101136,100,99184,100
2019-06-28 10:02:30.000000000,100515,190,100334,190,100542,190,100115,190,100547,190,100001,190,100592,190,99997,190,100706,190,99978,190,100896,100,99830,100,100912,100,99805,100,100984,100,99787,100,100993,100,99275,100,101136,100,99184,100
2019-06-28 10:02:40.000000000,100515,253,100334,253,100542,248,100115,248,100547,248,100001,248,100592,100,99997,100,100706,100,99978,100,100896,100,99830,100,100912,100,99805,100,100984,100,99787,100,100993,100,99275,100,101136,100,99184,100
2019-06-28 10:02:45.785104027,100515,153,100334,253,100542,248,100115,248,100547,248,100001,248,100592,100,99997,100,100706,100,99978,100,100896,100,99830,100,100912,100,99787,100,100984,100,99275,100,100993,100,99184,100,101136,100,99079,100
2019-06-28 10:02:46.841961543,100515,153,100334,253,100542,248,100115,248,100547,248,100001,248,100592,100,99997,100,100706,100,99978,100,100896,100,99830,100,100912,100,99787,100,100984,100,99275,100,100993,100,99184,100,101136,100,99079,100
2019-06-28 10:02:50.000000000,100542,325,100334,325,100547,325,100115,325,100592,100,100001,100,100706,100,99997,100,100896,100,99978,100,100912,100,99830,100,100984,100,99787,100,100993,100,99275,100,101136,100,99184,100,101173,100,99079,100
2019-06-28 10:03:00.000000000,100542,325,100334,325,100547,325,100115,325,100592,100,100001,100,100706,100,99997,100,100896,100,99978,100,100912,100,99830,100,100984,100,99787,100,100993,100,99275,100,101136,100,99184,100,101173,100,99079,100
2019-06-28 10:03:05.936242416,100542,325,100499,100,100547,325,100334,325,100592,100,100115,225,100706,100,100001,100,100896,100,99997,100,100912,100,99978,100,100984,100,99830,100,100993,100,99787,100,101136,100,99275,100,101173,100,99184,100
2019-06-28 10:03:10.000000000,100542,212,100499,212,100547,212,100334,212,100592,212,100001,212,100706,212,99997,212,100896,100,99978,100,100912,100,99830,100,100984,100,99787,100,100993,100,99275,100,101136,100,99184,100,101173,100,99079,100
2019-06-28 10:03:20.000000000,100542,212,100499,212,100547,212,100334,212,100592,212,100001,212,100706,212,99997,212,100896,100,99978,100,100912,100,99830,100,100984,100,99787,100,100993,100,99275,100,101136,100,99184,100,101173,100,99079,100
2019-06-28 10:03:29.445681400,100542,212,100499,212,100547,212,100334,212,100592,212,100001,212,100706,212,99997,212,100896,100,99978,100,100912,100,99830,100,100984,100,99787,100,100993,100,99275,100,101136,100,99184,100,101151,100,99079,100
2019-06-28 10:03:30.000000000,100542,325,100499,325,100547,325,100334,325,100592,100,100001,100,100706,100,99997,100,100896,100,99978,100,100912,100,99830,100,100984,100,99787,100,100993,100,99275,100,101136,100,99184,100,101151,100,99079,100
2019-06-28 10:03:40.000000000,100542,253,100499,253,100547,248,100334,248,100592,248,100001,248,100706,100,99997,100,100896,100,99978,100,100912,100,99830,100,100984,100,99787,100,100993,100,99275,100,101136,100,99184,100,101151,100,99079,100
2019-06-28 10:03:49.856655217,100542,253,100499,253,100547,248,100334,248,100592,248,100001,248,100706,100,99997,100,100896,100,99978,100,100912,100,99830,100,100984,100,99787,100,100993,100,99275,100,101136,100,99184,100,101151,100,99079,100
2019-06-28 10:03:50.000000000,100542,550,100499,550,100547,100,100334,100,100592,100,100001,100,100706,100,99997,100,100896,100,99978,100,100912,100,99830,100,100984,100,99787,100,100993,100,99275,100,101136,100,99184,100,101151,100,99079,100
2019-06-28 10:03:52.028022459,100542,450,100499,550,100547,100,100334,100,100592,100,100001,100,100706,100,99997,100,100896,100,99978,100,100912,100,99830,100,100984,100,99787,100,100993,100,99275,100,101136,100,99184,100,101151,100,99079,100
2019-06-28 10:04:00.000000000,100547,212,100499,212,100592,212,100334,212,100706,212,100001,212,100896,212,99997,212,100912,100,99978,100,100984,100,99830,100,100993,100,99787,100,101136,100,99275,100,101151,100,99184,100,101195,100,99079,100
2019-06-28 10:04:10.000000000,100547,325,100499,325,100592,325,100334,325,100706,100,100001,100,100896,100,99997,100,100912,100,99978,100,100984,100,99830,100,100993,100,99787,100,101136,100,99275,100,101151,100,99184,100,101195,100,99079,100
2019-06-28 10:04:12.881446750,100547,225,100499,325,100592,325,100334,325,100706,100,100001,100,100896,100,99997,100,100912,100,99978,100,100984,100,99830,100,100993,100,99787,100,101136,100,99275,100,101151,100,99184,100,101195,100,99079,100
2019-06-28 10:04:20.000000000,100592,550,100499,550,100706,100,100334,100,100896,100,100001,100,100912,100,99997,100,100984,100,99978,100,100993,100,99830,100,101136,100,99787,100,101151,100,99275,100,101195,100,99184,100,101332,100,99079,100
2019-06-28 10:04:23.867671806,100592,550,100542,100,100706,100,100499,550,100896,100,100334,100,100912,100,100001,100,100984,100,99997,100,100993,100,99978,100,101136,100,99830,100,101151,100,99787,100,101195,100,99275,100,101332,100,99184,100
2019-06-28 10:04:30.000000000,100592,325,100542,325,100706,325,100499,325,100896,100,100334,100,100912,100,100001,100,100984,100,99997,100,100993,100,99978,100,101136,100,99830,100,101151,100,99787,100,101195,100,99275,100,101332,100,99184,100
2019-06-28 10:04:37.923764435,100592,225,100542,325,100706,325,100499,325,100896,100,100334,100,100912,100,100001,100,100984,100,99997,100,100993,100,99978,100,101136,100,99830,100,101151,100,99787,100,101195,100,99275,100,101332,100,99184,100
2019-06-28 10:04:40.000000000,100706,325,100542,325,100896,325,100499,325,100912,100,100334,100,100984,100,100001,100,100993,100,99997,100,101136,100,99978,100,101151,100,99830,100,101195,100,99787,100,101332,100,99275,100,,,99184,100
2019-06-28 10:04:50.000000000,100706,253,100542,253,100896,248,100499,248,100912,248,100334,248,100984,100,100001,100,100993,100,99997,100,101136,100,99978,100,101151,100,99830,100,101195,100,99787,100,101332,100,99275,100,,,99184,100
2019-06-28 10:05:00.000000000,100706,253,100542,253,100896,248,100499,248,100912,248,100334,248,100984,100,100001,100,100993,100,99997,100,101136,100,99978,100,101151,100,99830,100,101195,100,99787,100,101332,100,99275,100,,,99184,100
2019-06-28 10:05:00.186131396,100706,253,100542,253,100896,248,100499,248,100912,248,100334,248,100984,100,100001,100,100993,100,99997,100,101075,100,99978,100,101136,100,99830,100,101151,100,99787,100,101195,100,99275,100,101332,100,99184,100
2019-06-28 10:05:00.369336329,100706,253,100542,253,100896,248,100499,248,100912,248,100334,248,100984,100,100001,100,100993,100,99997,100,101007,100,99978,100,101075,100,99830,100,101136,100,99787,100,101151,100,99275,100,101195,100,99184,100
2019-06-28 10:05:10.000000000,100706,325,100542,325,100896,325,100499,325,100912,100,100334,100,100984,100,100001,100,100993,100,99997,100,101007,100,99978,100,101075,100,99830,100,101136,100,99787,100,101151,100,99275,100,101195,100,99184,100
2019-06-28 10:05:20.000000000,100706,325,100542,325,100896,325,100499,325,100912,100,100334,100,100984,100,100001,100,100993,100,99997,100,101007,100,99978,100,101075,100,99830,100,101136,100,99787,100,101151,100,99275,100,101195,100,99184,100
2019-06-28 10:05:30.000000000,100706,212,100542,212,100896,212,100499,212,100912,212,100334,212,100984,212,100001,212,100993,100,99997,100,101007,100,99978,100,101075,100,99830,100,101136,100,99787,100,101151,100,99275,100,101195,100,99184,100
2019-06-28 10:05:30.353972667,100706,212,100542,212,100896,212,100499,212,100912,212,100334,112,100984,212,100001,212,100993,100,99997,100,101007,100,99978,100,101075,100,99830,100,101136,100,99787,100,101151,100,99275,100,101195,100,99184,100
2019-06-28 10:05:36.605415117,100546,100,100542,212,100706,212,100499,212,100896,212,100334,112,100912,212,100001,212,100984,212,99997,100,100993,100,99978,100,101007,100,99830,100,101075,100,99787,100,101136,100,99275,100,101151,100,99184,100
2019-06-28 10:05:40.000000000,100546,325,100542,325,100706,325,100499,325,100896,100,100001,100,100912,100,99997,100,100984,100,99978,100,100993,100,99830,100,101007,100,99787,100,101075,100,99275,100,101136,100,99184,100,101151,100,99079,100
2019-06-28 10:05:47.745547043,100546,325,100542,325,100706,325,100499,325,100896,100,100057,100,100912,100,100001,100,100984,100,99997,100,100993,100,99978,100,101007,100,99830,100,101075,100,99787,100,101136,100,99275,100,101151,100,99184,100
2019-06-28 10:05:50.000000000,100546,212,100542,212,100706,212,100499,212,100896,212,100057,212,100912,212,100001,212,100984,100,99997,100,100993,100,99978,100,101007,100,99830,100,101075,100,99787,100,101136,100,99275,100,101151,100,99184,100
2019-06-28 10:05:51.681186615,100546,212,100542,212,100706,212,100499,212,100896,212,100420,100,100912,212,100057,212,100984,100,100001,212,100993,100,99997,100,101007,100,99978,100,101075,100,99830,100,101136,100,99787,100,101151,100,99275,100
2019-06-28 10:06:00.000000000,100546,212,100542,212,100706,212,100499,212,100896,212,100420,212,100912,212,100057,212,100984,100,100001,100,100993,100,99997,100,101007,100,99978,100,101075,100,99830,100,101136,100,99787,100,101151,100,99275,100
2019-06-28 10:06:09.842322741,100546,212,100542,112,100706,212,100499,212,100896,212,100420,212,100912,212,100057,212,100984,100,100001,100,100993,100,99997,100,101007,100,99978,100,101075,100,99830,100,101136,100,99787,100,101151,100,99275,100
2019-06-28 10:06:10.000000000,100546,212,100499,212,100706,212,100420,212,100896,212,100057,212,100912,212,100001,212,100984,100,99997,100,100993,100,99978,100,101007,100,99830,100,101075,100,99787,100,101136,100,99275,100,101151,100,99184,100
2019-06-28 10:06:20.000000000,100546,190,100499,190,100706,190,100420,190,100896,190,100057,190,100912,190,100001,190,100984,190,99997,190,100993,100,99978,100,101007,100,99830,100,101075,100,99787,100,101136,100,99275,100,101151,100,99184,100
2019-06-28 10:06:21.881476776,100546,190,100499,90,100706,190,100420,190,100896,90,100057,190,100912,190,100001,190,100984,190,99997,190,100993,100,99978,100,101007,100,99830,100,101075,100,99787,100,101136,100,99275,100,101151,100,99184,100
2019-06-28 10:06:30.000000000,100546,212,100420,212,100706,212,100057,212,100912,212,100001,212,100984,212,99997,212,100993,100,99978,100,101007,100,99830,100,101075,100,99787,100,101136,100,99275,100,101151,100,99184,100,101195,100,99079,100
2019-06-28 10:06:33.619496863,100488,100,100420,212,100546,212,100057,212,100706,212,100001,212,100912,212,99997,212,100984,212,99978,100,100993,100,99830,100,101007,100,99787,100,101075,100,99275,100,101136,100,99184,100,101151,100,99079,100
2019-06-28 10:06:40.000000000,100488,325,100420,325,100546,325,100057,325,100706,100,100001,100,100912,100,99997,100,100984,100,99978,100,100993,100,99830,100,101007,100,99787,100,101075,100,99275,100,101136,100,99184,100,101151,100,99079,100
2019-06-28 10:06:46.580451984,100488,325,100420,225,100546,325,100057,325,100706,100,100001,100,100912,100,99997,100,100984,100,99978,100,100993,100,99830,100,101007,100,99787,100,101075,100,99275,100,101136,100,99079,100,101151,100,98553,100
2019-06-28 10:06:50.000000000,100488,325,100057,325,100546,325,100001,325,100706,100,99997,100,100912,100,99978,100,100984,100,99830,100,100993,100,99787,100,101007,100,99275,100,101075,100,99079,100,101136,100,98553,100,101151,100,,
2019-06-28 10:07:00.000000000,100488,325,100057,325,100546,325,100001,325,100706,100,99997,100,100912,100,99978,100,100984,100,99830,100,100993,100,99787,100,101007,100,99275,100,101075,100,99079,100,101136,100,98553,100,101151,100,,
2019-06-28 10:07:10.000000000,100488,212,100057,212,100546,212,100001,212,100706,212,99997,212,100912,212,99978,212,100984,100,99830,100,100993,100,99787,100,101007,100,99275,100,101075,100,99079,100,101136,100,98553,100,101151,100,,
2019-06-28 10:07:13.520840606,100488,212,100057,212,100546,212,100001,212,100706,212,99997,312,100912,112,99978,212,100984,100,99830,100,100993,100,99787,100,101007,100,99275,100,101075,100,99079,100,101136,100,98553,100,101151,100,,
2019-06-28 10:07:20.000000000,100488,550,100057,550,100546,100,100001,100,100706,100,99997,200,100984,100,99978,100,100993,100,99830,100,101007,100,99787,100,101075,100,99275,100,101136,100,99079,100,101151,100,98553,100,101195,100,,
2019-06-28 10:07:30.000000000,100488,253,100057,253,100546,248,100001,248,100706,248,99997,348,100984,100,99978,100,100993,100,99830,100,101007,100,99787,100,101075,100,99275,100,101136,100,99079,100,101151,100,98553,100,101195,100,,
2019-06-28 10:07:40.000000000,100488,550,100057,550,100546,100,100001,100,100706,100,99997,200,100984,100,99978,100,100993,100,99830,100,101007,100,99787,100,101075,100,99275,100,101136,100,99079,100,101151,100,98553,100,101195,100,,
2019-06-28 10:07:40.448236455,100442,100,100057,550,100488,550,100001,100,100546,100,99997,200,100706,100,99978,100,100984,100,99830,100,100993,100,99787,100,101007,100,99275,100,101075,100,99079,100,101136,100,98553,100,101151,100,,
2019-06-28 10:07:50.000000000,100442,190,100057,190,100488,190,100001,190,100546,190,99997,290,100706,190,99978,190,100984,190,99830,190,100993,100,99787,100,101007,100,99275,100,101075,100,99079,100,101136,100,98553,100,101151,100,,
2019-06-28 10:07:58.660917493,100442,190,100301,100,100488,190,100057,190,100546,190,100001,190,100706,190,99997,290,100984,190,99978,190,100993,100,99830,190,101007,100,99787,100,101075,100,99275,100,101136,100,99079,100,101151,100,98553,100
2019-06-28 10:08:00.000000000,100442,212,100301,212,100488,212,100057,212,100546,212,100001,212,100706,212,99997,312,100984,100,99978,100,100993,100,99830,100,101007,100,99787,100,101075,100,99275,100,101136,100,99079,100,101151,100,98553,100
2019-06-28 10:08:08.255433736,100442,212,100301,212,100488,212,100057,212,100546,212,100001,212,100566,100,99997,312,100706,212,99978,100,100984,100,99830,100,100993,100,99787,100,101007,100,99275,100,101075,100,99079,100,101136,100,98553,100
2019-06-28 10:08:10.000000000,100442,253,100301,253,100488,248,100057,248,100546,248,100001,248,100566,100,99997,200,100706,100,99978,100,100984,100,99830,100,100993,100,99787,100,101007,100,99275,100,101075,100,99079,100,101136,100,98553,100
