,ask_price_1,ask_size_1,bid_price_1,bid_size_1,ask_price_2,ask_size_2,bid_price_2,bid_size_2,ask_price_3,ask_size_3,bid_price_3,bid_size_3,ask_price_4,ask_size_4,bid_price_4,bid_size_4,ask_price_5,ask_size_5,bid_price_5,bid_size_5,ask_price_6,ask_size_6,bid_price_6,bid_size_6,ask_price_7,ask_size_7,bid_price_7,bid_size_7,ask_price_8,ask_size_8,bid_price_8,bid_size_8,ask_price_9,ask_size_9,bid_price_9,bid_size_9,ask_price_10,ask_size_10,bid_price_10,bid_size_10
2019-06-28 09:30:00.000000003,100027,100,,,,,,,,,,,,,,,,,,,,,,,,,,,,,,,,,,,,,,
2019-06-28 09:30:00.000000005,100027,100,,,100046,100,,,,,,,,,,,,,,,,,,,,,,,,,,,,,,,,,,
2019-06-28 09:30:00.000000009,100014,100,,,100027,100,,,100046,100,,,,,,,,,,,,,,,,,,,,,,,,,,,,,,
2019-06-28 09:30:00.000000010,100014,100,,,100027,100,,,100046,100,,,100095,100,,,,,,,,,,,,,,,,,,,,,,,,,,
2019-06-28 09:30:00.000000011,100014,100,99958,100,100027,100,,,100046,100,,,100095,100,,,,,,,,,,,,,,,,,,,,,,,,,,
2019-06-28 09:30:00.000000012,100014,100,99958,100,100027,100,99896,100,100046,100,99886,100,100095,100,,,,,,,,,,,,,,,,,,,,,,,,,,
2019-06-28 09:30:00.000000013,100014,100,99958,100,100027,100,99896,100,100046,100,99886,100,100095,100,,,100142,100,,,,,,,,,,,,,,,,,,,,,,
2019-06-28 09:30:00.000000015,99964,100,99958,100,100014,100,99896,100,100027,100,99886,100,100046,100,,,100095,100,,,100142,100,,,,,,,,,,,,,,,,,,
2019-06-28 09:30:00.000000016,99964,100,99896,100,100014,100,99886,100,100027,100,,,100046,100,,,100095,100,,,100142,100,,,,,,,,,,,,,,,,,,
2019-06-28 09:30:00.000000019,99964,100,99951,100,100014,100,99896,100,100027,100,99886,100,100046,100,,,100095,100,,,100142,100,,,,,,,,,,,,,,,,,,
2019-06-28 09:30:00.000000020,99958,100,99953,100,99964,100,99896,100,99976,100,99886,100,100014,100,,,100027,100,,,100046,100,,,100095,100,,,100142,100,,,,,,,,,,
2019-06-28 09:30:00.000000021,99958,100,99953,100,99964,100,99896,100,99976,100,99894,100,100014,100,99886,100,100027,100,,,100046,100,,,100095,100,,,100142,100,,,,,,,,,,
2019-06-28 09:30:00.000000023,99964,100,99953,100,99976,100,99896,100,100014,100,99894,100,100027,100,99886,100,100046,100,,,100095,100,,,100142,100,,,,,,,,,,,,,,
2019-06-28 09:30:00.000000024,99964,100,99953,100,99976,100,99896,100,100014,100,99894,100,100027,100,99886,100,100046,100,,,100078,100,,,100095,100,,,100142,100,,,,,,,,,,
2019-06-28 09:30:00.000000026,99964,100,99954,100,99976,100,99953,100,100014,100,99896,100,100027,100,99894,100,100046,100,99886,100,100078,100,,,100095,100,,,100142,100,,,,,,,,,,
2019-06-28 09:30:00.000000028,99964,100,99954,100,99976,100,99953,100,100014,100,99896,100,100027,100,99894,100,100046,100,99886,100,100051,100,,,100078,100,,,100095,100,,,100142,100,,,,,,
2019-06-28 09:30:00.000000029,99964,100,99954,100,99976,100,99953,100,100014,100,99896,100,100027,100,99894,100,100046,100,99888,100,100051,100,99886,100,100078,100,,,100095,100,,,100142,100,,,,,,
2019-06-28 09:30:00.000000032,99964,100,99954,100,99976,100,99953,100,100014,100,99896,100,100027,100,99894,100,100046,100,99888,100,100051,100,99886,100,100078,100,,,100095,100,,,100110,100,,,100142,100,,
2019-06-28 09:30:00.000000034,99964,100,99954,100,99976,100,99953,100,100014,100,99896,100,100027,100,99894,100,100046,100,99888,100,100051,100,99886,100,100078,100,99757,100,100095,100,,,100110,100,,,100142,100,,
2019-06-28 09:30:00.000000035,99964,100,99954,100,99976,100,99953,100,100010,100,99896,100,100014,100,99894,100,100027,100,99888,100,100046,100,99886,100,100051,100,99757,100,100078,100,,,100095,100,,,100110,100,,
2019-06-28 09:30:00.000000036,100010,100,99954,100,100014,100,99953,100,100027,100,99896,100,100046,100,99894,100,100051,100,99888,100,100078,100,99886,100,100095,100,99757,100,100110,100,,,100142,100,,,,,,
2019-06-28 09:30:00.000000046,100010,100,99954,100,100014,100,99953,100,100027,100,99896,100,100046,100,99894,100,100050,100,99888,100,100051,100,99886,100,100078,100,99856,100,100095,100,99811,100,100110,100,99757,100,100142,100,,
2019-06-28 09:30:00.000000047,100010,100,99954,100,100014,100,99953,100,100027,100,99896,100,100046,100,99894,100,100050,100,99888,100,100051,100,99886,100,100078,100,99856,100,100089,100,99811,100,100095,100,99757,100,100110,100,,
2019-06-28 09:30:00.000000048,100010,100,99954,100,100014,100,99953,100,100027,100,99896,100,100046,100,99894,100,100050,100,99888,100,100051,100,99886,100,100078,100,99856,100,100089,100,99811,100,100095,200,99757,100,100110,100,,
2019-06-28 09:30:00.000000051,100010,100,99954,100,100014,100,99953,100,100027,100,99896,100,100046,100,99894,100,100050,100,99888,100,100051,100,99886,100,100078,100,99856,100,100089,100,99811,100,100095,200,99757,100,100110,100,,
2019-06-28 09:30:00.000000055,100010,100,99954,200,100014,100,99953,100,100027,100,99896,100,100046,100,99894,100,100050,100,99888,100,100051,100,99886,100,100078,100,99856,100,100089,100,99811,100,100095,200,99757,100,100110,100,,
2019-06-28 09:30:00.000000056,100010,100,99954,200,100014,100,99953,100,100027,100,99896,100,100041,100,99894,100,100046,100,99888,100,100050,100,99886,100,100051,100,99856,100,100078,100,99811,100,100089,100,99757,100,100095,200,,
2019-06-28 09:30:00.000000057,100010,100,99967,100,100014,100,99954,200,100027,100,99953,100,100041,100,99896,100,100046,100,99894,100,100050,100,99888,100,100051,100,99886,100,100078,100,99856,100,100089,100,99811,100,100095,200,99757,100
2019-06-28 09:30:00.000000059,99978,100,99967,100,100010,100,99954,200,100014,100,99953,100,100027,100,99899,100,100041,100,99896,100,100046,100,99894,100,100050,100,99888,100,100051,100,99886,100,100078,100,99856,100,100089,100,99811,100
2019-06-28 09:30:00.000000062,99978,100,99967,100,100010,100,99954,200,100014,100,99953,100,100027,100,99900,100,100041,100,99899,100,100046,100,99896,100,100050,100,99894,100,100051,100,99888,100,100078,100,99886,100,100089,100,99856,100
2019-06-28 09:30:00.000000063,99978,300,99967,100,100010,100,99954,200,100014,100,99953,100,100027,100,99900,100,100041,100,99899,100,100046,100,99896,100,100050,100,99894,100,100051,100,99888,100,100078,100,99886,100,100089,100,99856,100
2019-06-28 09:30:00.000000064,99978,300,99967,100,100010,100,99954,200,100014,100,99953,100,100027,100,99913,100,100041,100,99900,100,100046,100,99899,100,100050,100,99896,100,100051,100,99894,100,100078,100,99888,100,100089,100,99886,100
2019-06-28 09:30:00.000000066,99978,300,99954,200,100010,100,99953,100,100014,100,99913,100,100027,100,99900,100,100041,100,99899,100,100046,100,99896,100,100050,100,99894,100,100051,100,99888,100,100078,100,99886,100,100089,100,99856,100
2019-06-28 09:30:00.000000074,99978,200,99954,200,100010,100,99953,100,100014,100,99913,100,100027,100,99900,100,100041,100,99899,100,100046,100,99896,100,100050,100,99894,100,100051,100,99888,100,100078,100,99886,100,100089,100,99856,100
2019-06-28 09:30:00.000000075,99978,200,99954,200,100010,100,99953,100,100014,100,99913,100,100027,100,99900,100,100041,100,99899,100,100046,100,99896,100,100050,100,99894,100,100051,100,99888,100,100078,100,99886,100,100089,100,99856,100
2019-06-28 09:30:00.000000078,99978,200,99967,200,100010,100,99954,200,100014,100,99953,100,100027,100,99913,100,100041,100,99900,100,100046,100,99899,100,100050,100,99896,100,100051,100,99894,100,100078,100,99888,100,100089,100,99886,100
2019-06-28 09:30:00.000000079,99977,100,99967,200,99978,200,99954,200,100010,100,99953,100,100014,100,99913,100,100027,100,99900,100,100041,100,99899,100,100046,100,99896,100,100050,100,99894,100,100051,100,99888,100,100064,100,99886,100
2019-06-28 09:30:00.000000081,99977,200,99967,200,99978,200,99954,200,100010,100,99953,100,100014,100,99913,100,100027,100,99900,100,100041,100,99899,100,100046,100,99896,100,100050,100,99894,100,100051,100,99888,100,100064,100,99886,100
2019-06-28 09:30:00.000000084,99977,100,99967,200,99978,200,99954,200,100010,100,99953,100,100014,100,99913,100,100027,100,99900,100,100041,100,99899,100,100046,100,99896,100,100050,100,99894,100,100051,100,99888,100,100064,100,99886,100
2019-06-28 09:30:00.000000085,99977,100,99967,200,99978,200,99954,200,100010,100,99953,100,100014,100,99913,100,100027,100,99900,100,100041,100,99899,100,100042,100,99896,100,100046,100,99894,100,100050,100,99888,100,100051,100,99886,100
2019-06-28 09:30:00.000000088,99977,100,99967,200,99978,200,99954,200,100010,100,99953,100,100014,100,99934,100,100027,100,99913,100,100041,100,99900,100,100042,100,99899,100,100046,100,99896,100,100050,100,99894,100,100051,100,99888,100
2019-06-28 09:30:00.000000089,99978,200,99967,200,100010,100,99954,200,100014,100,99953,100,100027,100,99934,100,100041,100,99913,100,100042,100,99900,100,100046,100,99899,100,100050,100,99896,100,100051,100,99894,100,100064,100,99888,100
2019-06-28 09:30:00.000000091,99978,200,99967,200,100010,100,99954,200,100014,100,99953,100,100027,100,99934,100,100041,100,99913,100,100042,100,99900,100,100046,100,99899,100,100050,100,99896,100,100051,100,99894,100,100064,100,99888,100
2019-06-28 09:30:00.000000092,99978,100,99967,200,100010,100,99954,200,100014,100,99953,100,100027,100,99934,100,100038,100,99913,100,100041,100,99900,100,100042,100,99899,100,100046,100,99896,100,100050,100,99894,100,100051,100,99888,100
2019-06-28 09:30:00.000000095,99978,100,99967,200,100010,100,99954,200,100014,100,99953,100,100027,100,99934,100,100038,100,99913,100,100041,100,99900,100,100042,100,99899,100,100046,100,99896,100,100050,100,99894,100,100051,100,99888,100
2019-06-28 09:30:00.000000096,99978,100,99967,200,100006,100,99954,200,100010,100,99953,100,100014,100,99934,100,100027,100,99913,100,100038,100,99900,100,100041,100,99899,100,100042,100,99896,100,100046,100,99894,100,100050,100,99888,100
2019-06-28 09:30:00.000000097,100006,100,99967,200,100010,100,99963,100,100014,100,99954,200,100027,100,99953,100,100038,100,99934,100,100041,100,99913,100,100042,100,99900,100,100046,100,99899,100,100050,100,99896,100,100051,100,99894,100
2019-06-28 09:30:00.000000098,100006,100,99967,200,100010,100,99963,100,100014,100,99954,200,100027,100,99953,100,100038,100,99934,100,100041,100,99913,100,100042,100,99900,100,100046,100,99899,100,100050,100,99896,100,100051,100,99894,100
2019-06-28 09:30:01.999002155,100006,100,99967,100,100010,100,99963,100,100014,100,99954,200,100027,100,99953,100,100038,100,99934,100,100041,100,99913,100,100042,100,99900,100,100046,100,99899,100,100050,100,99896,100,100051,100,99894,100
2019-06-28 09:30:10.000000000,100006,300,99967,300,100010,300,99963,300,100014,100,99954,200,100027,100,99953,100,100038,100,99934,100,100041,100,99913,100,100042,100,99900,100,100046,100,99899,100,100050,100,99896,100,100051,100,99894,100
2019-06-28 09:30:20.000000000,100006,500,99967,500,100010,100,99963,100,100014,100,99954,200,100027,100,99953,100,100038,100,99934,100,100041,100,99913,100,100042,100,99900,100,100046,100,99899,100,100050,100,99896,100,100051,100,99894,100
2019-06-28 09:30:21.916685796,100006,500,99967,400,100010,100,99963,100,100014,100,99954,200,100027,100,99953,100,100038,100,99934,100,100041,100,99913,100,100042,100,99900,100,100046,100,99899,100,100050,100,99896,100,100051,100,99894,100
2019-06-28 09:30:30.000000000,100006,200,99963,200,100010,200,99954,300,100014,200,99953,200,100027,200,99934,200,100038,100,99913,100,100041,100,99900,100,100042,100,99899,100,100046,100,99896,100,100050,100,99894,100,100051,100,99888,100
2019-06-28 09:30:30.009715304,100006,200,99963,100,100010,200,99954,300,100014,200,99953,200,100027,200,99934,200,100038,100,99913,100,100041,100,99900,100,100042,100,99899,100,100046,100,99896,100,100050,100,99894,100,100051,100,99888,100
2019-06-28 09:30:34.266063784,100006,200,99963,100,100010,200,99954,300,100014,200,99953,200,100027,200,99934,200,100038,100,99913,100,100041,100,99900,100,100042,100,99899,100,100046,100,99896,100,100050,100,99894,100,100051,100,99888,100
2019-06-28 09:30:36.024358716,100006,200,99963,100,100010,200,99954,300,100014,200,99953,200,100027,200,99934,200,100038,100,99913,100,100041,100,99900,100,100042,100,99899,100,100046,100,99896,100,100050,100,99894,100,100051,100,99888,100
2019-06-28 09:30:36.475021776,99978,100,99963,100,100006,200,99954,300,100010,200,99953,200,100014,200,99934,200,100027,200,99913,100,100038,100,99900,100,100041,100,99899,100,100042,100,99896,100,100046,100,99894,100,100050,100,99888,100
2019-06-28 09:30:40.000000000,99978,236,99954,336,100006,232,99953,232,100010,232,99934,232,100014,100,99913,100,100027,100,99900,100,100038,100,99899,100,100041,100,99896,100,100042,100,99894,100,100046,100,99888,100,100050,100,99886,100
2019-06-28 09:30:46.514033197,99978,136,99954,336,100006,232,99953,232,100010,232,99934,232,100014,100,99913,100,100027,100,99900,100,100038,100,99899,100,100041,100,99896,100,100042,100,99894,100,100046,100,99888,100,100050,100,99886,100
2019-06-28 09:30:49.308457415,99978,136,99954,336,100006,232,99953,232,100010,232,99934,232,100014,100,99913,100,100027,100,99900,100,100038,100,99899,100,100041,100,99896,100,100046,100,99894,100,100050,100,99888,100,100051,100,99886,100
2019-06-28 09:30:50.000000000,100006,236,99954,336,100010,232,99953,232,100014,232,99934,232,100027,100,99913,100,100038,100,99900,100,100041,100,99899,100,100046,100,99896,100,100050,100,99894,100,100051,100,99888,100,100064,100,99886,100
2019-06-28 09:30:53.030247126,99978,100,99954,336,100006,236,99953,232,100010,232,99934,232,100014,232,99913,100,100027,100,99900,100,100038,100,99899,100,100041,100,99896,100,100046,100,99894,100,100050,100,99888,100,100051,100,99886,100
2019-06-28 09:31:00.000000000,99978,500,99954,600,100006,100,99953,100,100010,100,99934,100,100014,100,99913,100,100027,100,99900,100,100038,100,99899,100,100041,100,99896,100,100046,100,99894,100,100050,100,99888,100,100051,100,99886,100
2019-06-28 09:31:00.873133617,99978,600,99954,600,100006,100,99953,100,100010,100,99934,100,100014,100,99913,100,100027,100,99900,100,100038,100,99899,100,100041,100,99896,100,100046,100,99894,100,100050,100,99888,100,100051,100,99886,100
2019-06-28 09:31:10.000000000,99978,600,99954,600,100006,100,99953,100,100010,100,99934,100,100014,100,99913,100,100027,100,99900,100,100038,100,99899,100,100041,100,99896,100,100046,100,99894,100,100050,100,99888,100,100051,100,99886,100
2019-06-28 09:31:19.402761957,99978,700,99954,600,100006,100,99953,100,100010,100,99934,100,100014,100,99913,100,100027,100,99900,100,100038,100,99899,100,100041,100,99896,100,100046,100,99894,100,100050,100,99888,100,100051,100,99886,100
2019-06-28 09:31:20.000000000,99978,400,99954,300,100006,200,99953,200,100010,200,99934,200,100014,200,99913,200,100027,100,99900,100,100038,100,99899,100,100041,100,99896,100,100046,100,99894,100,100050,100,99888,100,100051,100,99886,100
2019-06-28 09:31:30.000000000,99978,500,99954,400,100006,300,99953,300,100010,100,99934,100,100014,100,99913,100,100027,100,99900,100,100038,100,99899,100,100041,100,99896,100,100046,100,99894,100,100050,100,99888,100,100051,100,99886,100
2019-06-28 09:31:37.454101206,99978,500,99954,400,100006,300,99953,300,100010,100,99934,100,100014,100,99913,100,100027,100,99900,100,100038,100,99899,100,100041,100,99896,100,100046,100,99894,100,100051,100,99888,100,100064,100,99886,100
2019-06-28 09:31:40.000000000,99978,436,99954,336,100006,232,99953,232,100010,232,99934,232,100014,100,99913,100,100027,100,99900,100,100038,100,99899,100,100041,100,99896,100,100046,100,99894,100,100051,100,99888,100,100064,100,99886,100
2019-06-28 09:31:50.000000000,99978,400,99954,300,100006,200,99953,200,100010,200,99934,200,100014,200,99913,200,100027,100,99900,100,100038,100,99899,100,100041,100,99896,100,100046,100,99894,100,100051,100,99888,100,100064,100,99886,100
2019-06-28 09:31:51.278788191,99978,400,99954,200,100006,200,99953,200,100010,200,99934,200,100014,200,99913,200,100027,100,99900,100,100038,100,99899,100,100041,100,99896,100,100046,100,99894,100,100051,100,99886,100,100064,100,99856,100
2019-06-28 09:31:54.490382631,99978,400,99954,100,100006,200,99953,200,100010,200,99934,200,100014,200,99913,200,100027,100,99900,100,100038,100,99899,100,100041,100,99896,100,100046,100,99894,100,100051,100,99886,100,100078,100,99856,100
2019-06-28 09:32:00.000000000,99978,700,99953,500,100006,100,99934,100,100010,100,99913,100,100014,100,99900,100,100027,100,99899,100,100038,100,99896,100,100041,100,99894,100,100046,100,99886,100,100051,100,99856,100,100078,100,99852,100
2019-06-28 09:32:10.000000000,99978,436,99953,236,100006,232,99934,232,100010,232,99913,232,100014,100,99900,100,100027,100,99899,100,100038,100,99896,100,100041,100,99894,100,100046,100,99886,100,100051,100,99856,100,100078,100,99852,100
2019-06-28 09:32:11.497812722,99978,436,99953,136,100006,232,99934,232,100010,232,99913,232,100014,100,99900,100,100027,100,99899,100,100038,100,99896,100,100041,100,99894,100,100046,100,99886,100,100051,100,99856,100,100078,100,99852,100
2019-06-28 09:32:20.000000000,99978,700,99934,500,100006,100,99913,100,100010,100,99900,100,100014,100,99899,100,100027,100,99896,100,100038,100,99894,100,100041,100,99886,100,100046,100,99856,100,100051,100,99852,100,100078,100,99845,100
2019-06-28 09:32:30.000000000,99978,380,99934,180,100006,180,99913,180,100010,180,99900,180,100014,180,99899,180,100027,180,99896,180,100038,100,99894,100,100041,100,99886,100,100046,100,99856,100,100051,100,99852,100,100078,100,99845,100
2019-06-28 09:32:36.744036370,99978,380,99954,100,100006,180,99934,180,100010,180,99913,180,100014,180,99900,180,100027,180,99899,180,100038,100,99896,180,100041,100,99894,100,100046,100,99886,100,100051,100,99856,100,100078,100,99852,100
2019-06-28 09:32:40.000000000,99978,700,99954,500,100006,100,99934,100,100010,100,99913,100,100014,100,99900,100,100027,100,99899,100,100038,100,99896,100,100041,100,99894,100,100046,100,99886,100,100051,100,99856,100,100078,100,99852,100
2019-06-28 09:32:45.621321586,99978,700,99954,500,100006,100,99934,100,100010,100,99913,100,100014,100,99900,100,100027,100,99899,100,100038,100,99896,100,100041,100,99894,100,100046,100,99886,100,100051,100,99856,100,100078,100,99852,100
2019-06-28 09:32:50.000000000,99978,400,99954,200,100006,200,99934,200,100010,200,99913,200,100014,200,99900,200,100027,100,99899,100,100038,100,99896,100,100041,100,99894,100,100046,100,99886,100,100051,100,99856,100,100078,100,99852,100
2019-06-28 09:33:00.000000000,99978,400,99954,200,100006,200,99934,200,100010,200,99913,200,100014,200,99900,200,100027,100,99899,100,100038,100,99896,100,100041,100,99894,100,100046,100,99886,100,100051,100,99856,100,100078,100,99852,100
2019-06-28 09:33:10.000000000,99978,700,99954,500,100006,100,99934,100,100010,100,99913,100,100014,100,99900,100,100027,100,99899,100,100038,100,99896,100,100041,100,99894,100,100046,100,99886,100,100051,100,99856,100,100078,100,99852,100
2019-06-28 09:33:17.880447528,99978,700,99954,500,100006,100,99934,100,100010,100,99913,100,100014,100,99900,100,100027,100,99899,100,100038,100,99896,100,100041,100,99894,100,100046,100,99886,100,100051,100,99856,100,100078,100,99852,100
2019-06-28 09:33:18.227939523,99978,700,99954,500,100006,100,99934,100,100010,100,99913,100,100014,100,99900,100,100027,100,99899,100,100038,100,99896,100,100041,100,99894,100,100046,100,99886,100,100051,100,99856,100,100078,100,99845,100
2019-06-28 09:33:20.000000000,99978,436,99954,236,100006,232,99934,232,100010,232,99913,232,100014,100,99900,100,100027,100,99899,100,100038,100,99896,100,100041,100,99894,100,100046,100,99886,100,100051,100,99856,100,100078,100,99845,100
2019-06-28 09:33:30.000000000,99978,380,99954,180,100006,180,99934,180,100010,180,99913,180,100014,180,99900,180,100027,180,99899,180,100038,100,99896,100,100041,100,99894,100,100046,100,99886,100,100051,100,99856,100,100078,100,99845,100
2019-06-28 09:33:40.000000000,99978,500,99954,300,100006,300,99934,300,100010,100,99913,100,100014,100,99900,100,100027,100,99899,100,100038,100,99896,100,100041,100,99894,100,100046,100,99886,100,100051,100,99856,100,100078,100,99845,100
2019-06-28 09:33:47.993927558,99978,500,99954,300,100006,300,99934,300,100010,100,99913,100,100014,100,99900,100,100027,100,99899,100,100038,100,99896,100,100041,100,99894,100,100046,100,99886,100,100051,100,99856,100,100078,100,99811,100
2019-06-28 09:33:50.000000000,99978,400,99954,200,100006,200,99934,200,100010,200,99913,200,100014,200,99900,200,100027,100,99899,100,100038,100,99896,100,100041,100,99894,100,100046,100,99886,100,100051,100,99856,100,100078,100,99811,100
2019-06-28 09:34:00.000000000,99978,400,99954,200,100006,200,99934,200,100010,200,99913,200,100014,200,99900,200,100027,100,99899,100,100038,100,99896,100,100041,100,99894,100,100046,100,99886,100,100051,100,99856,100,100078,100,99811,100
2019-06-28 09:34:01.063426022,99978,300,99954,200,100006,200,99934,200,100010,200,99913,200,100014,200,99900,200,100027,100,99899,100,100038,100,99896,100,100041,100,99894,100,100046,100,99886,100,100051,100,99856,100,100089,100,99811,100
2019-06-28 09:34:10.000000000,99978,300,99954,200,100006,200,99934,200,100010,200,99913,200,100014,200,99900,200,100027,100,99899,100,100038,100,99896,100,100041,100,99894,100,100046,100,99886,100,100051,100,99856,100,100089,100,99811,100
2019-06-28 09:34:11.004965586,99978,300,99955,100,100006,200,99954,200,100010,200,99934,200,100014,200,99913,200,100027,100,99900,200,100038,100,99899,100,100041,100,99894,100,100046,100,99886,100,100051,100,99856,100,100089,100,99811,100
2019-06-28 09:34:11.466078054,99978,200,99955,100,100006,200,99954,200,100010,200,99934,200,100014,200,99913,200,100038,100,99900,200,100041,100,99899,100,100046,100,99894,100,100051,100,99886,100,100089,100,99856,100,100095,200,99811,100
2019-06-28 09:34:11.589423011,99978,200,99955,100,100006,200,99954,200,100010,200,99934,200,100014,200,99913,200,100038,100,99900,200,100041,100,99899,100,100046,100,99894,100,100051,100,99886,100,100089,100,99856,100,100095,200,99811,100
2019-06-28 09:34:20.000000000,99978,180,99955,180,100006,180,99954,180,100010,180,99934,180,100014,180,99913,180,100038,180,99900,180,100041,100,99899,100,100046,100,99894,100,100051,100,99886,100,100089,100,99856,100,100095,200,99811,100
2019-06-28 09:34:30.000000000,99978,200,99955,200,100006,200,99954,200,100010,200,99934,200,100014,200,99913,200,100038,100,99900,100,100041,100,99899,100,100046,100,99894,100,100051,100,99886,100,100089,100,99856,100,100095,200,99811,100
2019-06-28 09:34:34.379817950,99978,100,99955,200,100006,200,99954,200,100010,200,99934,200,100014,200,99913,200,100038,100,99900,100,100041,100,99899,100,100046,100,99894,100,100051,100,99886,100,100089,100,99856,100,100095,200,99811,100
2019-06-28 09:34:34.675024923,99978,100,99955,200,100006,200,99954,200,100010,200,99934,200,100014,200,99913,200,100038,100,99900,100,100041,100,99899,100,100046,100,99894,100,100051,100,99886,100,100089,100,99856,100,100095,200,99811,100
2019-06-28 09:34:40.000000000,100006,300,99955,300,100010,300,99954,300,100014,100,99934,100,100038,100,99913,100,100041,100,99900,100,100046,100,99899,100,100051,100,99894,100,100089,100,99886,100,100095,200,99856,100,100110,100,99811,100
2019-06-28 09:34:50.000000000,100006,300,99955,300,100010,300,99954,300,100014,100,99934,100,100038,100,99913,100,100041,100,99900,100,100046,100,99899,100,100051,100,99894,100,100089,100,99886,100,100095,200,99856,100,100110,100,99811,100
2019-06-28 09:35:00.000000000,100006,180,99955,180,100010,180,99954,180,100014,180,99934,180,100038,180,99913,180,100041,180,99900,180,100046,100,99899,100,100051,100,99894,100,100089,100,99886,100,100095,200,99856,100,100110,100,99811,100
2019-06-28 09:35:10.000000000,100006,500,99955,500,100010,100,99954,100,100014,100,99934,100,100038,100,99913,100,100041,100,99900,100,100046,100,99899,100,100051,100,99894,100,100089,100,99886,100,100095,200,99856,100,100110,100,99811,100
2019-06-28 09:35:18.114412691,100006,500,99955,500,100010,100,99954,100,100014,100,99934,100,100038,100,99913,100,100041,100,99900,100,100046,100,99899,100,100051,100,99894,100,100089,100,99886,100,100095,200,99856,100,100110,100,99811,100
2019-06-28 09:35:20.000000000,100006,300,99955,300,100010,300,99954,300,100014,100,99934,100,100038,100,99913,100,100041,100,99900,100,100046,100,99899,100,100051,100,99894,100,100089,100,99886,100,100095,200,99856,100,100110,100,99811,100
2019-06-28 09:35:29.007667797,100006,300,99978,100,100010,300,99955,300,100014,100,99954,300,100038,100,99934,100,100041,100,99913,100,100046,100,99900,100,100051,100,99899,100,100089,100,99894,100,100095,200,99886,100,100110,100,99856,100
2019-06-28 09:35:30.000000000,100006,200,99978,200,100010,200,99955,200,100014,200,99954,200,100038,200,99934,200,100041,100,99913,100,100046,100,99900,100,100051,100,99899,100,100089,100,99894,100,100095,200,99886,100,100110,100,99856,100
2019-06-28 09:35:30.365245700,100006,200,99978,100,100010,200,99955,200,100014,200,99954,200,100038,100,99934,200,100041,100,99913,100,100046,100,99900,100,100051,100,99899,100,100089,100,99894,100,100095,200,99886,100,100110,100,99856,100
2019-06-28 09:35:40.000000000,100006,236,99955,236,100010,232,99954,232,100014,232,99934,232,100041,100,99913,100,100046,100,99900,100,100051,100,99899,100,100089,100,99894,100,100095,200,99886,100,100110,100,99856,100,100121,100,99811,100
2019-06-28 09:35:50.000000000,100006,180,99955,180,100010,180,99954,180,100014,180,99934,180,100041,180,99913,180,100046,180,99900,180,100051,100,99899,100,100089,100,99894,100,100095,200,99886,100,100110,100,99856,100,100121,100,99811,100
2019-06-28 09:36:00.000000000,100006,180,99955,180,100010,180,99954,180,100014,180,99934,180,100041,180,99913,180,100046,180,99900,180,100051,100,99899,100,100089,100,99894,100,100095,200,99886,100,100110,100,99856,100,100121,100,99811,100
2019-06-28 09:36:05.028181492,100006,180,99955,80,100010,180,99954,180,100014,180,99934,180,100041,180,99913,180,100046,180,99900,180,100051,100,99899,100,100089,100,99894,100,100095,200,99886,100,100110,100,99856,100,100121,100,99811,100
2019-06-28 09:36:06.729895987,100006,180,99955,80,100010,180,99954,180,100014,180,99934,180,100041,180,99913,180,100046,180,99900,180,100051,100,99899,100,100089,100,99894,100,100095,200,99886,100,100110,100,99856,100,100121,100,99811,100
2019-06-28 09:36:10.000000000,100006,236,99954,236,100010,232,99934,232,100014,232,99913,232,100041,100,99900,100,100046,100,99899,100,100051,100,99894,100,100089,100,99886,100,100095,200,99856,100,100110,100,99811,100,100121,100,99805,100
2019-06-28 09:36:20.000000000,100006,180,99954,180,100010,180,99934,180,100014,180,99913,180,100041,180,99900,180,100046,180,99899,180,100051,100,99894,100,100089,100,99886,100,100095,200,99856,100,100110,100,99811,100,100121,100,99805,100
2019-06-28 09:36:27.577222043,100006,180,99954,80,100010,180,99934,180,100014,180,99913,180,100041,180,99900,180,100046,180,99899,180,100051,100,99894,100,100089,100,99886,100,100095,200,99856,100,100110,100,99811,100,100121,100,99805,100
2019-06-28 09:36:30.000000000,100006,300,99934,300,100010,300,99913,300,100014,100,99900,100,100041,100,99899,100,100046,100,99894,100,100051,100,99886,100,100089,100,99856,100,100095,200,99811,100,100110,100,99805,100,100121,100,99794,100
2019-06-28 09:36:40.000000000,100006,236,99934,236,100010,232,99913,232,100014,232,99900,232,100041,100,99899,100,100046,100,99894,100,100051,100,99886,100,100089,100,99856,100,100095,200,99811,100,100110,100,99805,100,100121,100,99794,100
2019-06-28 09:36:50.000000000,100006,200,99934,200,100010,200,99913,200,100014,200,99900,200,100041,200,99899,200,100046,100,99894,100,100051,100,99886,100,100089,100,99856,100,100095,200,99811,100,100110,100,99805,100,100121,100,99794,100
2019-06-28 09:37:00.000000000,100006,500,99934,500,100010,100,99913,100,100014,100,99900,100,100041,100,99899,100,100046,100,99894,100,100051,100,99886,100,100089,100,99856,100,100095,200,99811,100,100110,100,99805,100,100121,100,99794,100
2019-06-28 09:37:07.866509248,99955,100,99934,500,100006,500,99913,100,100010,100,99900,100,100014,100,99899,100,100041,100,99894,100,100046,100,99886,100,100051,100,99856,100,100089,100,99811,100,100095,200,99805,100,100110,100,99794,100
2019-06-28 09:37:10.000000000,99955,200,99934,200,100006,200,99913,200,100010,200,99900,200,100014,200,99899,200,100041,100,99894,100,100046,100,99886,100,100051,100,99856,100,100089,100,99811,100,100095,200,99805,100,100110,100,99794,100
2019-06-28 09:37:11.673140178,99955,200,99934,100,100006,200,99913,200,100010,200,99900,200,100014,200,99899,200,100041,100,99894,100,100046,100,99886,100,100089,100,99856,100,100095,200,99811,100,100110,100,99805,100,100121,100,99794,100
2019-06-28 09:37:12.159795212,99955,200,99934,100,100006,200,99913,200,100010,200,99900,200,100014,200,99899,200,100041,100,99894,100,100046,100,99886,100,100089,100,99856,100,100095,200,99811,100,100110,100,99805,100,100121,100,99794,100
2019-06-28 09:37:15.940456185,99954,100,99934,100,99955,200,99913,200,100006,200,99900,200,100010,200,99899,200,100014,200,99894,100,100041,100,99886,100,100046,100,99856,100,100089,100,99811,100,100095,200,99805,100,100110,100,99794,100
2019-06-28 09:37:20.000000000,99954,300,99913,300,99955,300,99900,300,100006,100,99899,100,100010,100,99894,100,100014,100,99886,100,100041,100,99856,100,100046,100,99811,100,100089,100,99805,100,100095,200,99794,100,100110,100,99757,100
2019-06-28 09:37:30.000000000,99954,500,99913,500,99955,100,99900,100,100006,100,99899,100,100010,100,99894,100,100014,100,99886,100,100041,100,99856,100,100046,100,99811,100,100089,100,99805,100,100095,200,99794,100,100110,100,99757,100
2019-06-28 09:37:40.000000000,99954,500,99913,500,99955,100,99900,100,100006,100,99899,100,100010,100,99894,100,100014,100,99886,100,100041,100,99856,100,100046,100,99811,100,100089,100,99805,100,100095,200,99794,100,100110,100,99757,100
2019-06-28 09:37:50.000000000,99954,300,99913,300,99955,300,99900,300,100006,100,99899,100,100010,100,99894,100,100014,100,99886,100,100041,100,99856,100,100046,100,99811,100,100089,100,99805,100,100095,200,99794,100,100110,100,99757,100
2019-06-28 09:37:57.480462350,99954,400,99913,300,99955,300,99900,300,100006,100,99899,100,100010,100,99894,100,100014,100,99886,100,100041,100,99856,100,100046,100,99811,100,100089,100,99805,100,100095,200,99794,100,100110,100,99757,100
2019-06-28 09:38:00.000000000,99954,280,99913,180,99955,180,99900,180,100006,180,99899,180,100010,180,99894,180,100014,180,99886,180,100041,100,99856,100,100046,100,99811,100,100089,100,99805,100,100095,200,99794,100,100110,100,99757,100
2019-06-28 09:38:10.000000000,99954,300,99913,200,99955,200,99900,200,100006,200,99899,200,100010,200,99894,200,100014,100,99886,100,100041,100,99856,100,100046,100,99811,100,100089,100,99805,100,100095,200,99794,100,100110,100,99757,100
2019-06-28 09:38:20.000000000,99954,280,99913,180,99955,180,99900,180,100006,180,99899,180,100010,180,99894,180,100014,180,99886,180,100041,100,99856,100,100046,100,99811,100,100089,100,99805,100,100095,200,99794,100,100110,100,99757,100
2019-06-28 09:38:30.000000000,99954,280,99913,180,99955,180,99900,180,100006,180,99899,180,100010,180,99894,180,100014,180,99886,180,100041,100,99856,100,100046,100,99811,100,100089,100,99805,100,100095,200,99794,100,100110,100,99757,100
2019-06-28 09:38:40.000000000,99954,400,99913,300,99955,300,99900,300,100006,100,99899,100,100010,100,99894,100,100014,100,99886,100,100041,100,99856,100,100046,100,99811,100,100089,100,99805,100,100095,200,99794,100,100110,100,99757,100
2019-06-28 09:38:50.000000000,99954,600,99913,500,99955,100,99900,100,100006,100,99899,100,100010,100,99894,100,100014,100,99886,100,100041,100,99856,100,100046,100,99811,100,100089,100,99805,100,100095,200,99794,100,100110,100,99757,100
2019-06-28 09:38:52.237856386,99954,600,99913,500,99955,100,99900,100,100006,100,99899,100,100010,100,99894,100,100014,100,99886,100,100041,100,99856,100,100046,100,99811,100,100089,100,99805,100,100095,200,99794,100,100121,100,99757,100
2019-06-28 09:38:59.007528440,99954,600,99913,500,99955,100,99900,100,100006,100,99899,100,100010,100,99894,100,100014,100,99886,100,100041,100,99856,100,100046,100,99811,100,100089,100,99805,100,100095,200,99794,100,100121,100,99757,100
2019-06-28 09:39:00.000000000,99954,300,99913,200,99955,200,99900,200,100006,200,99899,200,100010,200,99894,200,100014,100,99886,100,100041,100,99856,100,100046,100,99811,100,100089,100,99805,100,100095,200,99794,100,100121,100,99757,100
2019-06-28 09:39:04.247707874,99954,300,99913,100,99955,200,99900,200,100006,100,99899,200,100010,200,99894,200,100014,100,99886,100,100041,100,99856,100,100046,100,99811,100,100089,100,99805,100,100095,200,99794,100,100121,100,99757,100
2019-06-28 09:39:10.000000000,99954,300,99900,200,99955,200,99899,200,100010,200,99894,200,100014,200,99886,200,100041,100,99856,100,100046,100,99811,100,100089,100,99805,100,100095,200,99794,100,100121,100,99757,100,100126,100,99707,100
2019-06-28 09:39:20.000000000,99954,300,99900,200,99955,200,99899,200,100010,200,99894,200,100014,200,99886,200,100041,100,99856,100,100046,100,99811,100,100089,100,99805,100,100095,200,99794,100,100121,100,99757,100,100126,100,99707,100
2019-06-28 09:39:30.000000000,99954,336,99900,236,99955,232,99899,232,100010,232,99894,232,100014,100,99886,100,100041,100,99856,100,100046,100,99811,100,100089,100,99805,100,100095,200,99794,100,100121,100,99757,100,100126,100,99707,100
2019-06-28 09:39:33.410744001,99954,336,99900,136,99955,232,99899,232,100010,232,99894,232,100014,100,99886,100,100041,100,99856,100,100046,100,99811,100,100089,100,99805,100,100095,200,99794,100,100121,100,99757,100,100126,100,99707,100
2019-06-28 09:39:37.932610094,99913,100,99900,136,99954,336,99899,232,99955,232,99894,232,100010,232,99886,100,100014,100,99856,100,100041,100,99811,100,100046,100,99805,100,100089,100,99794,100,100095,200,99757,100,100121,100,99707,100
2019-06-28 09:39:40.000000000,99913,300,99899,300,99954,400,99894,300,99955,100,99886,100,100010,100,99856,100,100014,100,99811,100,100041,100,99805,100,100046,100,99794,100,100089,100,99757,100,100095,200,99707,100,100121,100,99648,100
2019-06-28 09:39:50.000000000,99913,200,99899,200,99954,300,99894,200,99955,200,99886,200,100010,200,99856,200,100014,100,99811,100,100041,100,99805,100,100046,100,99794,100,100089,100,99757,100,100095,200,99707,100,100121,100,99648,100
2019-06-28 09:39:50.567912699,99913,200,99899,200,99954,300,99894,200,99955,200,99886,200,100010,200,99856,200,100014,100,99811,100,100041,100,99805,100,100046,100,99794,100,100089,100,99757,100,100095,200,99707,100,100121,100,99648,100
2019-06-28 09:39:51.924256019,99913,300,99899,200,99954,300,99894,200,99955,200,99886,200,100010,200,99856,200,100014,100,99811,100,100041,100,99805,100,100046,100,99794,100,100089,100,99757,100,100095,200,99707,100,100121,100,99648,100
2019-06-28 09:40:00.000000000,99913,336,99899,236,99954,332,99894,232,99955,232,99886,232,100010,100,99856,100,100014,100,99811,100,100041,100,99805,100,100046,100,99794,100,100089,100,99757,100,100095,200,99707,100,100121,100,99648,100
2019-06-28 09:40:05.298169580,99913,436,99899,236,99954,332,99894,232,99955,232,99886,232,100010,100,99856,100,100014,100,99811,100,100041,100,99805,100,100046,100,99794,100,100089,100,99757,100,100095,200,99707,100,100121,100,99648,100
2019-06-28 09:40:10.000000000,99913,400,99899,200,99954,300,99894,200,99955,200,99886,200,100010,200,99856,200,100014,100,99811,100,100041,100,99805,100,100046,100,99794,100,100089,100,99757,100,100095,200,99707,100,100121,100,99648,100
2019-06-28 09:40:20.000000000,99913,436,99899,236,99954,332,99894,232,99955,232,99886,232,100010,100,99856,100,100014,100,99811,100,100041,100,99805,100,100046,100,99794,100,100089,100,99757,100,100095,200,99707,100,100121,100,99648,100
2019-06-28 09:40:30.000000000,99913,500,99899,300,99954,400,99894,300,99955,100,99886,100,100010,100,99856,100,100014,100,99811,100,100041,100,99805,100,100046,100,99794,100,100089,100,99757,100,100095,200,99707,100,100121,100,99648,100
2019-06-28 09:40:40.000000000,99913,500,99899,300,99954,400,99894,300,99955,100,99886,100,100010,100,99856,100,100014,100,99811,100,100041,100,99805,100,100046,100,99794,100,100089,100,99757,100,100095,200,99707,100,100121,100,99648,100
2019-06-28 09:40:50.000000000,99913,400,99899,200,99954,300,99894,200,99955,200,99886,200,100010,200,99856,200,100014,100,99811,100,100041,100,99805,100,100046,100,99794,100,100089,100,99757,100,100095,200,99707,100,100121,100,99648,100
2019-06-28 09:41:00.000000000,99913,500,99899,300,99954,400,99894,300,99955,100,99886,100,100010,100,99856,100,100014,100,99811,100,100041,100,99805,100,100046,100,99794,100,100089,100,99757,100,100095,200,99707,100,100121,100,99648,100
2019-06-28 09:41:00.085113770,99913,600,99899,300,99954,400,99894,300,99955,100,99886,100,100010,100,99856,100,100014,100,99811,100,100041,100,99805,100,100046,100,99794,100,100089,100,99757,100,100095,200,99707,100,100121,100,99648,100
2019-06-28 09:41:03.546134440,99913,700,99899,300,99954,400,99894,300,99955,100,99886,100,100010,100,99856,100,100014,100,99811,100,100041,100,99805,100,100046,100,99794,100,100089,100,99757,100,100095,200,99707,100,100121,100,99648,100
2019-06-28 09:41:10.000000000,99913,636,99899,236,99954,332,99894,232,99955,232,99886,232,100010,100,99856,100,100014,100,99811,100,100041,100,99805,100,100046,100,99794,100,100089,100,99757,100,100095,200,99707,100,100121,100,99648,100
2019-06-28 09:41:10.441413572,99913,636,99899,136,99954,332,99894,232,99955,232,99886,232,100010,100,99856,100,100041,100,99811,100,100046,100,99805,100,100089,100,99794,100,100095,200,99757,100,100121,100,99707,100,100126,100,99648,100
2019-06-28 09:41:20.000000000,99913,600,99894,200,99954,300,99886,200,99955,200,99856,200,100010,200,99811,200,100041,100,99805,100,100046,100,99794,100,100089,100,99757,100,100095,200,99707,100,100121,100,99648,100,100126,100,99605,100
2019-06-28 09:41:25.188899210,99913,500,99894,200,99954,300,99886,200,99955,200,99856,200,100010,200,99811,200,100041,100,99805,100,100046,100,99794,100,100089,100,99757,100,100095,200,99707,100,100121,100,99648,100,100126,100,99605,100
2019-06-28 09:41:30.000000000,99913,600,99894,300,99954,400,99886,300,99955,100,99856,100,100010,100,99811,100,100041,100,99805,100,100046,100,99794,100,100089,100,99757,100,100095,200,99707,100,100121,100,99648,100,100126,100,99605,100
2019-06-28 09:41:32.605850954,99913,600,99894,300,99954,400,99886,300,99955,100,99856,100,100010,100,99811,100,100041,100,99805,100,100046,100,99794,100,100089,100,99757,100,100095,200,99707,100,100121,100,99648,100,100126,100,99605,100
2019-06-28 09:41:33.881708423,99913,600,99894,200,99954,400,99886,300,99955,100,99856,100,100010,100,99811,100,100041,100,99805,100,100046,100,99794,100,100089,100,99757,100,100095,200,99707,100,100121,100,99648,100,100126,100,99605,100
2019-06-28 09:41:40.000000000,99913,600,99886,300,99954,400,99856,300,99955,100,99811,100,100010,100,99805,100,100041,100,99794,100,100046,100,99757,100,100089,100,99707,100,100095,200,99648,100,100121,100,99605,100,100126,100,98677,100
2019-06-28 09:41:50.000000000,99913,536,99886,236,99954,332,99856,232,99955,232,99811,232,100010,100,99805,100,100041,100,99794,100,100046,100,99757,100,100089,100,99707,100,100095,200,99648,100,100121,100,99605,100,100126,100,98677,100
2019-06-28 09:42:00.000000000,99913,536,99886,236,99954,332,99856,232,99955,232,99811,232,100010,100,99805,100,100041,100,99794,100,100046,100,99757,100,100089,100,99707,100,100095,200,99648,100,100121,100,99605,100,100126,100,98677,100
2019-06-28 09:42:04.005864035,99913,536,99886,236,99954,332,99856,232,99955,232,99811,232,100010,100,99805,100,100041,100,99794,100,100046,100,99757,100,100089,100,99707,100,100095,200,99648,100,100121,100,99605,100,100126,100,98677,100
2019-06-28 09:42:10.000000000,99913,500,99886,200,99954,300,99856,200,99955,200,99811,200,100010,200,99805,200,100041,100,99794,100,100046,100,99757,100,100089,100,99707,100,100095,200,99648,100,100121,100,99605,100,100126,100,98677,100
2019-06-28 09:42:13.864787256,99913,500,99886,200,99954,300,99856,200,99955,200,99811,200,100010,200,99805,200,100041,100,99794,100,100046,100,99757,100,100089,100,99707,100,100095,200,99648,100,100121,100,99605,100,100126,100,98677,100
2019-06-28 09:42:20.000000000,99913,500,99886,200,99954,300,99856,200,99955,200,99811,200,100010,200,99805,200,100041,100,99794,100,100046,100,99757,100,100089,100,99707,100,100095,200,99648,100,100121,100,99605,100,100126,100,98677,100
2019-06-28 09:42:26.746002688,99913,500,99886,200,99954,300,99856,200,99955,200,99811,200,100010,200,99805,200,100041,100,99794,100,100046,100,99757,100,100089,100,99707,100,100095,200,99648,100,100121,100,99605,100,100126,100,98677,100
2019-06-28 09:42:30.000000000,99913,500,99886,200,99954,300,99856,200,99955,200,99811,200,100010,200,99805,200,100041,100,99794,100,100046,100,99757,100,100089,100,99707,100,100095,200,99648,100,100121,100,99605,100,100126,100,98677,100
2019-06-28 09:42:35.193876241,99913,500,99886,100,99954,300,99856,200,99955,200,99811,200,100010,100,99805,200,100041,100,99794,100,100046,100,99757,100,100089,100,99707,100,100095,200,99648,100,100121,100,99605,100,100126,100,98677,100
2019-06-28 09:42:40.000000000,99913,600,99856,300,99954,400,99811,300,99955,100,99805,100,100041,100,99794,100,100046,100,99757,100,100089,100,99707,100,100095,200,99648,100,100121,100,99605,100,100126,100,98677,100,100177,100,98586,100
2019-06-28 09:42:42.556602287,99913,600,99856,200,99954,400,99811,300,99955,100,99805,100,100041,100,99794,100,100046,100,99757,100,100089,100,99707,100,100095,200,99648,100,100121,100,99605,100,100126,100,98677,100,100177,100,98586,100
2019-06-28 09:42:50.000000000,99913,600,99811,300,99954,400,99805,300,99955,100,99794,100,100041,100,99757,100,100046,100,99707,100,100089,100,99648,100,100095,200,99605,100,100121,100,98677,100,100126,100,98586,100,100177,100,98579,100
2019-06-28 09:43:00.000000000,99913,500,99811,200,99954,300,99805,200,99955,200,99794,200,100041,200,99757,200,100046,100,99707,100,100089,100,99648,100,100095,200,99605,100,100121,100,98677,100,100126,100,98586,100,100177,100,98579,100
2019-06-28 09:43:00.551360003,99913,500,99811,100,99954,300,99805,200,99955,200,99794,200,100041,200,99757,200,100046,100,99707,100,100089,100,99648,100,100095,200,99605,100,100121,100,98677,100,100126,100,98586,100,100177,100,98579,100
2019-06-28 09:43:07.951652525,99913,500,99811,100,99954,300,99805,200,99955,200,99794,200,100041,200,99757,200,100046,100,99707,100,100089,100,99648,100,100095,100,99605,100,100121,100,98677,100,100126,100,98623,100,100177,100,98586,100
2019-06-28 09:43:10.000000000,99913,500,99805,200,99954,300,99794,200,99955,200,99757,200,100041,200,99707,200,100046,100,99648,100,100089,100,99605,100,100095,100,98677,100,100121,100,98623,100,100126,100,98586,100,100177,100,98579,100
2019-06-28 09:43:20.000000000,99913,500,99805,200,99954,300,99794,200,99955,200,99757,200,100041,200,99707,200,100046,100,99648,100,100089,100,99605,100,100095,100,98677,100,100121,100,98623,100,100126,100,98586,100,100177,100,98579,100
2019-06-28 09:43:30.000000000,99913,500,99805,200,99954,300,99794,200,99955,200,99757,200,100041,200,99707,200,100046,100,99648,100,100089,100,99605,100,100095,100,98677,100,100121,100,98623,100,100126,100,98586,100,100177,100,98579,100
2019-06-28 09:43:33.066705844,99856,100,99805,200,99913,400,99794,200,99954,300,99757,200,99955,200,99707,200,100041,200,99648,100,100046,100,99605,100,100089,100,98677,100,100095,100,98623,100,100121,100,98586,100,100126,100,98579,100
2019-06-28 09:43:40.000000000,99856,300,99805,300,99913,500,99794,300,99954,200,99757,100,99955,100,99707,100,100041,100,99648,100,100046,100,99605,100,100089,100,98677,100,100095,100,98623,100,100121,100,98586,100,100126,100,98579,100
2019-06-28 09:43:44.058595734,99856,300,99805,200,99913,500,99794,300,99954,200,99707,100,99955,100,99648,100,100041,100,99605,100,100046,100,98677,100,100089,100,98623,100,100095,100,98586,100,100121,100,98579,100,100126,100,98563,100
2019-06-28 09:43:50.000000000,99856,300,99794,300,99913,500,99707,300,99954,200,99648,100,99955,100,99605,100,100041,100,98677,100,100046,100,98623,100,100089,100,98586,100,100095,100,98579,100,100121,100,98563,100,100126,100,98359,100
2019-06-28 09:43:50.211913826,99811,100,99794,300,99856,300,99707,300,99913,500,99648,100,99954,200,99605,100,99955,100,98677,100,100041,100,98623,100,100046,100,98586,100,100089,100,98579,100,100095,100,98563,100,100121,100,98359,100
2019-06-28 09:43:53.584184880,99811,200,99794,300,99856,300,99707,300,99913,500,99648,100,99954,200,99605,100,99955,100,98677,100,100041,100,98623,100,100046,100,98586,100,100089,100,98579,100,100095,100,98563,100,100121,100,98359,100
2019-06-28 09:44:00.000000000,99811,280,99794,180,99856,180,99707,180,99913,380,99648,180,99954,280,99605,180,99955,180,98677,180,100041,100,98623,100,100046,100,98586,100,100089,100,98579,100,100095,100,98563,100,100121,100,98359,100
2019-06-28 09:44:06.303344624,99811,280,99794,180,99856,180,99707,180,99913,380,99648,180,99954,280,99605,180,99955,180,98677,180,100041,100,98623,100,100046,100,98586,100,100089,100,98579,100,100095,100,98563,100,100121,100,98467,100
2019-06-28 09:44:10.000000000,99811,600,99794,500,99856,100,99707,100,99913,300,99648,100,99954,200,99605,100,99955,100,98677,100,100041,100,98623,100,100046,100,98586,100,100089,100,98579,100,100095,100,98563,100,100121,100,98467,100
2019-06-28 09:44:20.000000000,99811,300,99794,200,99856,200,99707,200,99913,400,99648,200,99954,300,99605,200,99955,100,98677,100,100041,100,98623,100,100046,100,98586,100,100089,100,98579,100,100095,100,98563,100,100121,100,98467,100
2019-06-28 09:44:30.000000000,99811,280,99794,180,99856,180,99707,180,99913,380,99648,180,99954,280,99605,180,99955,180,98677,180,100041,100,98623,100,100046,100,98586,100,100089,100,98579,100,100095,100,98563,100,100121,100,98467,100
2019-06-28 09:44:32.548772025,99811,280,99794,80,99856,180,99707,180,99913,380,99648,180,99954,280,99605,180,99955,180,98677,180,100041,100,98623,100,100046,100,98586,100,100089,100,98579,100,100095,100,98563,100,100121,100,98467,100
2019-06-28 09:44:35.358914606,99811,280,99794,80,99856,180,99707,180,99913,380,99648,180,99954,280,99605,180,99955,180,98927,100,100041,100,98677,180,100046,100,98623,100,100089,100,98586,100,100095,100,98579,100,100121,100,98563,100
2019-06-28 09:44:40.000000000,99811,336,99707,236,99856,232,99648,232,99913,432,99605,232,99954,200,98927,100,99955,100,98677,100,100041,100,98623,100,100046,100,98586,100,100089,100,98579,100,100095,100,98563,100,100121,100,98467,100
2019-06-28 09:44:43.651383745,99811,336,99707,136,99856,232,99648,232,99913,432,99605,232,99954,200,98927,100,99955,100,98677,100,100041,100,98623,100,100046,100,98586,100,100089,100,98579,100,100095,100,98563,100,100121,100,98467,100
2019-06-28 09:44:50.000000000,99811,336,99648,236,99856,232,99605,232,99913,432,98927,232,99954,200,98677,100,99955,100,98623,100,100041,100,98586,100,100046,100,98579,100,100089,100,98563,100,100095,100,98467,100,100121,100,98359,100
2019-06-28 09:44:52.291881774,99811,336,99648,36,99856,232,99605,232,99913,432,98927,232,99954,200,98677,100,99955,100,98623,100,100041,100,98586,100,100046,100,98579,100,100089,100,98563,100,100095,100,98467,100,100121,100,98359,100
2019-06-28 09:45:00.000000000,99811,600,99605,500,99856,100,98927,100,99913,300,98677,100,99954,200,98623,100,99955,100,98586,100,100041,100,98579,100,100046,100,98563,100,100089,100,98467,100,100095,100,98359,100,100121,100,98238,100
2019-06-28 09:45:05.098939252,99811,600,99605,400,99856,100,98927,100,99913,300,98677,100,99954,200,98623,100,99955,100,98586,100,100041,100,98579,100,100046,100,98563,100,100089,100,98467,100,100095,100,98359,100,100121,100,98238,100
2019-06-28 09:45:10.000000000,99811,280,98927,180,99856,180,98677,180,99913,380,98623,180,99954,280,98586,180,99955,180,98579,180,100041,100,98563,100,100046,100,98467,100,100089,100,98359,100,100095,100,98238,100,100121,100,,
2019-06-28 09:45:20.000000000,99811,600,98927,500,99856,100,98677,100,99913,300,98623,100,99954,200,98586,100,99955,100,98579,100,100041,100,98563,100,100046,100,98467,100,100089,100,98359,100,100095,100,98238,100,100121,100,,
2019-06-28 09:45:30.000000000,99811,400,98927,300,99856,300,98677,300,99913,300,98623,100,99954,200,98586,100,99955,100,98579,100,100041,100,98563,100,100046,100,98467,100,100089,100,98359,100,100095,100,98238,100,100121,100,,
2019-06-28 09:45:34.488384320,99811,400,98927,300,99856,300,98677,300,99913,200,98623,100,99954,200,98586,100,99955,100,98579,100,100041,100,98563,100,100046,100,98467,100,100089,100,98359,100,100095,100,98238,100,100121,100,,
2019-06-28 09:45:40.000000000,99811,400,98927,300,99856,300,98677,300,99913,200,98623,100,99954,200,98586,100,99955,100,98579,100,100041,100,98563,100,100046,100,98467,100,100089,100,98359,100,100095,100,98238,100,100121,100,,
2019-06-28 09:45:50.000000000,99811,300,98927,200,99856,200,98677,200,99913,300,98623,200,99954,300,98586,200,99955,100,98579,100,100041,100,98563,100,100046,100,98467,100,100089,100,98359,100,100095,100,98238,100,100121,100,,
2019-06-28 09:45:55.262744983,99811,300,98927,200,99856,200,98677,200,99913,300,98623,200,99954,300,98586,200,99955,100,98579,100,100041,100,98563,100,100046,100,98467,100,100089,100,98359,100,100095,100,98238,100,100121,100,98006,100
2019-06-28 09:46:00.000000000,99811,600,98927,500,99856,100,98677,100,99913,200,98623,100,99954,200,98586,100,99955,100,98579,100,100041,100,98563,100,100046,100,98467,100,100089,100,98359,100,100095,100,98238,100,100121,100,98006,100
2019-06-28 09:46:10.000000000,99811,600,98927,500,99856,100,98677,100,99913,200,98623,100,99954,200,98586,100,99955,100,98579,100,100041,100,98563,100,100046,100,98467,100,100089,100,98359,100,100095,100,98238,100,100121,100,98006,100
2019-06-28 09:46:12.574271690,99648,100,98927,500,99811,600,98677,100,99856,100,98623,100,99913,200,98586,100,99954,200,98579,100,99955,100,98563,100,100041,100,98467,100,100046,100,98359,100,100089,100,98238,100,100095,100,98006,100
2019-06-28 09:46:20.000000000,99648,500,98927,500,99811,200,98677,100,99856,100,98623,100,99913,200,98586,100,99954,200,98579,100,99955,100,98563,100,100041,100,98467,100,100046,100,98359,100,100089,100,98238,100,100095,100,98006,100
2019-06-28 09:46:22.903506197,99648,500,98927,500,99811,200,98677,100,99856,100,98623,100,99913,200,98586,100,99954,200,98579,100,99955,100,98563,100,100041,100,98467,100,100046,100,98359,100,100089,100,98238,100,100095,100,98169,100
2019-06-28 09:46:24.336178611,99648,500,98927,500,99811,200,98677,100,99856,100,98623,100,99913,200,98586,100,99954,200,98579,100,99955,100,98563,100,100041,100,98467,100,100046,100,98359,100,100089,100,98238,100,100095,100,98169,100
2019-06-28 09:46:30.000000000,99648,236,98927,236,99811,332,98677,232,99856,232,98623,232,99913,200,98586,100,99954,200,98579,100,99955,100,98563,100,100041,100,98467,100,100046,100,98359,100,100089,100,98238,100,100095,100,98169,100
2019-06-28 09:46:37.824337716,99648,336,98927,236,99811,332,98677,232,99856,232,98623,232,99913,200,98586,100,99954,200,98579,100,99955,100,98563,100,100041,100,98467,100,100046,100,98359,100,100089,100,98238,100,100095,100,98169,100
2019-06-28 09:46:40.000000000,99648,336,98927,236,99811,332,98677,232,99856,232,98623,232,99913,200,98586,100,99954,200,98579,100,99955,100,98563,100,100041,100,98467,100,100046,100,98359,100,100089,100,98238,100,100095,100,98169,100
2019-06-28 09:46:50.000000000,99648,300,98927,200,99811,300,98677,200,99856,200,98623,200,99913,300,98586,200,99954,200,98579,100,99955,100,98563,100,100041,100,98467,100,100046,100,98359,100,100089,100,98238,100,100095,100,98169,100
2019-06-28 09:46:57.862334467,99648,300,98927,100,99811,300,98677,200,99856,200,98623,200,99913,300,98586,200,99954,200,98579,100,99955,100,98563,100,100041,100,98467,100,100046,100,98359,100,100089,100,98238,100,100095,100,98169,100
2019-06-28 09:47:00.000000000,99648,280,98677,180,99811,280,98623,180,99856,180,98586,180,99913,280,98579,180,99954,280,98563,180,99955,100,98467,100,100041,100,98359,100,100046,100,98238,100,100089,100,98169,100,100095,100,98006,100
2019-06-28 09:47:10.000000000,99648,280,98677,180,99811,280,98623,180,99856,180,98586,180,99913,280,98579,180,99954,280,98563,180,99955,100,98467,100,100041,100,98359,100,100046,100,98238,100,100089,100,98169,100,100095,100,98006,100
2019-06-28 09:47:13.093173578,99648,280,98677,180,99811,280,98623,180,99856,180,98586,180,99913,280,98579,180,99954,280,98563,180,99955,100,98467,100,100041,100,98389,100,100046,100,98359,100,100089,100,98238,100,100095,100,98169,100
2019-06-28 09:47:13.747119492,99605,100,98677,180,99648,180,98623,180,99811,280,98586,180,99856,180,98579,180,99913,280,98563,180,99954,280,98467,100,99955,100,98389,100,100041,100,98359,100,100046,100,98238,100,100089,100,98169,100
2019-06-28 09:47:20.000000000,99605,180,98677,180,99648,180,98623,180,99811,280,98586,180,99856,180,98579,180,99913,280,98563,180,99954,200,98467,100,99955,100,98389,100,100041,100,98359,100,100046,100,98238,100,100089,100,98169,100
2019-06-28 09:47:30.000000000,99605,300,98677,300,99648,300,98623,300,99811,200,98586,100,99856,100,98579,100,99913,200,98563,100,99954,200,98467,100,99955,100,98389,100,100041,100,98359,100,100046,100,98238,100,100089,100,98169,100
2019-06-28 09:47:40.000000000,99605,180,98677,180,99648,180,98623,180,99811,280,98586,180,99856,180,98579,180,99913,280,98563,180,99954,200,98467,100,99955,100,98389,100,100041,100,98359,100,100046,100,98238,100,100089,100,98169,100
2019-06-28 09:47:50.000000000,99605,180,98677,180,99648,180,98623,180,99811,280,98586,180,99856,180,98579,180,99913,280,98563,180,99954,200,98467,100,99955,100,98389,100,100041,100,98359,100,100046,100,98238,100,100089,100,98169,100
2019-06-28 09:47:54.537759179,99605,180,98677,80,99648,180,98623,180,99811,280,98586,180,99856,180,98579,180,99913,280,98563,180,99954,200,98467,100,99955,100,98389,100,100041,100,98359,100,100046,100,98238,100,100089,100,98169,100
2019-06-28 09:48:00.000000000,99605,180,98623,180,99648,180,98586,180,99811,280,98579,180,99856,180,98563,180,99913,280,98467,180,99954,200,98389,100,99955,100,98359,100,100041,100,98238,100,100046,100,98169,100,100089,100,98006,100
2019-06-28 09:48:06.747638279,99605,180,98623,180,99648,180,98586,180,99811,280,98579,180,99856,180,98563,180,99913,180,98467,180,99954,200,98389,100,99955,100,98359,100,100041,100,98238,100,100046,100,98169,100,100089,100,98006,100
2019-06-28 09:48:10.000000000,99605,200,98623,200,99648,200,98586,200,99811,300,98579,200,99856,200,98563,200,99913,100,98467,100,99954,200,98389,100,99955,100,98359,100,100041,100,98238,100,100046,100,98169,100,100089,100,98006,100
2019-06-28 09:48:11.949863808,99605,200,98623,100,99648,200,98586,200,99811,300,98579,200,99856,200,98563,200,99913,100,98467,100,99954,200,98389,100,99955,100,98359,100,100041,100,98238,100,100046,100,98169,100,100089,100,98006,100
2019-06-28 09:48:16.540908684,99605,200,98623,100,99648,200,98586,200,99811,300,98579,200,99856,200,98563,200,99913,100,98467,100,99954,200,98389,100,99955,100,98359,100,100041,100,98238,100,100046,100,98233,100,100089,100,98169,100
2019-06-28 09:48:20.000000000,99605,180,98586,180,99648,180,98579,180,99811,280,98563,180,99856,180,98467,180,99913,180,98389,180,99954,200,98359,100,99955,100,98238,100,100041,100,98233,100,100046,100,98169,100,100089,100,98006,100
2019-06-28 09:48:21.783449272,99605,180,98586,180,99648,80,98579,180,99811,280,98563,180,99856,180,98467,180,99913,180,98389,180,99954,200,98359,100,99955,100,98238,100,100041,100,98233,100,100046,100,98169,100,100089,100,98006,100
2019-06-28 09:48:30.000000000,99605,236,98586,236,99811,332,98579,232,99856,232,98563,232,99913,100,98467,100,99954,200,98389,100,99955,100,98359,100,100041,100,98238,100,100046,100,98233,100,100089,100,98169,100,100095,100,98006,100
2019-06-28 09:48:35.281519871,99605,236,98586,36,99811,332,98579,232,99856,232,98563,232,99913,100,98467,100,99954,200,98389,100,99955,100,98359,100,100041,100,98238,100,100046,100,98233,100,100089,100,98169,100,100095,100,98006,100
2019-06-28 09:48:40.000000000,99605,180,98579,180,99811,280,98563,180,99856,180,98467,180,99913,180,98389,180,99954,280,98359,180,99955,100,98238,100,100041,100,98233,100,100046,100,98169,100,100089,100,98006,100,100095,100,,
2019-06-28 09:48:50.000000000,99605,300,98579,300,99811,400,98563,300,99856,100,98467,100,99913,100,98389,100,99954,200,98359,100,99955,100,98238,100,100041,100,98233,100,100046,100,98169,100,100089,100,98006,100,100095,100,,
2019-06-28 09:49:00.000000000,99605,236,98579,236,99811,332,98563,232,99856,232,98467,232,99913,100,98389,100,99954,200,98359,100,99955,100,98238,100,100041,100,98233,100,100046,100,98169,100,100089,100,98006,100,100095,100,,
2019-06-28 09:49:02.591632562,98674,100,98579,236,99605,236,98563,232,99811,332,98467,232,99856,232,98389,100,99913,100,98359,100,99954,200,98238,100,99955,100,98233,100,100041,100,98169,100,100046,100,98006,100,100089,100,,
2019-06-28 09:49:10.000000000,98674,300,98579,300,99605,300,98563,300,99811,200,98467,100,99856,100,98389,100,99913,100,98359,100,99954,200,98238,100,99955,100,98233,100,100041,100,98169,100,100046,100,98006,100,100089,100,,
2019-06-28 09:49:20.000000000,98674,500,98579,500,99605,100,98563,100,99811,200,98467,100,99856,100,98389,100,99913,100,98359,100,99954,200,98238,100,99955,100,98233,100,100041,100,98169,100,100046,100,98006,100,100089,100,,
2019-06-28 09:49:30.000000000,98674,500,98579,500,99605,100,98563,100,99811,200,98467,100,99856,100,98389,100,99913,100,98359,100,99954,200,98238,100,99955,100,98233,100,100041,100,98169,100,100046,100,98006,100,100089,100,,
2019-06-28 09:49:36.657738749,98674,400,98579,500,99605,100,98563,100,99811,200,98467,100,99856,100,98389,100,99913,100,98359,100,99954,200,98238,100,99955,100,98233,100,100041,100,98169,100,100046,100,98006,100,100089,100,,
2019-06-28 09:49:37.050860640,98674,300,98579,500,99605,100,98563,100,99811,200,98467,100,99856,100,98359,100,99913,100,98238,100,99954,200,98233,100,99955,100,98169,100,100041,100,98006,100,100046,100,,,100089,100,,
2019-06-28 09:49:40.000000000,99605,236,98579,236,99811,332,98563,232,99856,232,98467,232,99913,100,98359,100,99954,200,98238,100,99955,100,98233,100,100041,100,98169,100,100046,100,98006,100,100089,100,,,100095,100,,
2019-06-28 09:49:41.190371949,99605,236,98859,100,99811,332,98579,236,99856,232,98563,232,99913,100,98467,232,99954,200,98359,100,99955,100,98238,100,100041,100,98233,100,100046,100,98169,100,100089,100,98006,100,100095,100,,
2019-06-28 09:49:50.000000000,99605,300,98859,300,99811,400,98579,300,99856,100,98563,100,99913,100,98467,100,99954,200,98359,100,99955,100,98238,100,100041,100,98233,100,100046,100,98169,100,100089,100,98006,100,100095,100,,
2019-06-28 09:49:51.537255258,99605,300,98903,100,99811,400,98859,300,99856,100,98579,300,99913,100,98563,100,99954,200,98467,100,99955,100,98359,100,100041,100,98238,100,100046,100,98233,100,100089,100,98169,100,100095,100,98006,100
2019-06-28 09:49:54.449700435,99605,300,98903,100,99811,400,98859,300,99913,100,98674,100,99954,200,98579,300,99955,100,98563,100,100041,100,98467,100,100046,100,98359,100,100089,100,98238,100,100095,100,98233,100,100121,100,98169,100
2019-06-28 09:50:00.000000000,99605,236,98903,236,99811,332,98859,232,99913,232,98674,232,99954,200,98579,100,99955,100,98563,100,100041,100,98467,100,100046,100,98359,100,100089,100,98238,100,100095,100,98233,100,100121,100,98169,100
2019-06-28 09:50:07.889801837,99089,100,98903,236,99605,236,98859,232,99811,332,98674,232,99913,232,98579,100,99954,200,98563,100,99955,100,98467,100,100046,100,98359,100,100089,100,98238,100,100095,100,98233,100,100121,100,98169,100
2019-06-28 09:50:10.000000000,99089,236,98903,236,99605,232,98859,232,99811,332,98674,232,99913,100,98579,100,99954,200,98563,100,99955,100,98467,100,100046,100,98359,100,100089,100,98238,100,100095,100,98233,100,100121,100,98169,100
2019-06-28 09:50:20.000000000,99089,500,98903,500,99605,100,98859,100,99811,200,98674,100,99913,100,98579,100,99954,200,98563,100,99955,100,98467,100,100046,100,98359,100,100089,100,98238,100,100095,100,98233,100,100121,100,98169,100
2019-06-28 09:50:30.000000000,99089,500,98903,500,99605,100,98859,100,99811,200,98674,100,99913,100,98579,100,99954,200,98563,100,99955,100,98467,100,100046,100,98359,100,100089,100,98238,100,100095,100,98233,100,100121,100,98169,100
2019-06-28 09:50:30.262416695,99089,500,98903,500,99605,100,98859,100,99811,200,98674,200,99913,100,98579,100,99954,200,98563,100,99955,100,98467,100,100046,100,98359,100,100089,100,98238,100,100095,100,98233,100,100121,100,98169,100
2019-06-28 09:50:32.131270140,99089,400,98903,500,99605,100,98859,100,99811,200,98674,200,99913,100,98579,100,99954,200,98563,100,99955,100,98467,100,100046,100,98359,100,100089,100,98238,100,100095,100,98233,100,100121,100,98169,100
2019-06-28 09:50:33.614285422,99089,400,98903,500,99465,100,98859,100,99605,100,98674,200,99811,200,98579,100,99913,100,98563,100,99954,200,98467,100,99955,100,98359,100,100046,100,98238,100,100089,100,98233,100,100095,100,98169,100
2019-06-28 09:50:36.564942636,99089,400,98904,100,99465,100,98903,500,99605,100,98859,100,99811,200,98674,100,99913,100,98579,100,99954,200,98563,100,99955,100,98467,100,100046,100,98359,100,100089,100,98238,100,100095,100,98233,100
2019-06-28 09:50:40.000000000,99465,500,98904,500,99605,100,98903,100,99811,200,98859,100,99913,100,98674,100,99954,200,98579,100,99955,100,98563,100,100046,100,98467,100,100089,100,98359,100,100095,100,98238,100,100121,100,98233,100
2019-06-28 09:50:50.000000000,99465,500,98904,500,99605,100,98903,100,99811,200,98859,100,99913,100,98674,100,99954,200,98579,100,99955,100,98563,100,100046,100,98467,100,100089,100,98359,100,100095,100,98238,100,100121,100,98233,100
2019-06-28 09:51:00.000000000,99465,300,98904,300,99605,300,98903,300,99811,200,98859,100,99913,100,98674,100,99954,200,98579,100,99955,100,98563,100,100046,100,98467,100,100089,100,98359,100,100095,100,98238,100,100121,100,98233,100
2019-06-28 09:51:03.298189678,99465,300,98904,300,99605,300,98903,300,99811,200,98859,100,99913,100,98674,100,99919,100,98579,100,99954,200,98563,100,99955,100,98467,100,100046,100,98359,100,100095,100,98238,100,100121,100,98233,100
2019-06-28 09:51:03.671072931,99465,300,98904,300,99605,300,98903,300,99638,100,98859,100,99811,200,98674,100,99913,100,98579,100,99919,100,98563,100,99954,200,98467,100,99955,100,98359,100,100046,100,98238,100,100095,100,98233,100
2019-06-28 09:51:10.000000000,99465,500,98904,500,99605,100,98903,100,99638,100,98859,100,99811,200,98674,100,99913,100,98579,100,99919,100,98563,100,99954,200,98467,100,99955,100,98359,100,100046,100,98238,100,100095,100,98233,100
2019-06-28 09:51:20.000000000,99465,236,98904,236,99605,232,98903,232,99638,232,98859,232,99811,200,98674,100,99913,100,98579,100,99919,100,98563,100,99954,200,98467,100,99955,100,98359,100,100046,100,98238,100,100095,100,98233,100
2019-06-28 09:51:30.000000000,99465,236,98904,236,99605,232,98903,232,99638,232,98859,232,99811,200,98674,100,99913,100,98579,100,99919,100,98563,100,99954,200,98467,100,99955,100,98359,100,100046,100,98238,100,100095,100,98233,100
2019-06-28 09:51:40.000000000,99465,200,98904,200,99605,200,98903,200,99638,200,98859,200,99811,300,98674,200,99913,100,98579,100,99919,100,98563,100,99954,200,98467,100,99955,100,98359,100,100046,100,98238,100,100095,100,98233,100
2019-06-28 09:51:45.735731673,99465,200,98904,200,99605,200,98903,100,99638,200,98859,200,99811,300,98674,200,99913,100,98579,100,99919,100,98563,100,99954,200,98467,100,99955,100,98359,100,100046,100,98238,100,100095,100,98233,100
2019-06-28 09:51:50.000000000,99465,180,98904,180,99605,180,98859,180,99638,180,98674,180,99811,280,98579,180,99913,180,98563,180,99919,100,98467,100,99954,200,98359,100,99955,100,98238,100,100046,100,98233,100,100095,100,98169,100
2019-06-28 09:52:00.000000000,99465,200,98904,200,99605,200,98859,200,99638,200,98674,200,99811,300,98579,200,99913,100,98563,100,99919,100,98467,100,99954,200,98359,100,99955,100,98238,100,100046,100,98233,100,100095,100,98169,100
2019-06-28 09:52:06.350026462,99465,100,98904,200,99605,200,98859,200,99638,200,98674,200,99811,300,98579,200,99913,100,98563,100,99919,100,98467,100,99954,200,98359,100,99955,100,98238,100,100046,100,98233,100,100095,100,98169,100
2019-06-28 09:52:10.000000000,99605,300,98904,300,99638,300,98859,300,99811,200,98674,100,99913,100,98579,100,99919,100,98563,100,99954,200,98467,100,99955,100,98359,100,100046,100,98238,100,100095,100,98233,100,100121,100,98169,100
2019-06-28 09:52:20.000000000,99605,180,98904,180,99638,180,98859,180,99811,280,98674,180,99913,180,98579,180,99919,180,98563,180,99954,200,98467,100,99955,100,98359,100,100046,100,98238,100,100095,100,98233,100,100121,100,98169,100
2019-06-28 09:52:30.000000000,99605,200,98904,200,99638,200,98859,200,99811,300,98674,200,99913,200,98579,200,99919,100,98563,100,99954,200,98467,100,99955,100,98359,100,100046,100,98238,100,100095,100,98233,100,100121,100,98169,100
2019-06-28 09:52:40.000000000,99605,300,98904,300,99638,300,98859,300,99811,200,98674,100,99913,100,98579,100,99919,100,98563,100,99954,200,98467,100,99955,100,98359,100,100046,100,98238,100,100095,100,98233,100,100121,100,98169,100
2019-06-28 09:52:50.000000000,99605,200,98904,200,99638,200,98859,200,99811,300,98674,200,99913,200,98579,200,99919,100,98563,100,99954,200,98467,100,99955,100,98359,100,100046,100,98238,100,100095,100,98233,100,100121,100,98169,100
2019-06-28 09:53:00.000000000,99605,500,98904,500,99638,100,98859,100,99811,200,98674,100,99913,100,98579,100,99919,100,98563,100,99954,200,98467,100,99955,100,98359,100,100046,100,98238,100,100095,100,98233,100,100121,100,98169,100
2019-06-28 09:53:10.000000000,99605,236,98904,236,99638,232,98859,232,99811,332,98674,232,99913,100,98579,100,99919,100,98563,100,99954,200,98467,100,99955,100,98359,100,100046,100,98238,100,100095,100,98233,100,100121,100,98169,100
2019-06-28 09:53:13.907060642,99605,136,98904,236,99638,232,98859,232,99811,332,98674,232,99913,100,98579,100,99919,100,98563,100,99954,200,98467,100,99955,100,98359,100,100046,100,98238,100,100095,100,98233,100,100121,100,98169,100
2019-06-28 09:53:17.105136234,99605,136,98904,236,99638,232,98859,232,99811,332,98674,232,99913,100,98563,100,99919,100,98467,100,99954,200,98359,100,99955,100,98238,100,100046,100,98233,100,100095,100,98169,100,100121,100,98006,100
2019-06-28 09:53:17.823709745,99605,136,99465,100,99638,232,98904,236,99811,332,98859,232,99913,100,98674,232,99919,100,98563,100,99954,200,98467,100,99955,100,98359,100,100046,100,98238,100,100095,100,98233,100,100121,100,98169,100
2019-06-28 09:53:20.000000000,99638,200,99465,200,99811,300,98904,200,99913,200,98859,200,99919,200,98674,200,99954,200,98563,100,99955,100,98467,100,100046,100,98359,100,100095,100,98238,100,100121,100,98233,100,100126,100,98169,100
2019-06-28 09:53:30.000000000,99638,300,99465,300,99811,400,98904,300,99913,100,98859,100,99919,100,98674,100,99954,200,98563,100,99955,100,98467,100,100046,100,98359,100,100095,100,98238,100,100121,100,98233,100,100126,100,98169,100
2019-06-28 09:53:40.000000000,99638,180,99465,180,99811,280,98904,180,99913,180,98859,180,99919,180,98674,180,99954,280,98563,180,99955,100,98467,100,100046,100,98359,100,100095,100,98238,100,100121,100,98233,100,100126,100,98169,100
2019-06-28 09:53:44.667864239,99638,180,99465,280,99811,280,98904,180,99913,180,98859,180,99919,180,98674,180,99954,280,98563,180,99955,100,98467,100,100046,100,98359,100,100095,100,98238,100,100121,100,98233,100,100126,100,98169,100
2019-06-28 09:53:50.000000000,99638,500,99465,600,99811,200,98904,100,99913,100,98859,100,99919,100,98674,100,99954,200,98563,100,99955,100,98467,100,100046,100,98359,100,100095,100,98238,100,100121,100,98233,100,100126,100,98169,100
2019-06-28 09:54:00.000000000,99638,180,99465,280,99811,280,98904,180,99913,180,98859,180,99919,180,98674,180,99954,280,98563,180,99955,100,98467,100,100046,100,98359,100,100095,100,98238,100,100121,100,98233,100,100126,100,98169,100
2019-06-28 09:54:10.000000000,99638,200,99465,300,99811,300,98904,200,99913,200,98859,200,99919,200,98674,200,99954,200,98563,100,99955,100,98467,100,100046,100,98359,100,100095,100,98238,100,100121,100,98233,100,100126,100,98169,100
2019-06-28 09:54:11.567717625,99638,100,99465,300,99811,300,98904,200,99913,200,98859,200,99919,200,98674,200,99954,200,98563,100,99955,100,98359,100,100046,100,98238,100,100095,100,98233,100,100121,100,98169,100,100126,100,98006,100
2019-06-28 09:54:11.857902901,99638,100,99465,300,99811,300,98904,200,99913,200,98859,200,99919,200,98674,200,99954,200,98563,100,99955,100,98359,100,100046,100,98238,100,100095,100,98233,100,100126,100,98169,100,100188,100,98006,100
2019-06-28 09:54:20.000000000,99811,300,99465,300,99913,200,98904,200,99919,200,98859,200,99954,300,98674,200,99955,100,98563,100,100046,100,98359,100,100095,100,98238,100,100126,100,98233,100,100188,100,98169,100,100308,100,98006,100
2019-06-28 09:54:28.761396317,99811,300,99605,100,99913,200,99465,300,99919,200,98904,200,99954,300,98859,200,99955,100,98674,200,100046,100,98563,100,100095,100,98359,100,100126,100,98238,100,100188,100,98233,100,100308,100,98169,100
2019-06-28 09:54:30.000000000,99811,280,99605,180,99913,180,99465,280,99919,180,98904,180,99954,280,98859,180,99955,180,98674,180,100046,100,98563,100,100095,100,98359,100,100126,100,98238,100,100188,100,98233,100,100308,100,98169,100
2019-06-28 09:54:33.437324435,99811,180,99605,180,99913,180,99465,280,99919,180,98904,180,99954,280,98859,180,99955,180,98674,180,100046,100,98563,100,100095,100,98359,100,100126,100,98238,100,100188,100,98233,100,100308,100,98169,100
2019-06-28 09:54:40.000000000,99811,500,99605,500,99913,100,99465,200,99919,100,98904,100,99954,200,98859,100,99955,100,98674,100,100046,100,98563,100,100095,100,98359,100,100126,100,98238,100,100188,100,98233,100,100308,100,98169,100
2019-06-28 09:54:45.900064755,99811,500,99605,400,99913,100,99465,200,99919,100,98904,100,99954,200,98859,100,99955,100,98674,100,100046,100,98563,100,100095,100,98359,100,100126,100,98238,100,100188,100,98233,100,100308,100,98169,100
2019-06-28 09:54:50.000000000,99811,180,99465,280,99913,180,98904,180,99919,180,98859,180,99954,280,98674,180,99955,180,98563,180,100046,100,98359,100,100095,100,98238,100,100126,100,98233,100,100188,100,98169,100,100308,100,98006,100
2019-06-28 09:55:00.000000000,99811,500,99465,600,99913,100,98904,100,99919,100,98859,100,99954,200,98674,100,99955,100,98563,100,100046,100,98359,100,100095,100,98238,100,100126,100,98233,100,100188,100,98169,100,100308,100,98006,100
2019-06-28 09:55:10.000000000,99811,180,99465,280,99913,180,98904,180,99919,180,98859,180,99954,280,98674,180,99955,180,98563,180,100046,100,98359,100,100095,100,98238,100,100126,100,98233,100,100188,100,98169,100,100308,100,98006,100
2019-06-28 09:55:20.000000000,99811,500,99465,600,99913,100,98904,100,99919,100,98859,100,99954,200,98674,100,99955,100,98563,100,100046,100,98359,100,100095,100,98238,100,100126,100,98233,100,100188,100,98169,100,100308,100,98006,100
2019-06-28 09:55:22.124093240,99811,500,99465,600,99913,100,98904,100,99919,100,98859,100,99954,200,98674,100,99955,100,98563,100,100046,100,98359,100,100095,100,98238,100,100126,100,98233,100,100143,100,98169,100,100308,100,98006,100
2019-06-28 09:55:29.686854976,99811,500,99465,600,99913,100,98904,100,99919,100,98859,100,99943,100,98674,100,99954,200,98563,100,99955,100,98359,100,100046,100,98238,100,100095,100,98233,100,100126,100,98169,100,100143,100,98006,100
2019-06-28 09:55:30.000000000,99811,236,99465,336,99913,232,98904,232,99919,232,98859,232,99943,100,98674,100,99954,200,98563,100,99955,100,98359,100,100046,100,98238,100,100095,100,98233,100,100126,100,98169,100,100143,100,98006,100
2019-06-28 09:55:32.960494634,99811,236,99465,336,99913,232,98904,232,99919,232,98859,232,99943,100,98674,100,99954,200,98563,100,99955,100,98359,100,99971,100,98238,100,100046,100,98169,100,100095,100,98006,100,100126,100,,
2019-06-28 09:55:36.931148018,99811,236,99638,100,99913,232,99465,236,99919,232,98904,232,99943,100,98859,232,99954,200,98674,100,99955,100,98563,100,99971,100,98359,100,100046,100,98238,100,100095,100,98169,100,100126,100,98006,100
2019-06-28 09:55:40.000000000,99811,200,99638,200,99913,200,99465,200,99919,200,98904,200,99943,200,98859,200,99954,200,98674,100,99955,100,98563,100,99971,100,98359,100,100046,100,98238,100,100095,100,98169,100,100126,100,98006,100
2019-06-28 09:55:50.000000000,99811,300,99638,300,99913,300,99465,300,99919,100,98904,100,99943,100,98859,100,99954,200,98674,100,99955,100,98563,100,99971,100,98359,100,100046,100,98238,100,100095,100,98169,100,100126,100,98006,100
2019-06-28 09:55:50.132615494,99811,300,99638,400,99913,300,99465,300,99919,100,98904,100,99943,100,98859,100,99954,100,98674,100,99955,100,98563,100,99971,100,98359,100,100046,100,98238,100,100095,100,98169,100,100126,100,98006,100
2019-06-28 09:55:56.139016857,99811,300,99638,300,99913,300,99465,300,99919,100,98904,100,99943,100,98859,100,99954,100,98674,100,99955,100,98563,100,99971,100,98359,100,100046,100,98238,100,100095,100,98169,100,100126,100,98006,100
2019-06-28 09:55:58.841533067,99811,200,99638,300,99913,300,99465,300,99919,100,98904,100,99943,100,98859,100,99954,100,98674,100,99955,100,98563,100,100046,100,98359,100,100095,100,98238,100,100126,100,98169,100,100143,100,98006,100
2019-06-28 09:56:00.000000000,99913,236,99638,236,99919,232,99465,232,99943,232,98904,232,99954,100,98859,100,99955,100,98674,100,100046,100,98563,100,100095,100,98359,100,100126,100,98238,100,100143,100,98169,100,100308,100,98006,100
2019-06-28 09:56:04.956091008,99913,236,99638,236,99919,232,99465,232,99943,232,98904,232,99954,100,98859,100,99955,100,98674,100,100046,100,98563,100,100095,100,98359,100,100126,100,98238,100,100143,100,98169,100,100255,100,98006,100
2019-06-28 09:56:10.000000000,99913,236,99638,236,99919,232,99465,232,99943,232,98904,232,99954,100,98859,100,99955,100,98674,100,100046,100,98563,100,100095,100,98359,100,100126,100,98238,100,100143,100,98169,100,100255,100,98006,100
2019-06-28 09:56:20.000000000,99913,236,99638,236,99919,232,99465,232,99943,232,98904,232,99954,100,98859,100,99955,100,98674,100,100046,100,98563,100,100095,100,98359,100,100126,100,98238,100,100143,100,98169,100,100255,100,98006,100
2019-06-28 09:56:20.250552613,99913,236,99638,236,99919,232,99465,232,99943,232,98904,232,99954,100,98859,100,99955,100,98674,100,100046,100,98359,100,100095,100,98238,100,100126,100,98169,100,100143,100,98006,100,100204,100,,
2019-06-28 09:56:30.000000000,99913,300,99638,300,99919,300,99465,300,99943,100,98904,100,99954,100,98859,100,99955,100,98674,100,100046,100,98359,100,100095,100,98238,100,100126,100,98169,100,100143,100,98006,100,100204,100,,
2019-06-28 09:56:39.446027820,99913,300,99638,300,99919,300,99465,300,99943,100,98904,100,99954,100,98859,100,99955,100,98674,100,100046,100,98359,100,100095,100,98238,100,100126,100,98169,100,100143,100,98006,100,100182,100,,
2019-06-28 09:56:40.000000000,99913,180,99638,180,99919,180,99465,180,99943,180,98904,180,99954,180,98859,180,99955,180,98674,180,100046,100,98359,100,100095,100,98238,100,100126,100,98169,100,100143,100,98006,100,100182,100,,
2019-06-28 09:56:45.301668696,99913,180,99638,180,99919,180,99465,80,99943,180,98904,180,99954,180,98859,180,99955,180,98674,180,100046,100,98359,100,100095,100,98238,100,100126,100,98169,100,100143,100,98006,100,100182,100,,
2019-06-28 09:56:46.094676560,99913,80,99638,180,99919,180,99465,80,99943,180,98904,180,99954,180,98859,180,99955,180,98674,180,100046,100,98359,100,100095,100,98238,100,100126,100,98169,100,100143,100,98006,100,100182,100,,
2019-06-28 09:56:50.000000000,99919,180,99638,180,99943,180,98904,180,99954,180,98859,180,99955,180,98674,180,100046,180,98359,180,100095,100,98238,100,100126,100,98169,100,100143,100,98006,100,100182,100,,,100255,100,,
2019-06-28 09:57:00.000000000,99919,236,99638,236,99943,232,98904,232,99954,232,98859,232,99955,100,98674,100,100046,100,98359,100,100095,100,98238,100,100126,100,98169,100,100143,100,98006,100,100182,100,,,100255,100,,
2019-06-28 09:57:10.000000000,99919,180,99638,180,99943,180,98904,180,99954,180,98859,180,99955,180,98674,180,100046,180,98359,180,100095,100,98238,100,100126,100,98169,100,100143,100,98006,100,100182,100,,,100255,100,,
2019-06-28 09:57:11.953674236,99919,180,99638,180,99943,180,98904,180,99954,180,98859,180,99955,180,98674,180,100046,180,98359,180,100095,100,98238,100,100126,100,98169,100,100143,100,98006,100,100182,100,,,100199,100,,
2019-06-28 09:57:20.000000000,99919,180,99638,180,99943,180,98904,180,99954,180,98859,180,99955,180,98674,180,100046,180,98359,180,100095,100,98238,100,100126,100,98169,100,100143,100,98006,100,100182,100,,,100199,100,,
2019-06-28 09:57:30.000000000,99919,180,99638,180,99943,180,98904,180,99954,180,98859,180,99955,180,98674,180,100046,180,98359,180,100095,100,98238,100,100126,100,98169,100,100143,100,98006,100,100182,100,,,100199,100,,
2019-06-28 09:57:30.377632774,99919,180,99811,100,99943,180,99638,180,99954,180,98904,180,99955,80,98859,180,100046,180,98674,180,100095,100,98359,180,100126,100,98238,100,100143,100,98169,100,100182,100,98006,100,100199,100,,
2019-06-28 09:57:30.555692904,99919,180,99811,200,99943,180,99638,180,99954,180,98904,180,99955,80,98859,180,100046,180,98674,180,100095,100,98359,180,100126,100,98238,100,100143,100,98169,100,100182,100,98006,100,100199,100,,
2019-06-28 09:57:40.000000000,99919,300,99811,400,99943,300,99638,300,99954,100,98904,100,100046,100,98859,100,100095,100,98674,100,100126,100,98359,100,100143,100,98238,100,100182,100,98169,100,100199,100,98006,100,100255,100,,
2019-06-28 09:57:50.000000000,99919,180,99811,280,99943,180,99638,180,99954,180,98904,180,100046,180,98859,180,100095,180,98674,180,100126,100,98359,100,100143,100,98238,100,100182,100,98169,100,100199,100,98006,100,100255,100,,
2019-06-28 09:57:51.774176169,99919,80,99811,280,99943,180,99638,180,99954,180,98904,180,100046,180,98859,180,100095,180,98674,180,100126,100,98359,100,100143,100,98238,100,100182,100,98169,100,100199,100,98006,100,100255,100,,
2019-06-28 09:58:00.000000000,99943,500,99811,600,99954,100,99638,100,100046,100,98904,100,100095,100,98859,100,100126,100,98674,100,100143,100,98359,100,100182,100,98238,100,100199,100,98169,100,100255,100,98006,100,100314,100,,
2019-06-28 09:58:04.223272396,99943,400,99811,600,99954,100,99638,100,100046,100,98904,100,100095,100,98859,100,100126,100,98674,100,100143,100,98359,100,100182,100,98238,100,100199,100,98169,100,100255,100,98006,100,100314,100,,
2019-06-28 09:58:06.435800711,99943,300,99811,600,99954,100,99638,100,100046,100,98904,100,100095,100,98859,100,100126,100,98674,100,100143,100,98359,100,100182,100,98238,100,100255,100,98169,100,100314,100,98006,100,100330,100,,
2019-06-28 09:58:10.000000000,99954,500,99811,600,100046,100,99638,100,100095,100,98904,100,100126,100,98859,100,100143,100,98674,100,100182,100,98359,100,100255,100,98238,100,100314,100,98169,100,100330,100,98006,100,100514,100,,
2019-06-28 09:58:11.456107032,99954,500,99943,100,100046,100,99811,600,100095,100,99638,100,100126,100,98904,100,100143,100,98859,100,100182,100,98674,100,100255,100,98359,100,100314,100,98238,100,100330,100,98169,100,100514,100,98006,100
2019-06-28 09:58:18.716511410,99954,500,99943,100,100046,100,99811,600,100095,100,99638,100,100126,100,98904,100,100143,100,98859,100,100182,100,98674,100,100255,100,98359,100,100314,100,98238,100,100330,200,98169,100,100514,100,98006,100
2019-06-28 09:58:20.000000000,99954,180,99943,180,100046,180,99811,280,100095,180,99638,180,100126,180,98904,180,100143,180,98859,180,100182,100,98674,100,100255,100,98359,100,100314,100,98238,100,100330,200,98169,100,100514,100,98006,100
2019-06-28 09:58:30.000000000,99954,500,99943,500,100046,100,99811,200,100095,100,99638,100,100126,100,98904,100,100143,100,98859,100,100182,100,98674,100,100255,100,98359,100,100314,100,98238,100,100330,200,98169,100,100514,100,98006,100
2019-06-28 09:58:37.501335422,99954,400,99943,500,100046,100,99811,200,100095,100,99638,100,100126,100,98904,100,100143,100,98859,100,100182,100,98674,100,100255,100,98359,100,100314,100,98238,100,100330,200,98169,100,100514,100,98006,100
2019-06-28 09:58:40.000000000,100046,180,99943,180,100095,180,99811,280,100126,180,99638,180,100143,180,98904,180,100182,180,98859,180,100255,100,98674,100,100314,100,98359,100,100330,200,98238,100,100514,100,98169,100,100683,100,98006,100
2019-06-28 09:58:50.000000000,100046,500,99943,500,100095,100,99811,200,100126,100,99638,100,100143,100,98904,100,100182,100,98859,100,100255,100,98674,100,100314,100,98359,100,100330,200,98238,100,100514,100,98169,100,100683,100,98006,100
2019-06-28 09:58:53.224462636,100046,500,99943,500,100095,100,99811,200,100126,100,99638,100,100143,100,98904,100,100182,100,98859,100,100255,100,98674,100,100314,100,98359,100,100330,200,98238,100,100514,100,98169,100,100599,100,98006,100
2019-06-28 09:59:00.000000000,100046,180,99943,180,100095,180,99811,280,100126,180,99638,180,100143,180,98904,180,100182,180,98859,180,100255,100,98674,100,100314,100,98359,100,100330,200,98238,100,100514,100,98169,100,100599,100,98006,100
2019-06-28 09:59:05.444993996,100046,80,99943,180,100095,180,99811,280,100126,180,99638,180,100143,180,98904,180,100182,180,98859,180,100255,100,98674,100,100314,100,98359,100,100330,200,98238,100,100514,100,98169,100,100599,100,98006,100
2019-06-28 09:59:10.000000000,100095,300,99943,300,100126,300,99811,400,100143,100,99638,100,100182,100,98904,100,100255,100,98859,100,100314,100,98674,100,100330,200,98359,100,100514,100,98238,100,100599,100,98169,100,100683,100,98006,100
2019-06-28 09:59:20.000000000,100095,500,99943,500,100126,100,99811,200,100143,100,99638,100,100182,100,98904,100,100255,100,98859,100,100314,100,98674,100,100330,200,98359,100,100514,100,98238,100,100599,100,98169,100,100683,100,98006,100
2019-06-28 09:59:30.000000000,100095,500,99943,500,100126,100,99811,200,100143,100,99638,100,100182,100,98904,100,100255,100,98859,100,100314,100,98674,100,100330,200,98359,100,100514,100,98238,100,100599,100,98169,100,100683,100,98006,100
2019-06-28 09:59:37.666374188,100095,500,99943,500,100126,100,99811,200,100143,100,99638,100,100182,100,98904,100,100255,100,98859,100,100314,100,98674,100,100330,200,98359,100,100514,100,98238,100,100599,100,98169,100,100683,100,98006,100
2019-06-28 09:59:40.000000000,100095,236,99943,236,100126,232,99811,332,100143,232,99638,232,100182,100,98904,100,100255,100,98859,100,100314,100,98674,100,100330,200,98359,100,100514,100,98238,100,100599,100,98169,100,100683,100,98006,100
2019-06-28 09:59:45.284520223,100095,136,99943,236,100126,232,99811,332,100143,232,99638,232,100182,100,98904,100,100255,100,98859,100,100314,100,98674,100,100330,200,98359,100,100514,100,98238,100,100599,100,98169,100,100683,100,98006,100
2019-06-28 09:59:48.193550794,100095,136,99943,236,100126,232,99811,332,100143,232,99638,232,100182,100,98904,100,100255,100,98859,100,100314,100,98674,100,100330,200,98359,100,100375,100,98238,100,100514,100,98169,100,100599,100,98006,100
2019-06-28 09:59:50.000000000,100126,200,99943,200,100143,200,99811,300,100182,200,99638,200,100255,200,98904,200,100314,100,98859,100,100330,200,98674,100,100375,100,98359,100,100514,100,98238,100,100599,100,98169,100,100683,100,98006,100
2019-06-28 09:59:50.226734401,100126,100,99943,200,100143,100,99811,300,100182,200,99638,200,100255,200,98904,200,100314,100,98859,100,100330,200,98674,100,100375,100,98359,100,100514,100,98238,100,100599,100,98169,100,100683,100,98006,100
2019-06-28 10:00:00.000000000,100182,300,99943,300,100255,300,99811,400,100314,100,99638,100,100330,200,98904,100,100375,100,98859,100,100514,100,98674,100,100599,100,98359,100,100683,100,98238,100,,,98169,100,,,98006,100
2019-06-28 10:00:04.430223356,100182,300,99943,300,100255,300,99811,400,100314,100,99638,100,100330,200,98904,100,100375,100,98859,100,100514,100,98674,100,100567,100,98359,100,100599,100,98238,100,,,98169,100,,,98006,100
2019-06-28 10:00:10.000000000,100182,236,99943,236,100255,232,99811,332,100314,232,99638,232,100330,200,98904,100,100375,100,98859,100,100514,100,98674,100,100567,100,98359,100,100599,100,98238,100,,,98169,100,,,98006,100
2019-06-28 10:00:10.790582826,100182,236,99943,236,100255,232,99811,332,100314,232,99638,232,100330,200,98904,100,100375,100,98859,100,100449,100,98674,100,100514,100,98359,100,100567,100,98238,100,100599,100,98169,100,,,98006,100
2019-06-28 10:00:20.000000000,100182,180,99943,180,100255,180,99811,280,100314,180,99638,180,100330,280,98904,180,100375,180,98859,180,100449,100,98674,100,100514,100,98359,100,100567,100,98238,100,100599,100,98169,100,,,98006,100
2019-06-28 10:00:30.000000000,100182,500,99943,500,100255,100,99811,200,100314,100,99638,100,100330,200,98904,100,100375,100,98859,100,100449,100,98674,100,100514,100,98359,100,100567,100,98238,100,100599,100,98169,100,,,98006,100
2019-06-28 10:00:40.000000000,100182,180,99943,180,100255,180,99811,280,100314,180,99638,180,100330,280,98904,180,100375,180,98859,180,100449,100,98674,100,100514,100,98359,100,100567,100,98238,100,100599,100,98169,100,,,98006,100
2019-06-28 10:00:50.000000000,100182,200,99943,200,100255,200,99811,300,100314,200,99638,200,100330,300,98904,200,100375,100,98859,100,100449,100,98674,100,100514,100,98359,100,100567,100,98238,100,100599,100,98169,100,,,98006,100
2019-06-28 10:00:54.231159169,100182,100,99943,200,100255,200,99811,300,100314,200,99638,200,100330,300,98904,200,100375,100,98674,100,100449,100,98359,100,100514,100,98238,100,100567,100,98169,100,100599,100,98006,100,,,,
2019-06-28 10:01:00.000000000,100255,180,99943,180,100314,180,99811,280,100330,280,99638,180,100375,180,98904,180,100449,180,98674,180,100514,100,98359,100,100567,100,98238,100,100599,100,98169,100,,,98006,100,,,,
2019-06-28 10:01:01.680883948,100255,80,99943,180,100314,180,99811,280,100330,280,99638,180,100375,180,98904,180,100449,180,98674,180,100514,100,98359,100,100567,100,98238,100,100599,100,98169,100,,,98006,100,,,,
2019-06-28 10:01:06.186906628,100314,180,100255,20,100330,280,99943,180,100375,180,99811,280,100449,180,99638,180,100514,100,98904,180,100567,100,98674,180,100599,100,98359,100,,,98238,100,,,98169,100,,,98006,100
2019-06-28 10:01:10.000000000,100314,200,100255,120,100330,300,99943,200,100375,200,99811,300,100449,200,99638,200,100514,100,98904,100,100567,100,98674,100,100599,100,98359,100,,,98238,100,,,98169,100,,,98006,100
2019-06-28 10:01:14.190652989,100314,100,100255,120,100330,300,99943,200,100375,200,99811,300,100449,200,99638,200,100514,100,98904,100,100567,100,98674,100,100599,100,98359,100,,,98238,100,,,98169,100,,,98006,100
2019-06-28 10:01:20.000000000,100330,336,100255,156,100375,232,99943,232,100449,232,99811,332,100514,100,99638,100,100567,100,98904,100,100599,100,98674,100,,,98359,100,,,98238,100,,,98169,100,,,98006,100
2019-06-28 10:01:23.444455492,100330,336,100255,156,100375,232,99943,232,100449,332,99811,332,100514,100,99638,100,100567,100,98904,100,100599,100,98674,100,,,98359,100,,,98238,100,,,98169,100,,,98006,100
2019-06-28 10:01:25.716534067,100330,336,100255,156,100375,232,99943,232,100398,100,99811,332,100449,332,99638,100,100514,100,98904,100,100567,100,98674,100,100599,100,98359,100,,,98238,100,,,98169,100,,,98006,100
2019-06-28 10:01:30.000000000,100330,300,100255,120,100375,200,99943,200,100398,200,99811,300,100449,300,99638,200,100514,100,98904,100,100567,100,98674,100,100599,100,98359,100,,,98238,100,,,98169,100,,,98006,100
2019-06-28 10:01:40.000000000,100330,600,100255,420,100375,100,99943,100,100398,100,99811,200,100449,200,99638,100,100514,100,98904,100,100567,100,98674,100,100599,100,98359,100,,,98238,100,,,98169,100,,,98006,100
2019-06-28 10:01:50.000000000,100330,280,100255,100,100375,180,99943,180,100398,180,99811,280,100449,280,99638,180,100514,180,98904,180,100567,100,98674,100,100599,100,98359,100,,,98238,100,,,98169,100,,,98006,100
2019-06-28 10:01:59.134591148,100330,280,100256,100,100375,180,100255,100,100398,180,99943,180,100449,280,99811,280,100514,180,99638,180,100567,100,98904,180,100599,100,98674,100,,,98359,100,,,98238,100,,,98169,100
2019-06-28 10:02:00.000000000,100330,400,100256,300,100375,300,100255,220,100398,100,99943,100,100449,200,99811,200,100514,100,99638,100,100567,100,98904,100,100599,100,98674,100,,,98359,100,,,98238,100,,,98169,100
2019-06-28 10:02:10.000000000,100330,400,100256,300,100375,300,100255,220,100398,100,99943,100,100449,200,99811,200,100514,100,99638,100,100567,100,98904,100,100599,100,98674,100,,,98359,100,,,98238,100,,,98169,100
2019-06-28 10:02:10.720430705,100330,400,100256,400,100375,300,100255,220,100398,100,99943,100,100449,200,99811,200,100514,100,99638,100,100567,100,98904,100,100599,100,98674,100,,,98359,100,,,98238,100,,,98169,100
2019-06-28 10:02:13.191529749,100330,400,100256,400,100375,300,100255,220,100398,100,99943,100,100449,200,99811,200,100514,100,99638,100,100567,100,98904,100,100599,100,98674,100,101133,100,98359,100,,,98238,100,,,98169,100
2019-06-28 10:02:20.000000000,100330,400,100256,400,100375,300,100255,220,100398,100,99943,100,100449,200,99811,200,100514,100,99638,100,100567,100,98904,100,100599,100,98674,100,101133,100,98359,100,,,98238,100,,,98169,100
2019-06-28 10:02:23.505726571,100330,400,100256,500,100375,300,100255,220,100398,100,99943,100,100449,200,99811,200,100514,100,99638,100,100567,100,98904,100,100599,100,98674,100,101133,100,98359,100,,,98238,100,,,98169,100
2019-06-28 10:02:26.292030572,100330,400,100256,500,100375,300,100255,220,100398,100,99943,100,100449,200,99811,200,100514,100,99638,100,100567,100,98904,100,100599,100,98674,100,101133,100,98359,100,,,98238,100,,,98169,100
2019-06-28 10:02:30.000000000,100330,600,100256,700,100375,100,100255,20,100398,100,99943,100,100449,200,99811,200,100514,100,99638,100,100567,100,98904,100,100599,100,98674,100,101133,100,98359,100,,,98238,100,,,98169,100
2019-06-28 10:02:40.000000000,100330,400,100256,500,100375,300,100255,220,100398,100,99943,100,100449,200,99811,200,100514,100,99638,100,100567,100,98904,100,100599,100,98674,100,101133,100,98359,100,,,98238,100,,,98169,100
2019-06-28 10:02:50.000000000,100330,300,100256,400,100375,200,100255,120,100398,200,99943,200,100449,300,99811,300,100514,100,99638,100,100567,100,98904,100,100599,100,98674,100,101133,100,98359,100,,,98238,100,,,98169,100
2019-06-28 10:02:58.377837644,100330,200,100256,400,100375,200,100255,120,100398,200,99943,200,100449,300,99811,300,100514,100,99638,100,100567,100,98904,100,100599,100,98674,100,101133,100,98359,100,,,98238,100,,,98169,100
2019-06-28 10:03:00.000000000,100330,500,100256,700,100375,100,100255,20,100398,100,99943,100,100449,200,99811,200,100514,100,99638,100,100567,100,98904,100,100599,100,98674,100,101133,100,98359,100,,,98238,100,,,98169,100
2019-06-28 10:03:00.650839240,100330,500,100256,700,100375,100,100255,20,100398,100,99943,100,100449,200,99811,100,100514,100,99638,100,100567,100,98904,100,100599,100,98674,100,101133,100,98359,100,,,98238,100,,,98169,100
2019-06-28 10:03:08.847666199,100330,400,100256,700,100375,100,100255,20,100398,100,99943,100,100449,200,99811,100,100514,100,99638,100,100567,100,98904,100,100599,100,98674,100,101133,100,98359,100,,,98238,100,,,98169,100
2019-06-28 10:03:10.000000000,100375,200,100256,400,100398,200,100255,120,100449,300,99943,200,100514,200,99811,200,100567,100,99638,100,100599,100,98904,100,101133,100,98674,100,,,98359,100,,,98238,100,,,98169,100
2019-06-28 10:03:17.825396942,100375,100,100256,400,100398,200,100255,100,100449,300,99943,200,100514,200,99811,200,100567,100,99638,100,100599,100,98904,100,101133,100,98674,100,,,98359,100,,,98238,100,,,98169,100
2019-06-28 10:03:18.744996482,100398,200,100256,400,100449,300,100255,100,100514,200,99943,200,100567,100,99811,200,100599,100,99638,100,101133,100,98904,100,,,98674,100,,,98359,100,,,98238,100,,,98169,100
2019-06-28 10:03:20.000000000,100398,500,100256,700,100449,200,99943,100,100514,100,99811,100,100567,100,99638,100,100599,100,98904,100,101133,100,98674,100,,,98359,100,,,98238,100,,,98169,100,,,98006,100
2019-06-28 10:03:30.000000000,100398,200,100256,400,100449,300,99943,200,100514,200,99811,200,100567,200,99638,200,100599,100,98904,100,101133,100,98674,100,,,98359,100,,,98238,100,,,98169,100,,,98006,100
2019-06-28 10:03:30.285370157,100398,200,100256,400,100449,300,99943,200,100514,200,99811,200,100550,100,99638,200,100567,200,98904,100,100599,100,98674,100,101133,100,98359,100,,,98238,100,,,98169,100,,,98006,100
2019-06-28 10:03:33.494060170,100398,200,100375,100,100449,300,100256,400,100514,200,99943,200,100550,100,99811,200,100567,200,99638,100,100599,100,98904,100,101133,100,98674,100,,,98359,100,,,98238,100,,,98169,100
2019-06-28 10:03:33.845994167,100398,100,100375,100,100449,300,100256,400,100514,200,99943,200,100550,100,99811,200,100567,200,99638,100,100599,100,98904,100,101133,100,98674,100,,,98359,100,,,98238,100,,,98169,100
2019-06-28 10:03:39.438031605,100398,100,100376,100,100449,300,100375,100,100514,200,100256,400,100550,100,99943,200,100567,200,99811,200,100599,100,99638,100,101133,100,98904,100,,,98359,100,,,98238,100,,,98169,100
2019-06-28 10:03:40.000000000,100449,336,100376,236,100514,232,100375,232,100550,232,100256,432,100567,100,99943,100,100599,100,99811,100,101133,100,98904,100,,,98359,100,,,98238,100,,,98169,100,,,98006,100
2019-06-28 10:03:50.000000000,100449,300,100376,200,100514,200,100375,200,100550,200,100256,400,100567,200,99943,200,100599,100,99811,100,101133,100,98904,100,,,98359,100,,,98238,100,,,98169,100,,,98006,100
2019-06-28 10:03:52.111991314,100449,300,100415,100,100514,200,100376,200,100550,200,100375,200,100567,200,100256,400,100599,100,99943,200,101133,100,99811,100,,,98904,100,,,98359,100,,,98238,100,,,98169,100
2019-06-28 10:03:59.995127344,100449,200,100415,100,100514,200,100376,200,100550,200,100375,200,100567,200,100256,400,100599,100,99943,200,101133,100,99811,100,,,98904,100,,,98359,100,,,98238,100,,,98169,100
2019-06-28 10:04:00.000000000,100449,180,100415,180,100514,180,100376,180,100550,180,100375,180,100567,180,100256,380,100599,180,99943,180,101133,100,99811,100,,,98904,100,,,98359,100,,,98238,100,,,98169,100
2019-06-28 10:04:09.585776532,100449,180,100415,180,100514,180,100376,180,100550,180,100375,180,100567,180,100256,280,100599,180,99943,180,101133,100,99811,100,,,98904,100,,,98359,100,,,98238,100,,,98169,100
2019-06-28 10:04:10.000000000,100449,300,100415,300,100514,300,100376,300,100550,100,100375,100,100567,100,100256,200,100599,100,99943,100,101133,100,99811,100,,,98904,100,,,98359,100,,,98238,100,,,98169,100
2019-06-28 10:04:16.523209011,100448,100,100415,300,100449,300,100376,300,100514,300,100375,100,100550,100,100256,200,100567,100,99811,100,100599,100,98904,100,101133,100,98359,100,,,98238,100,,,98169,100,,,98006,100
2019-06-28 10:04:20.000000000,100448,300,100415,300,100449,300,100376,300,100514,100,100375,100,100550,100,100256,200,100567,100,99811,100,100599,100,98904,100,101133,100,98359,100,,,98238,100,,,98169,100,,,98006,100
2019-06-28 10:04:29.042555773,100448,200,100415,300,100449,300,100376,300,100514,100,100375,100,100550,100,100256,200,100567,100,99811,100,100599,100,98904,100,101133,100,98359,100,,,98238,100,,,98169,100,,,98006,100
2019-06-28 10:04:30.000000000,100449,200,100415,200,100514,200,100376,200,100550,200,100375,200,100567,200,100256,300,100599,100,99811,100,101133,100,98904,100,,,98359,100,,,98238,100,,,98169,100,,,98006,100
2019-06-28 10:04:40.000000000,100449,300,100415,300,100514,300,100376,300,100550,100,100375,100,100567,100,100256,200,100599,100,99811,100,101133,100,98904,100,,,98359,100,,,98238,100,,,98169,100,,,98006,100
2019-06-28 10:04:50.000000000,100449,300,100415,300,100514,300,100376,300,100550,100,100375,100,100567,100,100256,200,100599,100,99811,100,101133,100,98904,100,,,98359,100,,,98238,100,,,98169,100,,,98006,100
2019-06-28 10:05:00.000000000,100449,180,100415,180,100514,180,100376,180,100550,180,100375,180,100567,180,100256,280,100599,180,99811,180,101133,100,98904,100,,,98359,100,,,98238,100,,,98169,100,,,98006,100
2019-06-28 10:05:07.058319941,100449,180,100415,180,100514,80,100376,180,100550,180,100375,180,100567,180,100264,100,100599,180,100256,280,101133,100,99811,180,,,98904,100,,,98359,100,,,98238,100,,,98169,100
2019-06-28 10:05:10.000000000,100449,500,100415,500,100550,100,100376,100,100567,100,100375,100,100599,100,100264,100,101133,100,100256,200,,,99811,100,,,98904,100,,,98359,100,,,98238,100,,,98169,100
2019-06-28 10:05:20.000000000,100449,300,100415,300,100550,300,100376,300,100567,100,100375,100,100599,100,100264,100,101133,100,100256,200,,,99811,100,,,98904,100,,,98359,100,,,98238,100,,,98169,100
2019-06-28 10:05:30.000000000,100449,300,100415,300,100550,300,100376,300,100567,100,100375,100,100599,100,100264,100,101133,100,100256,200,,,99811,100,,,98904,100,,,98359,100,,,98238,100,,,98169,100
2019-06-28 10:05:40.000000000,100449,236,100415,236,100550,232,100376,232,100567,232,100375,232,100599,100,100264,100,101133,100,100256,200,,,99811,100,,,98904,100,,,98359,100,,,98238,100,,,98169,100
2019-06-28 10:05:40.386666497,100449,236,100415,236,100550,232,100376,232,100567,232,100375,232,100599,100,100264,100,100803,100,100256,200,101133,100,99811,100,,,98904,100,,,98359,100,,,98238,100,,,98169,100
2019-06-28 10:05:46.548996486,100449,236,100415,236,100550,232,100376,232,100567,232,100375,232,100599,100,100264,100,100803,100,100256,200,101055,100,99811,100,101133,100,98904,100,,,98359,100,,,98238,100,,,98169,100
2019-06-28 10:05:50.000000000,100449,180,100415,180,100550,180,100376,180,100567,180,100375,180,100599,180,100264,180,100803,180,100256,280,101055,100,99811,100,101133,100,98904,100,,,98359,100,,,98238,100,,,98169,100
2019-06-28 10:06:00.000000000,100449,200,100415,200,100550,200,100376,200,100567,200,100375,200,100599,200,100264,200,100803,100,100256,200,101055,100,99811,100,101133,100,98904,100,,,98359,100,,,98238,100,,,98169,100
2019-06-28 10:06:01.584517633,100449,100,100415,200,100550,200,100376,200,100567,200,100375,200,100599,200,100264,200,100803,100,100256,200,101055,100,99811,100,101133,100,98904,100,,,98359,100,,,98238,100,,,98169,100
2019-06-28 10:06:10.000000000,100550,500,100415,500,100567,100,100376,100,100599,100,100375,100,100803,100,100264,100,101055,100,100256,200,101133,100,99811,100,,,98904,100,,,98359,100,,,98238,100,,,98169,100
2019-06-28 10:06:18.853090489,100550,400,100415,500,100567,100,100376,100,100599,100,100375,100,100803,100,100264,100,101055,100,100256,200,101133,100,99811,100,,,98904,100,,,98359,100,,,98238,100,,,98169,100
2019-06-28 10:06:20.000000000,100567,236,100415,236,100599,232,100376,232,100803,232,100375,232,101055,100,100264,100,101133,100,100256,200,,,99811,100,,,98904,100,,,98359,100,,,98238,100,,,98169,100
2019-06-28 10:06:30.000000000,100567,236,100415,236,100599,232,100376,232,100803,232,100375,232,101055,100,100264,100,101133,100,100256,200,,,99811,100,,,98904,100,,,98359,100,,,98238,100,,,98169,100
2019-06-28 10:06:40.000000000,100567,500,100415,500,100599,100,100376,100,100803,100,100375,100,101055,100,100264,100,101133,100,100256,200,,,99811,100,,,98904,100,,,98359,100,,,98238,100,,,98169,100
2019-06-28 10:06:44.630560806,100567,500,100415,500,100599,100,100376,100,100803,100,100375,100,100838,100,100264,100,101055,100,100256,200,101133,100,99811,100,,,98904,100,,,98359,100,,,98238,100,,,98169,100
2019-06-28 10:06:45.765265142,100567,400,100415,500,100599,100,100376,100,100803,100,100375,100,100838,100,100264,100,101055,100,100256,200,101133,100,99811,100,,,98904,100,,,98359,100,,,98238,100,,,98169,100
