,ask_price_1,ask_size_1,bid_price_1,bid_size_1,ask_price_2,ask_size_2,bid_price_2,bid_size_2,ask_price_3,ask_size_3,bid_price_3,bid_size_3,ask_price_4,ask_size_4,bid_price_4,bid_size_4,ask_price_5,ask_size_5,bid_price_5,bid_size_5,ask_price_6,ask_size_6,bid_price_6,bid_size_6,ask_price_7,ask_size_7,bid_price_7,bid_size_7,ask_price_8,ask_size_8,bid_price_8,bid_size_8,ask_price_9,ask_size_9,bid_price_9,bid_size_9,ask_price_10,ask_size_10,bid_price_10,bid_size_10
2019-06-28 09:30:00.000000000,99925,100,,,,,,,,,,,,,,,,,,,,,,,,,,,,,,,,,,,,,,
2019-06-28 09:30:00.000000002,99925,100,,,100065,100,,,,,,,,,,,,,,,,,,,,,,,,,,,,,,,,,,
2019-06-28 09:30:00.000000003,100065,100,,,,,,,,,,,,,,,,,,,,,,,,,,,,,,,,,,,,,,
2019-06-28 09:30:00.000000006,100065,100,,,,,,,,,,,,,,,,,,,,,,,,,,,,,,,,,,,,,,
2019-06-28 09:30:00.000000007,100065,100,,,100092,100,,,,,,,,,,,,,,,,,,,,,,,,,,,,,,,,,,
2019-06-28 09:30:00.000000009,100028,100,,,100065,100,,,100092,100,,,,,,,,,,,,,,,,,,,,,,,,,,,,,,
2019-06-28 09:30:00.000000010,100028,100,,,100053,100,,,100065,100,,,100092,100,,,100194,100,,,,,,,,,,,,,,,,,,,,,,
2019-06-28 09:30:00.000000011,100028,100,100005,100,100053,100,,,100065,100,,,100092,100,,,100194,100,,,,,,,,,,,,,,,,,,,,,,
2019-06-28 09:30:00.000000012,100028,100,100005,100,100053,100,99860,100,100065,100,,,100092,100,,,100194,100,,,,,,,,,,,,,,,,,,,,,,
2019-06-28 09:30:00.000000013,100028,100,100005,100,100053,100,99860,100,100054,100,,,100065,100,,,100092,100,,,100194,100,,,,,,,,,,,,,,,,,,
2019-06-28 09:30:00.000000016,100028,100,100005,100,100053,100,99936,100,100054,100,99860,100,100065,100,,,100092,100,,,100194,100,,,,,,,,,,,,,,,,,,
2019-06-28 09:30:00.000000017,100053,100,100005,100,100054,100,99936,100,100065,100,99860,100,100092,100,,,100194,100,,,,,,,,,,,,,,,,,,,,,,
2019-06-28 09:30:00.000000019,100053,100,100005,100,100054,100,99936,100,100065,100,99867,100,100092,100,99860,100,100170,100,,,100194,100,,,,,,,,,,,,,,,,,,
2019-06-28 09:30:00.000000022,100053,100,99936,100,100054,100,99867,100,100065,100,99860,100,100092,100,,,100170,100,,,100194,100,,,,,,,,,,,,,,,,,,
2019-06-28 09:30:00.000000024,100053,100,99936,100,100054,100,99897,100,100065,100,99867,100,100092,100,99860,100,100170,100,,,100194,100,,,,,,,,,,,,,,,,,,
2019-06-28 09:30:00.000000029,100053,100,99936,100,100054,100,99897,100,100065,100,99867,100,100092,100,99863,100,100170,100,99860,100,100194,100,,,,,,,,,,,,,,,,,,
2019-06-28 09:30:00.000000030,100053,100,100005,100,100054,100,99936,100,100065,100,99897,100,100092,100,99867,100,100170,100,99863,100,100194,100,99860,100,,,,,,,,,,,,,,,,
2019-06-28 09:30:00.000000031,100053,100,100005,100,100054,100,99936,100,100065,100,99897,100,100084,100,99867,100,100092,100,99863,100,100170,100,99860,100,100194,100,,,,,,,,,,,,,,
2019-06-28 09:30:00.000000035,100028,100,100005,200,100053,100,99936,100,100054,100,99897,100,100065,100,99867,100,100084,100,99863,100,100092,100,99860,100,100170,100,,,100194,100,,,,,,,,,,
2019-06-28 09:30:00.000000037,100028,100,100005,200,100053,100,99974,100,100054,100,99936,100,100065,100,99897,100,100084,100,99867,100,100092,100,99863,100,100170,100,99860,100,100194,100,,,,,,,,,,
2019-06-28 09:30:00.000000038,100028,100,100005,200,100053,100,99974,100,100054,100,99936,100,100065,100,99897,100,100068,100,99867,100,100084,100,99863,100,100092,100,99860,100,100170,100,99819,100,100194,100,,,,,,
2019-06-28 09:30:00.000000040,100028,100,100005,200,100053,100,99974,100,100054,100,99936,100,100065,100,99897,100,100068,100,99867,100,100084,100,99863,100,100092,100,99860,100,100113,100,99819,100,100170,100,,,100194,100,,
2019-06-28 09:30:00.000000041,100028,100,100005,200,100053,100,99974,100,100054,100,99936,100,100065,100,99897,100,100068,100,99867,100,100084,100,99863,100,100092,100,99860,100,100113,100,99819,100,100122,100,,,100170,100,,
2019-06-28 09:30:00.000000042,100028,100,100005,200,100053,100,99974,100,100054,100,99936,100,100065,100,99897,100,100068,100,99879,100,100084,100,99867,100,100092,100,99863,100,100113,100,99860,100,100122,100,99819,100,100170,100,,
2019-06-28 09:30:00.000000045,100028,100,100005,100,100053,100,99974,100,100054,100,99936,100,100065,100,99897,100,100068,100,99883,100,100084,100,99879,100,100092,100,99867,100,100113,100,99863,100,100122,100,99860,100,100170,100,99819,100
2019-06-28 09:30:00.000000046,100028,100,100005,100,100053,100,99974,100,100054,100,99936,100,100065,100,99897,100,100068,100,99883,100,100084,100,99879,100,100092,100,99867,100,100113,100,99863,100,100122,100,99860,100,100160,100,99819,100
2019-06-28 09:30:00.000000048,100028,100,100005,100,100053,100,99996,100,100054,100,99974,100,100065,100,99936,100,100068,100,99897,100,100084,100,99883,100,100092,100,99879,100,100113,100,99867,100,100122,100,99863,100,100160,100,99860,100
2019-06-28 09:30:00.000000053,100028,100,99996,100,100053,100,99974,100,100054,100,99936,100,100065,100,99897,100,100068,100,99883,100,100084,100,99879,100,100092,100,99867,100,100094,100,99863,100,100113,100,99860,100,100122,100,99819,100
2019-06-28 09:30:00.000000054,100028,100,99996,100,100053,100,99974,100,100054,100,99936,100,100065,100,99897,100,100068,100,99888,100,100084,100,99883,100,100092,100,99879,100,100094,100,99867,100,100113,100,99863,100,100122,100,99860,100
2019-06-28 09:30:00.000000056,100053,100,99996,100,100054,100,99974,100,100065,100,99936,100,100068,100,99897,100,100084,100,99888,100,100092,100,99883,100,100094,100,99879,100,100113,100,99867,100,100122,100,99863,100,100160,100,99860,100
2019-06-28 09:30:00.000000059,100053,100,99974,100,100054,100,99936,100,100065,100,99897,100,100068,100,99888,100,100084,100,99883,100,100092,100,99879,100,100094,100,99867,100,100113,100,99863,100,100122,100,99860,100,100160,100,99819,100
2019-06-28 09:30:00.000000060,100053,100,99974,100,100054,100,99942,100,100065,100,99936,100,100068,100,99897,100,100084,100,99888,100,100092,100,99883,100,100094,100,99879,100,100113,100,99867,100,100122,100,99863,100,100160,100,99860,100
2019-06-28 09:30:00.000000061,100053,100,99974,100,100054,100,99942,100,100065,100,99936,100,100068,100,99897,100,100084,100,99888,100,100092,100,99883,100,100094,100,99879,100,100113,100,99867,100,100122,100,99863,100,100160,100,99860,100
2019-06-28 09:30:00.000000062,100005,100,99974,100,100053,100,99942,100,100054,100,99936,100,100065,100,99897,100,100068,100,99888,100,100084,100,99883,100,100092,100,99879,100,100094,100,99867,100,100113,100,99863,100,100122,100,99860,100
2019-06-28 09:30:00.000000066,100005,100,99974,100,100053,100,99942,100,100054,100,99936,100,100065,100,99897,100,100068,100,99888,100,100084,100,99883,100,100092,100,99879,100,100094,100,99867,100,100113,100,99863,200,100122,100,99860,100
2019-06-28 09:30:00.000000068,100005,100,99974,100,100028,100,99942,100,100053,100,99936,100,100054,100,99897,100,100060,100,99888,100,100065,100,99883,100,100068,100,99879,100,100084,100,99867,100,100092,100,99863,200,100094,100,99860,100
2019-06-28 09:30:00.000000070,100005,100,99974,100,100028,100,99942,100,100053,100,99936,100,100054,100,99897,100,100060,100,99888,100,100065,100,99883,100,100068,100,99879,100,100084,100,99867,100,100092,100,99863,200,100094,100,99860,100
2019-06-28 09:30:00.000000072,100005,100,99974,100,100028,200,99942,100,100053,100,99936,100,100054,100,99905,100,100060,100,99897,100,100065,100,99888,100,100068,100,99883,100,100084,100,99879,100,100092,100,99867,100,100094,100,99863,200
2019-06-28 09:30:00.000000082,100005,100,99974,100,100028,300,99942,100,100053,100,99936,100,100054,100,99905,100,100060,100,99897,100,100065,100,99888,100,100068,100,99883,100,100084,100,99879,100,100092,100,99867,100,100094,100,99863,200
2019-06-28 09:30:00.000000087,100005,100,99974,100,100026,100,99960,100,100028,400,99942,100,100053,100,99936,100,100054,100,99905,100,100060,100,99897,100,100065,100,99888,100,100068,100,99883,100,100084,100,99879,100,100092,100,99867,100
2019-06-28 09:30:00.000000089,100005,100,99974,100,100026,100,99960,100,100028,400,99942,100,100053,100,99936,100,100054,100,99905,100,100056,100,99897,100,100060,100,99888,100,100065,100,99883,100,100068,100,99879,100,100084,100,99867,100
2019-06-28 09:30:00.000000091,100005,100,99996,100,100026,100,99974,100,100028,400,99960,100,100053,100,99942,100,100054,100,99936,100,100056,100,99905,100,100060,100,99897,100,100065,100,99888,100,100068,100,99883,100,100084,100,99879,100
2019-06-28 09:30:00.000000094,100005,100,99974,100,100026,100,99960,100,100028,400,99942,100,100053,100,99936,100,100054,100,99905,100,100056,100,99897,100,100060,100,99888,100,100065,100,99883,100,100068,100,99879,100,100084,100,99867,100
2019-06-28 09:30:00.000000097,100005,100,99974,100,100025,100,99960,100,100026,100,99958,100,100028,400,99942,100,100053,100,99936,100,100054,100,99932,100,100056,100,99905,100,100060,100,99897,100,100065,100,99888,100,100068,100,99883,100
2019-06-28 09:30:10.000000000,100005,582,99974,582,100025,100,99960,100,100026,100,99958,100,100028,400,99942,100,100053,100,99936,100,100054,100,99932,100,100056,100,99905,100,100060,100,99897,100,100065,100,99888,100,100068,100,99883,100
2019-06-28 09:30:20.000000000,100005,220,99974,220,100025,220,99960,220,100026,220,99958,220,100028,520,99942,220,100053,100,99936,100,100054,100,99932,100,100056,100,99905,100,100060,100,99897,100,100065,100,99888,100,100068,100,99883,100
2019-06-28 09:30:20.720365445,100005,220,99974,220,100025,220,99960,220,100026,220,99958,220,100028,520,99942,220,100053,100,99936,100,100054,100,99932,100,100056,100,99905,100,100060,100,99897,100,100065,100,99888,100,100068,100,99883,100
2019-06-28 09:30:22.750964436,100005,220,99974,220,100025,220,99960,220,100026,220,99958,220,100028,520,99942,220,100053,100,99936,100,100054,100,99932,100,100056,100,99897,100,100060,100,99888,100,100065,100,99883,100,100068,100,99879,100
2019-06-28 09:30:26.662840242,100005,220,99974,220,100025,220,99960,220,100026,220,99958,220,100028,520,99942,220,100053,100,99936,100,100054,100,99932,100,100056,100,99897,100,100060,100,99888,100,100065,100,99883,100,100068,100,99879,100
2019-06-28 09:30:30.000000000,100005,582,99974,582,100025,100,99960,100,100026,100,99958,100,100028,400,99942,100,100053,100,99936,100,100054,100,99932,100,100056,100,99897,100,100060,100,99888,100,100065,100,99883,100,100068,100,99879,100
2019-06-28 09:30:32.872287184,100005,482,99974,582,100025,100,99960,100,100026,100,99958,100,100028,400,99942,100,100053,100,99936,100,100054,100,99932,100,100056,100,99897,100,100060,100,99888,100,100065,100,99883,100,100068,100,99879,100
2019-06-28 09:30:40.000000000,100025,264,99974,264,100026,259,99960,259,100028,559,99958,259,100053,100,99942,100,100054,100,99936,100,100056,100,99932,100,100060,100,99897,100,100065,100,99888,100,100068,100,99883,100,100091,100,99879,100
2019-06-28 09:30:48.280532445,100025,264,99974,264,100026,259,99960,259,100028,459,99958,259,100053,100,99942,100,100054,100,99936,100,100056,100,99932,100,100060,100,99897,100,100065,100,99888,100,100068,100,99883,100,100091,100,99879,100
2019-06-28 09:30:50.000000000,100025,341,99974,341,100026,341,99960,341,100028,300,99958,100,100053,100,99942,100,100054,100,99936,100,100056,100,99932,100,100060,100,99897,100,100065,100,99888,100,100068,100,99883,100,100091,100,99879,100
2019-06-28 09:30:58.446200199,100025,241,99974,341,100026,341,99960,341,100028,300,99958,100,100053,100,99942,100,100054,100,99932,100,100056,100,99897,100,100060,100,99888,100,100065,100,99883,100,100068,100,99879,100,100091,100,99867,100
2019-06-28 09:30:58.807277865,100025,241,99974,341,100026,341,99960,341,100028,300,99958,100,100053,100,99942,100,100054,100,99932,100,100056,100,99897,100,100060,100,99888,100,100065,100,99883,100,100068,100,99879,100,100091,100,99867,100
2019-06-28 09:31:00.000000000,100026,341,99974,341,100028,541,99960,341,100053,100,99958,100,100054,100,99942,100,100056,100,99932,100,100060,100,99897,100,100065,100,99888,100,100068,100,99883,100,100091,100,99879,100,100092,100,99867,100
2019-06-28 09:31:09.116927365,100026,241,99974,341,100028,541,99960,341,100053,100,99958,100,100054,100,99942,100,100056,100,99932,100,100060,100,99897,100,100065,100,99888,100,100068,100,99883,100,100091,100,99879,100,100092,100,99867,100
2019-06-28 09:31:10.000000000,100028,420,99974,220,100053,220,99960,220,100054,220,99958,220,100056,220,99942,220,100060,100,99932,100,100065,100,99897,100,100068,100,99888,100,100091,100,99883,100,100092,100,99879,100,100100,100,99867,100
2019-06-28 09:31:13.627123441,100028,420,99974,220,100053,220,99960,220,100054,220,99958,220,100056,220,99942,220,100060,100,99932,100,100065,100,99897,100,100068,100,99888,100,100091,100,99883,100,100092,100,99879,100,100100,100,99867,100
2019-06-28 09:31:20.000000000,100028,420,99974,220,100053,220,99960,220,100054,220,99958,220,100056,220,99942,220,100060,100,99932,100,100065,100,99897,100,100068,100,99888,100,100091,100,99883,100,100092,100,99879,100,100100,100,99867,100
2019-06-28 09:31:24.383181464,100028,320,99974,220,100053,220,99960,220,100054,220,99958,220,100056,220,99942,220,100060,100,99932,100,100065,100,99897,100,100068,100,99888,100,100091,100,99883,100,100092,100,99879,100,100100,100,99867,100
2019-06-28 09:31:26.632391268,100028,220,99974,220,100053,220,99960,220,100054,220,99958,220,100056,220,99942,220,100060,100,99932,100,100065,100,99897,100,100068,100,99888,100,100091,100,99883,100,100092,100,99879,100,100100,100,99867,100
2019-06-28 09:31:30.000000000,100028,582,99974,582,100053,100,99960,100,100054,100,99958,100,100056,100,99942,100,100060,100,99932,100,100065,100,99897,100,100068,100,99888,100,100091,100,99883,100,100092,100,99879,100,100100,100,99867,100
2019-06-28 09:31:40.000000000,100028,220,99974,220,100053,220,99960,220,100054,220,99958,220,100056,220,99942,220,100060,100,99932,100,100065,100,99897,100,100068,100,99888,100,100091,100,99883,100,100092,100,99879,100,100100,100,99867,100
2019-06-28 09:31:50.000000000,100028,196,99974,196,100053,196,99960,196,100054,196,99958,196,100056,196,99942,196,100060,196,99932,196,100065,100,99897,100,100068,100,99888,100,100091,100,99883,100,100092,100,99879,100,100100,100,99867,100
2019-06-28 09:32:00.000000000,100028,264,99974,264,100053,259,99960,259,100054,259,99958,259,100056,100,99942,100,100060,100,99932,100,100065,100,99897,100,100068,100,99888,100,100091,100,99883,100,100092,100,99879,100,100100,100,99867,100
2019-06-28 09:32:10.000000000,100028,264,99974,264,100053,259,99960,259,100054,259,99958,259,100056,100,99942,100,100060,100,99932,100,100065,100,99897,100,100068,100,99888,100,100091,100,99883,100,100092,100,99879,100,100100,100,99867,100
2019-06-28 09:32:14.248082563,100028,264,99974,64,100053,259,99960,259,100054,259,99958,259,100056,100,99942,100,100060,100,99932,100,100065,100,99897,100,100068,100,99888,100,100091,100,99883,100,100092,100,99879,100,100100,100,99867,100
2019-06-28 09:32:20.000000000,100028,220,99960,220,100053,220,99958,220,100054,220,99942,220,100056,220,99932,220,100060,100,99897,100,100065,100,99888,100,100068,100,99883,100,100091,100,99879,100,100092,100,99867,100,100100,100,99863,200
2019-06-28 09:32:25.290289490,100028,220,99960,220,100053,220,99958,220,100054,220,99942,220,100056,220,99932,220,100060,100,99897,100,100065,100,99888,100,100068,100,99883,100,100091,100,99879,100,100092,100,99867,100,100100,100,99863,200
2019-06-28 09:32:29.933495613,100028,220,99960,120,100053,220,99958,220,100054,220,99942,220,100056,220,99932,220,100060,100,99897,100,100065,100,99888,100,100068,100,99883,100,100091,100,99879,100,100092,100,99867,100,100100,100,99863,200
2019-06-28 09:32:30.000000000,100028,341,99958,341,100053,341,99942,341,100054,100,99932,100,100056,100,99897,100,100060,100,99888,100,100065,100,99883,100,100068,100,99879,100,100091,100,99867,100,100092,100,99863,200,100100,100,99860,100
2019-06-28 09:32:33.024454574,100028,341,99958,241,100053,241,99942,341,100054,100,99932,100,100056,100,99897,100,100060,100,99888,100,100065,100,99883,100,100068,100,99879,100,100091,100,99867,100,100092,100,99863,200,100100,100,99860,100
2019-06-28 09:32:40.000000000,100028,582,99942,582,100054,100,99932,100,100056,100,99897,100,100060,100,99888,100,100065,100,99883,100,100068,100,99879,100,100091,100,99867,100,100092,100,99863,200,100100,100,99860,100,100113,100,99838,100
2019-06-28 09:32:47.902204641,100028,582,99942,482,100054,100,99932,100,100056,100,99897,100,100060,100,99888,100,100065,100,99883,100,100068,100,99879,100,100091,100,99867,100,100092,100,99863,200,100100,100,99860,100,100113,100,99838,100
2019-06-28 09:32:50.000000000,100028,582,99932,582,100054,100,99897,100,100056,100,99888,100,100060,100,99883,100,100065,100,99879,100,100068,100,99867,100,100091,100,99863,200,100092,100,99860,100,100100,100,99838,100,100113,100,99819,100
2019-06-28 09:33:00.000000000,100028,264,99932,264,100054,259,99897,259,100056,259,99888,259,100060,100,99883,100,100065,100,99879,100,100068,100,99867,100,100091,100,99863,200,100092,100,99860,100,100100,100,99838,100,100113,100,99819,100
2019-06-28 09:33:07.596183775,100028,264,99932,264,100054,259,99897,259,100056,259,99891,100,100060,100,99888,259,100065,100,99883,100,100068,100,99879,100,100091,100,99867,100,100092,100,99863,200,100100,100,99860,100,100113,100,99838,100
2019-06-28 09:33:08.384056283,100028,264,99932,264,100054,259,99897,259,100056,259,99891,100,100060,100,99888,259,100065,100,99883,100,100068,100,99880,100,100091,100,99879,100,100092,100,99867,100,100100,100,99863,200,100113,100,99860,100
2019-06-28 09:33:10.000000000,100028,341,99932,341,100054,341,99897,341,100056,100,99891,100,100060,100,99888,100,100065,100,99883,100,100068,100,99880,100,100091,100,99879,100,100092,100,99867,100,100100,100,99863,200,100113,100,99860,100
2019-06-28 09:33:12.966959523,100028,341,99959,100,100054,341,99932,341,100056,100,99897,341,100060,100,99891,100,100065,100,99888,100,100068,100,99883,100,100091,100,99880,100,100092,100,99879,100,100100,100,99867,100,100113,100,99863,200
2019-06-28 09:33:20.000000000,100028,341,99959,341,100054,341,99932,341,100056,100,99897,100,100060,100,99891,100,100065,100,99888,100,100068,100,99883,100,100091,100,99880,100,100092,100,99879,100,100100,100,99867,100,100113,100,99863,200
2019-06-28 09:33:30.000000000,100028,582,99959,582,100054,100,99932,100,100056,100,99897,100,100060,100,99891,100,100065,100,99888,100,100068,100,99883,100,100091,100,99880,100,100092,100,99879,100,100100,100,99867,100,100113,100,99863,200
2019-06-28 09:33:40.000000000,100028,220,99959,220,100054,220,99932,220,100056,220,99897,220,100060,220,99891,220,100065,100,99888,100,100068,100,99883,100,100091,100,99880,100,100092,100,99879,100,100100,100,99867,100,100113,100,99863,200
2019-06-28 09:33:40.965248930,100028,220,99959,220,100054,220,99932,220,100056,220,99897,220,100060,220,99891,220,100065,100,99888,100,100068,100,99883,100,100091,100,99880,100,100092,100,99879,100,100113,100,99867,100,100122,100,99863,200
2019-06-28 09:33:43.338750838,100028,220,99959,220,100054,220,99932,220,100056,220,99897,220,100060,220,99891,220,100068,100,99888,100,100091,100,99883,100,100092,100,99880,100,100113,100,99879,100,100122,100,99867,100,100160,100,99863,200
2019-06-28 09:33:50.000000000,100028,196,99959,196,100054,196,99932,196,100056,196,99897,196,100060,196,99891,196,100068,196,99888,196,100091,100,99883,100,100092,100,99880,100,100113,100,99879,100,100122,100,99867,100,100160,100,99863,200
2019-06-28 09:33:59.605415399,100028,96,99959,196,100054,196,99932,196,100056,196,99897,196,100060,196,99891,196,100068,196,99888,196,100091,100,99883,100,100092,100,99880,100,100113,100,99879,100,100122,100,99867,100,100160,100,99863,200
2019-06-28 09:34:00.000000000,100054,196,99959,196,100056,196,99932,196,100060,196,99897,196,100068,196,99891,196,100091,196,99888,196,100092,100,99883,100,100113,100,99880,100,100122,100,99879,100,100160,100,99867,100,100170,100,99863,200
2019-06-28 09:34:10.000000000,100054,341,99959,341,100056,341,99932,341,100060,100,99897,100,100068,100,99891,100,100091,100,99888,100,100092,100,99883,100,100113,100,99880,100,100122,100,99879,100,100160,100,99867,100,100170,100,99863,200
2019-06-28 09:34:16.117371546,100054,241,99959,341,100056,341,99932,341,100060,100,99897,100,100068,100,99891,100,100091,100,99888,100,100092,100,99883,100,100113,100,99880,100,100122,100,99879,100,100160,100,99867,100,100170,100,99863,200
2019-06-28 09:34:20.000000000,100056,582,99959,582,100060,100,99932,100,100068,100,99897,100,100091,100,99891,100,100092,100,99888,100,100113,100,99883,100,100122,100,99880,100,100160,100,99879,100,100170,100,99867,100,100194,100,99863,200
2019-06-28 09:34:25.294073443,100056,582,99959,582,100060,100,99932,100,100068,100,99897,100,100091,100,99891,100,100092,100,99888,100,100113,100,99883,100,100122,100,99880,100,100160,100,99879,100,100170,100,99867,100,100194,100,99863,200
2019-06-28 09:34:30.000000000,100056,220,99959,220,100060,220,99932,220,100068,220,99897,220,100091,220,99891,220,100092,100,99888,100,100113,100,99883,100,100122,100,99880,100,100160,100,99879,100,100170,100,99867,100,100194,100,99863,200
2019-06-28 09:34:40.000000000,100056,582,99959,582,100060,100,99932,100,100068,100,99897,100,100091,100,99891,100,100092,100,99888,100,100113,100,99883,100,100122,100,99880,100,100160,100,99879,100,100170,100,99867,100,100194,100,99863,200
2019-06-28 09:34:50.000000000,100056,220,99959,220,100060,220,99932,220,100068,220,99897,220,100091,220,99891,220,100092,100,99888,100,100113,100,99883,100,100122,100,99880,100,100160,100,99879,100,100170,100,99867,100,100194,100,99863,200
2019-06-28 09:34:59.812554802,100056,120,99959,220,100060,220,99932,220,100068,220,99897,220,100091,220,99891,120,100092,100,99888,100,100113,100,99883,100,100122,100,99880,100,100160,100,99879,100,100170,100,99867,100,100194,100,99863,200
2019-06-28 09:35:00.000000000,100060,341,99959,341,100068,341,99932,341,100091,100,99897,100,100092,100,99888,100,100113,100,99883,100,100122,100,99880,100,100160,100,99879,100,100170,100,99867,100,100194,100,99863,200,100209,100,99838,100
2019-06-28 09:35:04.655702152,100060,241,99959,341,100068,341,99932,341,100091,100,99897,100,100092,100,99888,100,100113,100,99883,100,100122,100,99880,100,100160,100,99879,100,100170,100,99867,100,100194,100,99863,200,100209,100,99838,100
2019-06-28 09:35:10.000000000,100068,341,99959,341,100091,341,99932,341,100092,100,99897,100,100113,100,99888,100,100122,100,99883,100,100160,100,99880,100,100170,100,99879,100,100194,100,99867,100,100209,100,99863,200,100222,100,99838,100
2019-06-28 09:35:17.625014179,100068,341,99959,341,100091,341,99932,341,100092,100,99897,100,100113,100,99888,100,100122,100,99883,100,100160,100,99880,100,100166,100,99879,100,100170,100,99867,100,100194,100,99863,200,100209,100,99838,100
2019-06-28 09:35:20.000000000,100068,196,99959,196,100091,196,99932,196,100092,196,99897,196,100113,196,99888,196,100122,196,99883,196,100160,100,99880,100,100166,100,99879,100,100170,100,99867,100,100194,100,99863,200,100209,100,99838,100
2019-06-28 09:35:30.000000000,100068,196,99959,196,100091,196,99932,196,100092,196,99897,196,100113,196,99888,196,100122,196,99883,196,100160,100,99880,100,100166,100,99879,100,100170,100,99867,100,100194,100,99863,200,100209,100,99838,100
2019-06-28 09:35:40.000000000,100068,341,99959,341,100091,341,99932,341,100092,100,99897,100,100113,100,99888,100,100122,100,99883,100,100160,100,99880,100,100166,100,99879,100,100170,100,99867,100,100194,100,99863,200,100209,100,99838,100
2019-06-28 09:35:46.309992474,100058,100,99959,341,100068,341,99932,341,100091,341,99897,100,100092,100,99888,100,100113,100,99883,100,100122,100,99880,100,100160,100,99879,100,100166,100,99867,100,100170,100,99863,200,100194,100,99838,100
2019-06-28 09:35:50.000000000,100058,341,99959,341,100068,341,99932,341,100091,100,99897,100,100092,100,99888,100,100113,100,99883,100,100122,100,99880,100,100160,100,99879,100,100166,100,99867,100,100170,100,99863,200,100194,100,99838,100
2019-06-28 09:36:00.000000000,100058,341,99959,341,100068,341,99932,341,100091,100,99897,100,100092,100,99888,100,100113,100,99883,100,100122,100,99880,100,100160,100,99879,100,100166,100,99867,100,100170,100,99863,200,100194,100,99838,100
2019-06-28 09:36:10.000000000,100058,220,99959,220,100068,220,99932,220,100091,220,99897,220,100092,220,99888,220,100113,100,99883,100,100122,100,99880,100,100160,100,99879,100,100166,100,99867,100,100170,100,99863,200,100194,100,99838,100
2019-06-28 09:36:20.000000000,100058,220,99959,220,100068,220,99932,220,100091,220,99897,220,100092,220,99888,220,100113,100,99883,100,100122,100,99880,100,100160,100,99879,100,100166,100,99867,100,100170,100,99863,200,100194,100,99838,100
2019-06-28 09:36:28.010322403,100058,220,99959,120,100068,220,99932,220,100091,220,99897,220,100092,220,99888,120,100113,100,99883,100,100122,100,99880,100,100160,100,99879,100,100166,100,99867,100,100170,100,99863,200,100194,100,99838,100
2019-06-28 09:36:30.000000000,100058,582,99932,582,100068,100,99897,100,100091,100,99883,100,100092,100,99880,100,100113,100,99879,100,100122,100,99867,100,100160,100,99863,200,100166,100,99838,100,100170,100,99819,100,100194,100,99783,100
2019-06-28 09:36:40.000000000,100058,264,99932,264,100068,259,99897,259,100091,259,99883,259,100092,100,99880,100,100113,100,99879,100,100122,100,99867,100,100160,100,99863,200,100166,100,99838,100,100170,100,99819,100,100194,100,99783,100
2019-06-28 09:36:50.000000000,100058,264,99932,264,100068,259,99897,259,100091,259,99883,259,100092,100,99880,100,100113,100,99879,100,100122,100,99867,100,100160,100,99863,200,100166,100,99838,100,100170,100,99819,100,100194,100,99783,100
2019-06-28 09:36:51.160116526,100058,264,99960,100,100068,259,99932,264,100091,259,99897,259,100092,100,99883,259,100113,100,99880,100,100122,100,99879,100,100160,100,99867,100,100166,100,99863,200,100170,100,99838,100,100194,100,99819,100
2019-06-28 09:36:53.291767250,100058,264,99960,100,100068,259,99932,264,100091,259,99897,259,100092,100,99883,259,100113,100,99880,100,100122,100,99879,100,100160,100,99867,100,100166,100,99863,200,100170,100,99838,100,100194,100,99819,100
2019-06-28 09:36:57.925236982,100058,264,99960,200,100068,259,99932,264,100091,259,99897,259,100092,100,99883,259,100113,100,99880,100,100122,100,99879,100,100160,100,99867,100,100166,100,99863,200,100170,100,99838,100,100194,100,99819,100
2019-06-28 09:37:00.000000000,100058,196,99960,296,100068,196,99932,196,100091,196,99897,196,100092,196,99883,196,100113,196,99880,196,100122,100,99879,100,100160,100,99867,100,100166,100,99863,200,100170,100,99838,100,100194,100,99819,100
2019-06-28 09:37:05.584428256,100058,96,99960,296,100068,196,99932,196,100091,196,99897,196,100092,196,99883,196,100113,196,99880,196,100122,100,99879,100,100160,100,99867,100,100166,100,99863,200,100170,100,99838,100,100194,100,99819,100
2019-06-28 09:37:09.403815627,100058,96,99961,100,100068,196,99960,296,100091,196,99932,196,100092,196,99897,196,100113,196,99883,196,100122,100,99880,196,100160,100,99879,100,100166,100,99867,100,100170,100,99863,200,100194,100,99838,100
2019-06-28 09:37:10.000000000,100068,341,99961,341,100091,341,99960,441,100092,100,99932,100,100113,100,99897,100,100122,100,99883,100,100160,100,99880,100,100166,100,99879,100,100170,100,99867,100,100194,100,99863,200,100209,100,99838,100
2019-06-28 09:37:20.000000000,100068,196,99961,196,100091,196,99960,296,100092,196,99932,196,100113,196,99897,196,100122,196,99883,196,100160,100,99880,100,100166,100,99879,100,100170,100,99867,100,100194,100,99863,200,100209,100,99838,100
2019-06-28 09:37:25.370093655,100068,96,99961,196,100091,196,99960,296,100092,196,99932,196,100113,196,99897,196,100122,196,99883,196,100160,100,99880,100,100166,100,99879,100,100170,100,99867,100,100194,100,99863,200,100209,100,99838,100
2019-06-28 09:37:30.000000000,100091,341,99961,341,100092,341,99960,441,100113,100,99932,100,100122,100,99897,100,100160,100,99883,100,100166,100,99880,100,100170,100,99879,100,100194,100,99867,100,100209,100,99863,200,100222,100,99838,100
2019-06-28 09:37:30.645858725,100091,341,99961,341,100092,341,99960,441,100113,100,99932,100,100122,100,99897,100,100160,100,99883,100,100166,100,99880,100,100170,100,99879,100,100194,100,99867,100,100209,100,99863,200,100222,100,99838,100
2019-06-28 09:37:36.236812534,100091,341,100058,100,100092,341,99961,341,100113,100,99960,441,100122,100,99932,100,100160,100,99897,100,100166,100,99883,100,100170,100,99880,100,100194,100,99879,100,100209,100,99867,100,100222,100,99863,200
2019-06-28 09:37:40.000000000,100091,341,100058,341,100092,341,99961,341,100113,100,99960,200,100122,100,99932,100,100160,100,99897,100,100166,100,99883,100,100170,100,99880,100,100194,100,99879,100,100209,100,99867,100,100222,100,99863,200
2019-06-28 09:37:45.722357922,100091,241,100058,341,100092,341,99961,341,100113,100,99960,200,100122,100,99932,100,100160,100,99883,100,100166,100,99880,100,100170,100,99879,100,100194,100,99867,100,100209,100,99863,200,100222,100,99838,100
2019-06-28 09:37:50.000000000,100092,220,100058,220,100113,220,99961,220,100122,220,99960,320,100160,220,99932,220,100166,100,99883,100,100170,100,99880,100,100194,100,99879,100,100209,100,99867,100,100222,100,99863,200,100345,100,99838,100
2019-06-28 09:38:00.000000000,100092,582,100058,582,100113,100,99961,100,100122,100,99960,200,100160,100,99932,100,100166,100,99883,100,100170,100,99880,100,100194,100,99879,100,100209,100,99867,100,100222,100,99863,200,100345,100,99838,100
2019-06-28 09:38:10.000000000,100092,220,100058,220,100113,220,99961,220,100122,220,99960,320,100160,220,99932,220,100166,100,99883,100,100170,100,99880,100,100194,100,99879,100,100209,100,99867,100,100222,100,99863,200,100345,100,99838,100
2019-06-28 09:38:14.693882563,100092,120,100058,220,100113,220,99961,220,100122,220,99960,320,100160,220,99932,220,100166,100,99883,100,100170,100,99880,100,100194,100,99879,100,100209,100,99867,100,100222,100,99863,200,100345,100,99838,100
2019-06-28 09:38:20.000000000,100113,220,100058,220,100122,220,99961,220,100160,220,99960,320,100166,220,99932,220,100170,100,99883,100,100194,100,99880,100,100209,100,99879,100,100222,100,99867,100,100345,100,99863,200,100352,100,99838,100
2019-06-28 09:38:25.983467931,100113,220,100058,220,100122,220,99961,220,100160,220,99960,320,100166,220,99932,220,100170,100,99883,100,100194,100,99880,100,100209,100,99879,100,100222,100,99867,100,100345,100,99863,200,100352,100,99838,100
2019-06-28 09:38:26.229633425,100113,220,100058,220,100122,220,99961,220,100160,220,99960,320,100166,220,99932,220,100170,100,99883,100,100194,100,99880,100,100209,100,99879,100,100222,100,99867,100,100345,100,99863,200,100352,100,99838,100
2019-06-28 09:38:30.000000000,100113,220,100058,220,100122,220,99961,220,100160,220,99960,320,100166,220,99932,220,100170,100,99883,100,100194,100,99880,100,100209,100,99879,100,100222,100,99867,100,100345,100,99863,200,100352,100,99838,100
2019-06-28 09:38:40.000000000,100113,264,100058,264,100122,259,99961,259,100160,259,99960,359,100166,100,99932,100,100170,100,99883,100,100194,100,99880,100,100209,100,99879,100,100222,100,99867,100,100345,100,99863,200,100352,100,99838,100
2019-06-28 09:38:43.904830264,100113,164,100058,264,100122,259,99961,259,100160,259,99960,359,100166,100,99932,100,100170,100,99883,100,100209,100,99880,100,100222,100,99879,100,100345,100,99867,100,100352,100,99863,200,100367,100,99838,100
2019-06-28 09:38:50.000000000,100122,582,100058,582,100160,100,99961,100,100166,100,99960,200,100170,100,99932,100,100209,100,99883,100,100222,100,99880,100,100345,100,99879,100,100352,100,99867,100,100367,100,99863,200,100412,100,99838,100
2019-06-28 09:39:00.000000000,100122,196,100058,196,100160,196,99961,196,100166,196,99960,296,100170,196,99932,196,100209,196,99883,196,100222,100,99880,100,100345,100,99879,100,100352,100,99867,100,100367,100,99863,200,100412,100,99838,100
2019-06-28 09:39:10.000000000,100122,220,100058,220,100160,220,99961,220,100166,220,99960,320,100170,220,99932,220,100209,100,99883,100,100222,100,99880,100,100345,100,99879,100,100352,100,99867,100,100367,100,99863,200,100412,100,99838,100
2019-06-28 09:39:13.310477231,100122,120,100058,220,100160,220,99961,220,100166,220,99960,320,100170,220,99932,220,100209,100,99883,100,100345,100,99880,100,100352,100,99879,100,100367,100,99867,100,100412,100,99863,200,100914,100,99838,100
2019-06-28 09:39:20.000000000,100160,264,100058,264,100166,259,99961,259,100170,259,99960,359,100209,100,99932,100,100345,100,99883,100,100352,100,99880,100,100367,100,99879,100,100412,100,99867,100,100914,100,99863,200,101209,100,99838,100
2019-06-28 09:39:30.000000000,100160,196,100058,196,100166,196,99961,196,100170,196,99960,296,100209,196,99932,196,100345,196,99883,196,100352,100,99880,100,100367,100,99879,100,100412,100,99867,100,100914,100,99863,200,101209,100,99838,100
2019-06-28 09:39:38.743657146,100160,196,100058,196,100166,196,99961,196,100170,196,99960,296,100209,196,99932,196,100345,196,99883,196,100352,100,99880,100,100367,100,99879,100,100412,100,99867,100,100914,100,99863,200,100998,100,99838,100
2019-06-28 09:39:40.000000000,100160,220,100058,220,100166,220,99961,220,100170,220,99960,320,100209,220,99932,220,100345,100,99883,100,100352,100,99880,100,100367,100,99879,100,100412,100,99867,100,100914,100,99863,200,100998,100,99838,100
2019-06-28 09:39:44.935289151,100160,120,100058,220,100166,220,99961,220,100170,220,99960,320,100209,220,99932,220,100345,100,99883,100,100352,100,99880,100,100367,100,99879,100,100412,100,99867,100,100914,100,99863,100,100998,100,99838,100
2019-06-28 09:39:50.000000000,100166,264,100058,264,100170,259,99961,259,100209,259,99960,359,100345,100,99932,100,100352,100,99883,100,100367,100,99880,100,100412,100,99879,100,100914,100,99867,100,100998,100,99863,100,101209,100,99838,100
2019-06-28 09:39:50.140990551,100166,264,100122,100,100170,259,100058,264,100209,259,99961,259,100345,100,99960,359,100352,100,99932,100,100367,100,99883,100,100412,100,99880,100,100914,100,99879,100,100998,100,99867,100,101209,100,99863,100
2019-06-28 09:40:00.000000000,100166,264,100122,264,100170,259,100058,259,100209,259,99961,259,100345,100,99960,200,100352,100,99932,100,100367,100,99883,100,100412,100,99880,100,100914,100,99879,100,100998,100,99867,100,101209,100,99863,100
2019-06-28 09:40:10.000000000,100166,341,100122,341,100170,341,100058,341,100209,100,99961,100,100345,100,99960,200,100352,100,99932,100,100367,100,99883,100,100412,100,99880,100,100914,100,99879,100,100998,100,99867,100,101209,100,99863,100
2019-06-28 09:40:20.000000000,100166,220,100122,220,100170,220,100058,220,100209,220,99961,220,100345,220,99960,320,100352,100,99932,100,100367,100,99883,100,100412,100,99880,100,100914,100,99879,100,100998,100,99867,100,101209,100,99863,100
2019-06-28 09:40:30.000000000,100166,582,100122,582,100170,100,100058,100,100209,100,99961,100,100345,100,99960,200,100352,100,99932,100,100367,100,99883,100,100412,100,99880,100,100914,100,99879,100,100998,100,99867,100,101209,100,99863,100
2019-06-28 09:40:40.000000000,100166,341,100122,341,100170,341,100058,341,100209,100,99961,100,100345,100,99960,200,100352,100,99932,100,100367,100,99883,100,100412,100,99880,100,100914,100,99879,100,100998,100,99867,100,101209,100,99863,100
2019-06-28 09:40:50.000000000,100166,582,100122,582,100170,100,100058,100,100209,100,99961,100,100345,100,99960,200,100352,100,99932,100,100367,100,99883,100,100412,100,99880,100,100914,100,99879,100,100998,100,99867,100,101209,100,99863,100
2019-06-28 09:41:00.000000000,100166,582,100122,582,100170,100,100058,100,100209,100,99961,100,100345,100,99960,200,100352,100,99932,100,100367,100,99883,100,100412,100,99880,100,100914,100,99879,100,100998,100,99867,100,101209,100,99863,100
2019-06-28 09:41:10.000000000,100166,582,100122,582,100170,100,100058,100,100209,100,99961,100,100345,100,99960,200,100352,100,99932,100,100367,100,99883,100,100412,100,99880,100,100914,100,99879,100,100998,100,99867,100,101209,100,99863,100
2019-06-28 09:41:11.678753767,100166,382,100122,582,100170,100,100058,100,100209,100,99961,100,100345,100,99960,200,100352,100,99932,100,100367,100,99883,100,100412,100,99880,100,100914,100,99879,100,100998,100,99867,100,101209,100,99863,100
2019-06-28 09:41:20.000000000,100170,582,100122,582,100209,100,100058,100,100345,100,99961,100,100352,100,99960,200,100367,100,99932,100,100412,100,99883,100,100914,100,99880,100,100998,100,99879,100,101209,100,99867,100,,,99863,100
2019-06-28 09:41:30.000000000,100170,341,100122,341,100209,341,100058,341,100345,100,99961,100,100352,100,99960,200,100367,100,99932,100,100412,100,99883,100,100914,100,99880,100,100998,100,99879,100,101209,100,99867,100,,,99863,100
2019-06-28 09:41:33.285098110,100170,341,100122,341,100209,341,100058,341,100345,100,99961,100,100352,100,99960,200,100367,100,99932,100,100412,100,99883,100,100914,100,99880,100,100998,100,99879,100,101132,100,99867,100,101209,100,99863,100
2019-06-28 09:41:35.568991856,100170,341,100122,341,100209,341,100058,341,100345,100,99961,100,100352,100,99960,200,100367,100,99932,100,100412,100,99883,100,100914,100,99880,100,100998,100,99879,100,101109,100,99867,100,101132,100,99863,100
2019-06-28 09:41:40.000000000,100170,582,100122,582,100209,100,100058,100,100345,100,99961,100,100352,100,99960,200,100367,100,99932,100,100412,100,99883,100,100914,100,99880,100,100998,100,99879,100,101109,100,99867,100,101132,100,99863,100
2019-06-28 09:41:50.000000000,100170,582,100122,582,100209,100,100058,100,100345,100,99961,100,100352,100,99960,200,100367,100,99932,100,100412,100,99883,100,100914,100,99880,100,100998,100,99879,100,101109,100,99867,100,101132,100,99863,100
2019-06-28 09:42:00.000000000,100170,264,100122,264,100209,259,100058,259,100345,259,99961,259,100352,100,99960,200,100367,100,99932,100,100412,100,99883,100,100914,100,99880,100,100998,100,99879,100,101109,100,99867,100,101132,100,99863,100
2019-06-28 09:42:10.000000000,100170,341,100122,341,100209,341,100058,341,100345,100,99961,100,100352,100,99960,200,100367,100,99932,100,100412,100,99883,100,100914,100,99880,100,100998,100,99879,100,101109,100,99867,100,101132,100,99863,100
2019-06-28 09:42:11.672586278,100170,341,100122,341,100209,341,100058,341,100345,100,99961,100,100352,100,99960,200,100367,100,99932,100,100412,100,99883,100,100682,100,99880,100,100914,100,99879,100,100998,100,99867,100,101109,100,99863,100
2019-06-28 09:42:11.922383352,100170,241,100122,341,100209,341,100058,341,100345,100,99961,100,100352,100,99960,200,100367,100,99932,100,100412,100,99883,100,100682,100,99880,100,100914,100,99879,100,100998,100,99867,100,101109,100,99863,100
2019-06-28 09:42:20.000000000,100209,582,100122,582,100345,100,100058,100,100352,100,99961,100,100367,100,99960,200,100412,100,99932,100,100682,100,99883,100,100914,100,99880,100,100998,100,99879,100,101109,100,99867,100,101132,100,99863,100
2019-06-28 09:42:20.332733123,100209,582,100166,100,100345,100,100122,582,100352,100,100058,100,100367,100,99961,100,100412,100,99960,200,100682,100,99932,100,100914,100,99883,100,100998,100,99880,100,101109,100,99879,100,101132,100,99867,100
2019-06-28 09:42:30.000000000,100209,341,100166,341,100345,341,100122,341,100352,100,100058,100,100367,100,99961,100,100412,100,99960,200,100682,100,99932,100,100914,100,99883,100,100998,100,99880,100,101109,100,99879,100,101132,100,99867,100
2019-06-28 09:42:40.000000000,100209,264,100166,264,100345,259,100122,259,100352,259,100058,259,100367,100,99961,100,100412,100,99960,200,100682,100,99932,100,100914,100,99883,100,100998,100,99880,100,101109,100,99879,100,101132,100,99867,100
2019-06-28 09:42:50.000000000,100209,264,100166,264,100345,259,100122,259,100352,259,100058,259,100367,100,99961,100,100412,100,99960,200,100682,100,99932,100,100914,100,99883,100,100998,100,99880,100,101109,100,99879,100,101132,100,99867,100
2019-06-28 09:43:00.000000000,100209,341,100166,341,100345,341,100122,341,100352,100,100058,100,100367,100,99961,100,100412,100,99960,200,100682,100,99932,100,100914,100,99883,100,100998,100,99880,100,101109,100,99879,100,101132,100,99867,100
2019-06-28 09:43:10.000000000,100209,341,100166,341,100345,341,100122,341,100352,100,100058,100,100367,100,99961,100,100412,100,99960,200,100682,100,99932,100,100914,100,99883,100,100998,100,99880,100,101109,100,99879,100,101132,100,99867,100
2019-06-28 09:43:16.087688810,100209,241,100166,341,100345,341,100122,341,100352,100,100058,100,100367,100,99961,100,100412,100,99960,200,100682,100,99932,100,100914,100,99883,100,100998,100,99880,100,101109,100,99879,100,101132,100,99867,100
2019-06-28 09:43:19.026543917,100209,141,100166,341,100345,341,100122,341,100352,100,100058,100,100367,100,99961,100,100412,100,99960,200,100682,100,99932,100,100914,100,99883,100,101109,100,99880,100,101132,100,99879,100,101209,100,99867,100
2019-06-28 09:43:20.000000000,100345,582,100166,582,100352,100,100122,100,100367,100,100058,100,100412,100,99961,100,100682,100,99960,200,100914,100,99932,100,101109,100,99883,100,101132,100,99880,100,101209,100,99879,100,,,99867,100
2019-06-28 09:43:28.914198400,100345,582,100166,582,100352,100,100122,100,100367,100,100058,100,100412,100,99961,100,100682,100,99960,200,100914,100,99932,100,101109,100,99883,100,101132,100,99880,100,101209,100,99879,100,101312,100,99867,100
2019-06-28 09:43:30.000000000,100345,264,100166,264,100352,259,100122,259,100367,259,100058,259,100412,100,99961,100,100682,100,99960,200,100914,100,99932,100,101109,100,99883,100,101132,100,99880,100,101209,100,99879,100,101312,100,99867,100
2019-06-28 09:43:40.000000000,100345,196,100166,196,100352,196,100122,196,100367,196,100058,196,100412,196,99961,196,100682,196,99960,296,100914,100,99932,100,101109,100,99883,100,101132,100,99880,100,101209,100,99879,100,101312,100,99867,100
2019-06-28 09:43:46.474767818,100345,196,100209,100,100352,196,100166,196,100367,196,100122,196,100412,196,100058,196,100682,196,99961,196,100914,100,99960,296,101109,100,99932,100,101132,100,99883,100,101209,100,99880,100,101312,100,99879,100
2019-06-28 09:43:50.000000000,100345,220,100209,220,100352,220,100166,220,100367,220,100122,220,100412,220,100058,220,100682,100,99961,100,100914,100,99960,200,101109,100,99932,100,101132,100,99883,100,101209,100,99880,100,101312,100,99879,100
2019-06-28 09:43:53.565329107,100345,220,100209,220,100352,220,100166,220,100367,220,100122,220,100412,220,100058,220,100682,100,99961,100,101109,100,99960,200,101132,100,99932,100,101209,100,99883,100,101286,100,99880,100,101312,100,99879,100
2019-06-28 09:44:00.000000000,100345,196,100209,196,100352,196,100166,196,100367,196,100122,196,100412,196,100058,196,100682,196,99961,196,101109,100,99960,200,101132,100,99932,100,101209,100,99883,100,101286,100,99880,100,101312,100,99879,100
2019-06-28 09:44:02.322432237,100345,196,100209,296,100352,196,100166,196,100367,196,100122,196,100412,196,100058,196,100682,196,99961,196,101109,100,99960,100,101132,100,99932,100,101209,100,99883,100,101286,100,99880,100,101312,100,99879,100
2019-06-28 09:44:09.024938994,100345,96,100209,296,100352,196,100166,196,100367,196,100122,196,100412,196,100058,196,100682,196,99961,196,101109,100,99960,100,101132,100,99932,100,101209,100,99883,100,101286,100,99880,100,101312,100,99879,100
2019-06-28 09:44:10.000000000,100352,341,100209,441,100367,341,100166,341,100412,100,100122,100,100682,100,100058,100,101109,100,99961,100,101132,100,99960,100,101209,100,99932,100,101286,100,99883,100,101312,100,99880,100,,,99879,100
2019-06-28 09:44:20.000000000,100352,196,100209,296,100367,196,100166,196,100412,196,100122,196,100682,196,100058,196,101109,196,99961,196,101132,100,99960,100,101209,100,99932,100,101286,100,99883,100,101312,100,99880,100,,,99879,100
2019-06-28 09:44:30.000000000,100352,220,100209,320,100367,220,100166,220,100412,220,100122,220,100682,220,100058,220,101109,100,99961,100,101132,100,99960,100,101209,100,99932,100,101286,100,99883,100,101312,100,99880,100,,,99879,100
2019-06-28 09:44:40.000000000,100352,220,100209,320,100367,220,100166,220,100412,220,100122,220,100682,220,100058,220,101109,100,99961,100,101132,100,99960,100,101209,100,99932,100,101286,100,99883,100,101312,100,99880,100,,,99879,100
2019-06-28 09:44:41.682933617,100352,120,100209,320,100367,220,100166,220,100412,220,100122,220,100682,220,100058,220,101109,100,99961,100,101132,100,99960,100,101209,100,99932,100,101286,100,99883,100,101312,100,99880,100,,,99879,100
2019-06-28 09:44:50.000000000,100367,220,100209,320,100412,220,100166,220,100682,220,100122,220,101109,220,100058,220,101132,100,99961,100,101209,100,99960,100,101286,100,99932,100,101312,100,99883,100,,,99880,100,,,99879,100
2019-06-28 09:45:00.000000000,100367,264,100209,364,100412,259,100166,259,100682,259,100122,259,101109,100,100058,100,101132,100,99961,100,101209,100,99960,100,101286,100,99932,100,101312,100,99883,100,,,99880,100,,,99879,100
2019-06-28 09:45:10.000000000,100367,341,100209,441,100412,341,100166,341,100682,100,100122,100,101109,100,100058,100,101132,100,99961,100,101209,100,99960,100,101286,100,99932,100,101312,100,99883,100,,,99880,100,,,99879,100
2019-06-28 09:45:12.650345739,100367,241,100209,441,100412,341,100166,341,100682,100,100122,100,101109,100,100058,100,101132,100,99961,100,101286,100,99960,100,101312,100,99932,100,,,99883,100,,,99880,100,,,99879,100
2019-06-28 09:45:20.000000000,100412,196,100209,296,100682,196,100166,196,101109,196,100122,196,101132,196,100058,196,101286,196,99961,196,101312,100,99960,100,,,99932,100,,,99883,100,,,99880,100,,,99879,100
2019-06-28 09:45:21.967583331,100412,96,100209,296,100682,196,100166,196,101109,196,100122,196,101132,196,100058,196,101286,196,99961,196,101312,100,99960,100,,,99932,100,,,99883,100,,,99880,100,,,99879,100
2019-06-28 09:45:28.875206099,100412,96,100367,100,100682,196,100209,296,101109,196,100166,196,101132,196,100122,196,101286,196,100058,196,101312,100,99961,196,,,99960,100,,,99932,100,,,99883,100,,,99880,100
2019-06-28 09:45:30.000000000,100682,264,100367,264,101109,259,100209,359,101132,259,100166,259,101286,100,100122,100,101312,100,100058,100,,,99961,100,,,99960,100,,,99932,100,,,99883,100,,,99880,100
2019-06-28 09:45:40.000000000,100682,264,100367,264,101109,259,100209,359,101132,259,100166,259,101286,100,100122,100,101312,100,100058,100,,,99961,100,,,99960,100,,,99932,100,,,99883,100,,,99880,100
2019-06-28 09:45:43.347243130,100682,264,100367,364,101109,259,100209,259,101132,259,100166,259,101286,100,100122,100,101312,100,100058,100,,,99961,100,,,99960,100,,,99932,100,,,99883,100,,,99880,100
2019-06-28 09:45:50.000000000,100682,341,100367,441,101109,341,100209,341,101132,100,100166,100,101286,100,100122,100,101312,100,100058,100,,,99961,100,,,99960,100,,,99932,100,,,99883,100,,,99880,100
2019-06-28 09:45:54.200664524,100682,241,100367,441,101109,341,100209,341,101132,100,100166,100,101286,100,100122,100,,,100058,100,,,99961,100,,,99960,100,,,99932,100,,,99883,100,,,99880,100
2019-06-28 09:45:55.731658172,100682,241,100412,100,101109,341,100367,441,101132,100,100209,341,101286,100,100166,100,,,100122,100,,,100058,100,,,99961,100,,,99960,100,,,99932,100,,,99883,100
2019-06-28 09:46:00.000000000,101109,582,100412,582,101132,100,100367,200,101286,100,100209,100,,,100166,100,,,100122,100,,,100058,100,,,99961,100,,,99960,100,,,99932,100,,,99883,100
2019-06-28 09:46:10.000000000,101109,341,100412,341,101132,341,100367,441,101286,100,100209,100,,,100166,100,,,100122,100,,,100058,100,,,99961,100,,,99960,100,,,99932,100,,,99883,100
2019-06-28 09:46:15.363209325,101109,341,100805,100,101132,341,100412,341,101286,100,100367,441,,,100209,100,,,100166,100,,,100122,100,,,100058,100,,,99961,100,,,99960,100,,,99932,100
2019-06-28 09:46:15.427990711,101109,341,100805,100,101132,341,100412,441,101286,100,100367,441,,,100209,100,,,100166,100,,,100122,100,,,100058,100,,,99960,100,,,99932,100,,,99883,100
2019-06-28 09:46:20.000000000,101109,341,100805,341,101132,341,100412,441,101286,100,100367,200,,,100209,100,,,100166,100,,,100122,100,,,100058,100,,,99960,100,,,99932,100,,,99883,100
2019-06-28 09:46:22.225745654,100852,100,100805,341,101109,341,100412,441,101132,341,100367,200,101286,100,100209,100,,,100166,100,,,100122,100,,,100058,100,,,99960,100,,,99932,100,,,99883,100
2019-06-28 09:46:23.619897924,100852,100,100805,241,101109,341,100412,441,101132,341,100367,200,101286,100,100209,100,,,100166,100,,,100122,100,,,100058,100,,,99960,100,,,99932,100,,,99883,100
2019-06-28 09:46:27.660761619,101109,341,100805,241,101132,341,100412,441,101286,100,100367,200,,,100209,100,,,100166,100,,,100122,100,,,100058,100,,,99960,100,,,99932,100,,,99883,100
2019-06-28 09:46:30.000000000,101109,582,100412,682,101132,100,100367,200,101286,100,100209,100,,,100166,100,,,100122,100,,,100058,100,,,99960,100,,,99932,100,,,99883,100,,,99880,100
2019-06-28 09:46:38.338025322,100852,100,100412,682,101109,582,100367,200,101132,100,100209,100,101286,100,100166,100,,,100058,100,,,99960,100,,,99932,100,,,99883,100,,,99880,100,,,99879,100
2019-06-28 09:46:40.000000000,100852,220,100412,320,101109,220,100367,320,101132,220,100209,220,101286,220,100166,220,,,100058,100,,,99960,100,,,99932,100,,,99883,100,,,99880,100,,,99879,100
2019-06-28 09:46:50.000000000,100852,196,100412,296,101109,196,100367,296,101132,196,100209,196,101286,196,100166,196,101287,96,100058,196,,,99960,100,,,99932,100,,,99883,100,,,99880,100,,,99879,100
2019-06-28 09:47:00.000000000,100852,582,100412,682,101109,100,100367,200,101132,100,100209,100,101286,100,100166,100,,,100058,100,,,99960,100,,,99932,100,,,99883,100,,,99880,100,,,99879,100
2019-06-28 09:47:10.000000000,100852,196,100412,296,101109,196,100367,296,101132,196,100209,196,101286,196,100166,196,101287,96,100058,196,,,99960,100,,,99932,100,,,99883,100,,,99880,100,,,99879,100
2019-06-28 09:47:20.000000000,100852,341,100412,441,101109,341,100367,441,101132,100,100209,100,101286,100,100166,100,,,100058,100,,,99960,100,,,99932,100,,,99883,100,,,99880,100,,,99879,100
2019-06-28 09:47:26.810838991,100618,100,100412,441,100852,341,100367,441,101109,341,100209,100,101132,100,100166,100,101286,100,100058,100,,,99960,100,,,99932,100,,,99883,100,,,99880,100,,,99879,100
2019-06-28 09:47:29.541706167,100618,100,100412,441,100852,441,100367,441,101109,341,100209,100,101132,100,100166,100,101286,100,100058,100,,,99960,100,,,99932,100,,,99883,100,,,99880,100,,,99879,100
2019-06-28 09:47:30.000000000,100618,582,100412,682,100852,200,100367,200,101109,100,100209,100,101132,100,100166,100,101286,100,100058,100,,,99960,100,,,99932,100,,,99883,100,,,99880,100,,,99879,100
2019-06-28 09:47:36.690167737,100618,582,100412,682,100852,300,100367,200,101109,100,100209,100,101132,100,100166,100,101286,100,100058,100,,,99960,100,,,99932,100,,,99883,100,,,99880,100,,,99879,100
2019-06-28 09:47:40.000000000,100618,220,100412,320,100852,420,100367,320,101109,220,100209,220,101132,220,100166,220,101286,100,100058,100,,,99960,100,,,99932,100,,,99883,100,,,99880,100,,,99879,100
2019-06-28 09:47:40.615386588,100618,220,100412,320,100852,420,100367,320,101109,220,100361,100,101132,220,100209,220,101286,100,100166,220,,,100058,100,,,99960,100,,,99932,100,,,99883,100,,,99879,100
2019-06-28 09:47:43.320224564,100618,220,100412,320,100852,420,100367,320,101109,220,100361,100,101132,220,100209,220,101286,100,100166,220,,,100058,100,,,99960,100,,,99932,100,,,99883,100,,,99879,100
2019-06-28 09:47:46.615109731,100618,120,100482,100,100852,420,100412,320,101109,220,100367,320,101132,220,100361,100,101286,100,100209,220,,,100166,220,,,100058,100,,,99960,100,,,99932,100,,,99883,100
2019-06-28 09:47:50.000000000,100852,420,100482,220,101109,220,100412,320,101132,220,100367,320,101286,220,100361,220,,,100209,100,,,100166,100,,,100058,100,,,99960,100,,,99932,100,,,99883,100
2019-06-28 09:48:00.000000000,100852,541,100482,341,101109,341,100412,441,101132,100,100367,200,101286,100,100361,100,,,100209,100,,,100166,100,,,100058,100,,,99960,100,,,99932,100,,,99883,100
2019-06-28 09:48:06.155293856,100679,100,100482,341,100852,541,100412,441,101109,341,100367,200,101132,100,100361,100,101286,100,100209,100,,,100166,100,,,100058,100,,,99960,100,,,99932,100,,,99883,100
2019-06-28 09:48:06.458737988,100679,100,100633,100,100852,541,100482,341,101109,341,100412,441,101132,100,100367,200,101286,100,100361,100,,,100209,100,,,100166,100,,,100058,100,,,99960,100,,,99932,100
2019-06-28 09:48:10.000000000,100679,582,100633,582,100852,300,100482,100,101109,100,100412,200,101132,100,100367,200,101286,100,100361,100,,,100209,100,,,100166,100,,,100058,100,,,99960,100,,,99932,100
2019-06-28 09:48:14.357151401,100679,582,100633,582,100852,300,100482,100,101109,100,100412,200,101132,100,100367,200,101286,100,100288,100,,,100209,100,,,100166,100,,,100058,100,,,99960,100,,,99932,100
2019-06-28 09:48:20.000000000,100679,196,100633,196,100852,396,100482,196,101109,196,100412,296,101132,196,100367,296,101286,196,100288,196,,,100209,100,,,100166,100,,,100058,100,,,99960,100,,,99932,100
2019-06-28 09:48:23.476640036,100679,196,100633,196,100852,396,100484,100,101109,196,100482,196,101132,196,100412,296,101286,196,100367,296,,,100288,196,,,100209,100,,,100166,100,,,100058,100,,,99960,100
2019-06-28 09:48:30.000000000,100679,220,100633,220,100852,420,100484,220,101109,220,100482,220,101132,220,100412,320,101286,100,100367,200,,,100288,100,,,100209,100,,,100166,100,,,100058,100,,,99960,100
2019-06-28 09:48:40.000000000,100679,220,100633,220,100852,420,100484,220,101109,220,100482,220,101132,220,100412,320,101286,100,100367,200,,,100288,100,,,100209,100,,,100166,100,,,100058,100,,,99960,100
2019-06-28 09:48:47.868288101,100679,220,100678,100,100852,420,100633,220,101109,220,100484,120,101132,220,100482,220,101286,100,100412,320,,,100367,200,,,100288,100,,,100209,100,,,100166,100,,,100058,100
2019-06-28 09:48:48.309196051,100679,220,100633,220,100852,420,100484,120,101109,220,100482,220,101132,220,100412,320,101286,100,100367,200,,,100288,100,,,100209,100,,,100166,100,,,100058,100,,,99960,100
2019-06-28 09:48:50.000000000,100679,341,100633,341,100852,541,100482,341,101109,100,100412,200,101132,100,100367,200,101286,100,100288,100,,,100209,100,,,100166,100,,,100058,100,,,99960,100,,,99932,100
2019-06-28 09:49:00.000000000,100679,264,100633,264,100852,459,100482,259,101109,259,100412,359,101132,100,100367,200,101286,100,100288,100,,,100209,100,,,100166,100,,,100058,100,,,99960,100,,,99932,100
2019-06-28 09:49:08.058903897,100679,164,100633,264,100852,459,100482,259,101109,259,100412,359,101132,100,100367,200,101286,100,100288,100,,,100209,100,,,100166,100,,,100058,100,,,99960,100,,,99932,100
2019-06-28 09:49:10.000000000,100852,420,100633,220,101109,220,100482,220,101132,220,100412,320,101286,220,100367,320,,,100288,100,,,100209,100,,,100166,100,,,100058,100,,,99960,100,,,99932,100
2019-06-28 09:49:20.000000000,100852,464,100633,264,101109,259,100482,259,101132,259,100412,359,101286,100,100367,200,,,100288,100,,,100209,100,,,100166,100,,,100058,100,,,99960,100,,,99932,100
2019-06-28 09:49:21.726375474,100689,100,100633,264,100852,464,100482,259,101109,259,100412,359,101132,259,100367,200,101286,100,100209,100,,,100166,100,,,100058,100,,,99960,100,,,99932,100,,,99883,100
2019-06-28 09:49:30.000000000,100689,582,100633,582,100852,300,100482,100,101109,100,100412,200,101132,100,100367,200,101286,100,100209,100,,,100166,100,,,100058,100,,,99960,100,,,99932,100,,,99883,100
2019-06-28 09:49:40.000000000,100689,582,100633,582,100852,300,100482,100,101109,100,100412,200,101132,100,100367,200,101286,100,100209,100,,,100166,100,,,100058,100,,,99960,100,,,99932,100,,,99883,100
2019-06-28 09:49:49.186151134,100689,582,100633,582,100852,300,100482,100,101109,100,100412,200,101132,100,100367,100,101286,100,100209,100,,,100166,100,,,100058,100,,,99960,100,,,99932,100,,,99883,100
2019-06-28 09:49:50.000000000,100689,341,100633,341,100852,541,100482,341,101109,100,100412,200,101132,100,100367,100,101286,100,100209,100,,,100166,100,,,100058,100,,,99960,100,,,99932,100,,,99883,100
2019-06-28 09:49:53.090023540,100687,100,100633,341,100689,341,100482,341,100852,541,100412,200,101109,100,100367,100,101132,100,100209,100,101286,100,100166,100,,,100058,100,,,99960,100,,,99932,100,,,99883,100
2019-06-28 09:50:00.000000000,100687,264,100633,264,100689,259,100482,259,100852,459,100412,359,101109,100,100367,100,101132,100,100209,100,101286,100,100166,100,,,100058,100,,,99960,100,,,99932,100,,,99883,100
2019-06-28 09:50:03.062645565,100687,264,100634,100,100689,259,100633,264,100852,459,100482,259,101109,100,100412,359,101132,100,100367,100,101286,100,100166,100,,,100058,100,,,99960,100,,,99932,100,,,99883,100
2019-06-28 09:50:10.000000000,100687,582,100634,582,100689,100,100633,100,100852,300,100482,100,101109,100,100412,200,101132,100,100367,100,101286,100,100166,100,,,100058,100,,,99960,100,,,99932,100,,,99883,100
2019-06-28 09:50:20.000000000,100687,220,100634,220,100689,220,100633,220,100852,420,100482,220,101109,220,100412,320,101132,100,100367,100,101286,100,100166,100,,,100058,100,,,99960,100,,,99932,100,,,99883,100
2019-06-28 09:50:27.471636963,100687,220,100634,220,100689,220,100633,220,100780,100,100482,220,100852,420,100412,320,101109,220,100367,100,101132,100,100166,100,101286,100,100058,100,,,99960,100,,,99932,100,,,99883,100
2019-06-28 09:50:30.000000000,100687,196,100634,196,100689,196,100633,196,100780,196,100482,196,100852,396,100412,296,101109,196,100367,196,101132,100,100166,100,101286,100,100058,100,,,99960,100,,,99932,100,,,99883,100
2019-06-28 09:50:38.740772876,100687,196,100634,196,100689,196,100633,196,100780,96,100482,196,100852,396,100442,100,101109,196,100412,296,101132,100,100367,196,101286,100,100166,100,,,100058,100,,,99960,100,,,99932,100
2019-06-28 09:50:40.000000000,100687,264,100634,264,100689,259,100633,259,100852,459,100482,259,101109,100,100442,100,101132,100,100412,200,101286,100,100367,100,,,100166,100,,,100058,100,,,99960,100,,,99932,100
2019-06-28 09:50:50.000000000,100687,264,100634,264,100689,259,100633,259,100852,459,100482,259,101109,100,100442,100,101132,100,100412,200,101286,100,100367,100,,,100166,100,,,100058,100,,,99960,100,,,99932,100
2019-06-28 09:51:00.000000000,100687,341,100634,341,100689,341,100633,341,100852,300,100482,100,101109,100,100442,100,101132,100,100412,200,101286,100,100367,100,,,100166,100,,,100058,100,,,99960,100,,,99932,100
2019-06-28 09:51:10.000000000,100687,582,100634,582,100689,100,100633,100,100852,300,100482,100,101109,100,100442,100,101132,100,100412,200,101286,100,100367,100,,,100166,100,,,100058,100,,,99960,100,,,99932,100
2019-06-28 09:51:20.000000000,100687,341,100634,341,100689,341,100633,341,100852,300,100482,100,101109,100,100442,100,101132,100,100412,200,101286,100,100367,100,,,100166,100,,,100058,100,,,99960,100,,,99932,100
2019-06-28 09:51:30.000000000,100687,582,100634,582,100689,100,100633,100,100852,300,100482,100,101109,100,100442,100,101132,100,100412,200,101286,100,100367,100,,,100166,100,,,100058,100,,,99960,100,,,99932,100
2019-06-28 09:51:40.000000000,100687,220,100634,220,100689,220,100633,220,100852,420,100482,220,101109,220,100442,220,101132,100,100412,200,101286,100,100367,100,,,100166,100,,,100058,100,,,99960,100,,,99932,100
2019-06-28 09:51:50.000000000,100687,341,100634,341,100689,341,100633,341,100852,300,100482,100,101109,100,100442,100,101132,100,100412,200,101286,100,100367,100,,,100166,100,,,100058,100,,,99960,100,,,99932,100
2019-06-28 09:51:56.278707429,100687,341,100634,241,100689,341,100633,341,100852,300,100482,100,101109,100,100442,100,101132,100,100412,200,101286,100,100367,100,,,100166,100,,,100058,100,,,99960,100,,,99932,100
2019-06-28 09:52:00.000000000,100687,220,100633,220,100689,220,100482,220,100852,420,100442,220,101109,220,100412,320,101132,100,100367,100,101286,100,100166,100,,,100058,100,,,99960,100,,,99932,100,,,99883,100
2019-06-28 09:52:10.000000000,100687,264,100633,264,100689,259,100482,259,100852,459,100442,259,101109,100,100412,200,101132,100,100367,100,101286,100,100166,100,,,100058,100,,,99960,100,,,99932,100,,,99883,100
2019-06-28 09:52:13.795703713,100678,100,100633,264,100687,264,100482,259,100689,259,100442,259,100852,359,100412,200,101109,100,100367,100,101132,100,100166,100,101286,100,100058,100,,,99960,100,,,99932,100,,,99883,100
2019-06-28 09:52:19.080529097,100678,100,100633,264,100687,264,100482,259,100689,259,100442,259,100852,359,100431,100,101109,100,100412,200,101132,100,100367,100,101286,100,100166,100,,,100058,100,,,99960,100,,,99932,100
2019-06-28 09:52:20.000000000,100678,196,100633,196,100687,196,100482,196,100689,196,100442,196,100852,296,100431,196,101109,196,100412,296,101132,100,100367,100,101286,100,100166,100,,,100058,100,,,99960,100,,,99932,100
2019-06-28 09:52:30.000000000,100678,264,100633,264,100687,259,100482,259,100689,259,100442,259,100852,200,100431,100,101109,100,100412,200,101132,100,100367,100,101286,100,100166,100,,,100058,100,,,99960,100,,,99932,100
2019-06-28 09:52:40.000000000,100678,196,100633,196,100687,196,100482,196,100689,196,100442,196,100852,296,100431,196,101109,196,100412,296,101132,100,100367,100,101286,100,100166,100,,,100058,100,,,99960,100,,,99932,100
2019-06-28 09:52:41.224897979,100678,196,100633,196,100687,196,100482,196,100689,196,100442,196,100852,296,100431,196,101109,196,100412,296,101132,100,100367,100,101286,100,100192,100,,,100166,100,,,100058,100,,,99960,100
2019-06-28 09:52:50.000000000,100678,264,100633,264,100687,259,100482,259,100689,259,100442,259,100852,200,100431,100,101109,100,100412,200,101132,100,100367,100,101286,100,100192,100,,,100166,100,,,100058,100,,,99960,100
2019-06-28 09:53:00.000000000,100678,196,100633,196,100687,196,100482,196,100689,196,100442,196,100852,296,100431,196,101109,196,100412,296,101132,100,100367,100,101286,100,100192,100,,,100166,100,,,100058,100,,,99960,100
2019-06-28 09:53:10.000000000,100678,341,100633,341,100687,341,100482,341,100689,100,100442,100,100852,200,100431,100,101109,100,100412,200,101132,100,100367,100,101286,100,100192,100,,,100166,100,,,100058,100,,,99960,100
2019-06-28 09:53:12.543979450,100678,441,100633,341,100687,341,100482,341,100689,100,100442,100,100852,200,100431,100,101109,100,100412,200,101132,100,100367,100,101286,100,100192,100,,,100166,100,,,100058,100,,,99960,100
2019-06-28 09:53:20.000000000,100678,296,100633,196,100687,196,100482,196,100689,196,100442,196,100852,296,100431,196,101109,196,100412,296,101132,100,100367,100,101286,100,100192,100,,,100166,100,,,100058,100,,,99960,100
2019-06-28 09:53:30.000000000,100678,296,100633,196,100687,196,100482,196,100689,196,100442,196,100852,296,100431,196,101109,196,100412,296,101132,100,100367,100,101286,100,100192,100,,,100166,100,,,100058,100,,,99960,100
2019-06-28 09:53:40.000000000,100678,296,100633,196,100687,196,100482,196,100689,196,100442,196,100852,296,100431,196,101109,196,100412,296,101132,100,100367,100,101286,100,100192,100,,,100166,100,,,100058,100,,,99960,100
2019-06-28 09:53:45.774583178,100678,196,100633,196,100687,196,100617,100,100689,196,100482,196,100852,296,100442,196,101109,196,100431,196,101132,100,100412,296,101286,100,100367,100,,,100192,100,,,100166,100,,,100058,100
2019-06-28 09:53:50.000000000,100678,196,100633,196,100687,196,100617,196,100689,196,100482,196,100852,296,100442,196,101109,196,100431,196,101132,100,100412,200,101286,100,100367,100,,,100192,100,,,100166,100,,,100058,100
2019-06-28 09:54:00.000000000,100678,220,100633,220,100687,220,100617,220,100689,220,100482,220,100852,320,100442,220,101109,100,100431,100,101132,100,100412,200,101286,100,100367,100,,,100192,100,,,100166,100,,,100058,100
2019-06-28 09:54:10.000000000,100678,582,100633,582,100687,100,100617,100,100689,100,100482,100,100852,200,100442,100,101109,100,100431,100,101132,100,100412,200,101286,100,100367,100,,,100192,100,,,100166,100,,,100058,100
2019-06-28 09:54:13.596644554,100678,582,100633,482,100687,100,100617,100,100689,100,100482,100,100852,200,100442,100,101109,100,100431,100,101132,100,100412,200,101286,100,100367,100,,,100192,100,,,100166,100,,,100058,100
2019-06-28 09:54:20.000000000,100678,196,100617,196,100687,196,100482,196,100689,196,100442,196,100852,296,100431,196,101109,196,100412,296,101132,100,100367,100,101286,100,100192,100,,,100166,100,,,100058,100,,,99960,100
2019-06-28 09:54:30.000000000,100678,582,100617,582,100687,100,100482,100,100689,100,100442,100,100852,200,100431,100,101109,100,100412,200,101132,100,100367,100,101286,100,100192,100,,,100166,100,,,100058,100,,,99960,100
2019-06-28 09:54:40.000000000,100678,196,100617,196,100687,196,100482,196,100689,196,100442,196,100852,296,100431,196,101109,196,100412,296,101132,100,100367,100,101286,100,100192,100,,,100166,100,,,100058,100,,,99960,100
2019-06-28 09:54:50.000000000,100678,196,100617,196,100687,196,100482,196,100689,196,100442,196,100852,296,100431,196,101109,196,100412,296,101132,100,100367,100,101286,100,100192,100,,,100166,100,,,100058,100,,,99960,100
2019-06-28 09:55:00.000000000,100678,582,100617,582,100687,100,100482,100,100689,100,100442,100,100852,200,100431,100,101109,100,100412,200,101132,100,100367,100,101286,100,100192,100,,,100166,100,,,100058,100,,,99960,100
2019-06-28 09:55:10.000000000,100678,220,100617,220,100687,220,100482,220,100689,220,100442,220,100852,320,100431,220,101109,100,100412,200,101132,100,100367,100,101286,100,100192,100,,,100166,100,,,100058,100,,,99960,100
2019-06-28 09:55:20.000000000,100678,196,100617,196,100687,196,100482,196,100689,196,100442,196,100852,296,100431,196,101109,196,100412,296,101132,100,100367,100,101286,100,100192,100,,,100166,100,,,100058,100,,,99960,100
2019-06-28 09:55:30.000000000,100678,196,100617,196,100687,196,100482,196,100689,196,100442,196,100852,296,100431,196,101109,196,100412,296,101132,100,100367,100,101286,100,100192,100,,,100166,100,,,100058,100,,,99960,100
2019-06-28 09:55:37.634046913,100678,196,100617,196,100687,196,100482,196,100689,196,100442,196,100852,296,100431,196,101109,196,100412,296,101132,100,100367,100,101286,100,100192,100,101480,100,100166,100,,,100058,100,,,99960,100
2019-06-28 09:55:38.422095163,100678,196,100617,196,100687,196,100482,196,100689,196,100442,196,100852,296,100431,196,101109,196,100412,296,101132,100,100367,100,101286,100,100192,100,101480,100,100166,100,101557,100,100058,100,,,99960,100
2019-06-28 09:55:38.823371386,100678,196,100635,100,100687,196,100617,196,100689,196,100482,196,100852,296,100442,196,101109,196,100431,196,101132,100,100412,296,101286,100,100367,100,101480,100,100192,100,101557,100,100166,100,,,100058,100
2019-06-28 09:55:40.000000000,100678,220,100635,220,100687,220,100617,220,100689,220,100482,220,100852,320,100442,220,101109,100,100431,100,101132,100,100412,200,101286,100,100367,100,101480,100,100192,100,101557,100,100166,100,,,100058,100
2019-06-28 09:55:46.731711166,100678,220,100635,320,100687,220,100617,220,100689,220,100482,220,100852,320,100442,220,101109,100,100431,100,101132,100,100412,200,101286,100,100367,100,101480,100,100192,100,101557,100,100166,100,,,100058,100
2019-06-28 09:55:50.000000000,100678,264,100635,364,100687,259,100617,259,100689,259,100482,259,100852,200,100442,100,101109,100,100431,100,101132,100,100412,200,101286,100,100367,100,101480,100,100192,100,101557,100,100166,100,,,100058,100
2019-06-28 09:55:57.827767300,100678,264,100635,364,100687,259,100617,259,100689,259,100482,259,100852,200,100442,100,101109,100,100431,100,101132,100,100412,200,101286,100,100367,100,101480,100,100192,100,101557,100,100166,100,101777,100,100058,100
2019-06-28 09:56:00.000000000,100678,196,100635,296,100687,196,100617,196,100689,196,100482,196,100852,296,100442,196,101109,196,100431,196,101132,100,100412,200,101286,100,100367,100,101480,100,100192,100,101557,100,100166,100,101777,100,100058,100
2019-06-28 09:56:02.269188176,100678,96,100635,396,100687,196,100617,196,100689,196,100482,196,100852,296,100442,196,101109,196,100431,196,101132,100,100412,200,101286,100,100367,100,101480,100,100192,100,101557,100,100166,100,101777,100,100058,100
2019-06-28 09:56:10.000000000,100687,220,100635,420,100689,220,100617,220,100852,320,100482,220,101109,220,100442,220,101132,100,100431,100,101286,100,100412,200,101480,100,100367,100,101557,100,100192,100,101777,100,100166,100,,,100058,100
2019-06-28 09:56:20.000000000,100687,582,100635,782,100689,100,100617,100,100852,200,100482,100,101109,100,100442,100,101132,100,100431,100,101286,100,100412,200,101480,100,100367,100,101557,100,100192,100,101777,100,100166,100,,,100058,100
2019-06-28 09:56:30.000000000,100687,264,100635,464,100689,259,100617,259,100852,359,100482,259,101109,100,100442,100,101132,100,100431,100,101286,100,100412,200,101480,100,100367,100,101557,100,100192,100,101777,100,100166,100,,,100058,100
2019-06-28 09:56:31.751669435,100687,164,100635,464,100689,259,100617,259,100852,359,100482,259,101109,100,100442,100,101132,100,100431,100,101286,100,100412,200,101480,100,100367,100,101557,100,100192,100,101777,100,100166,100,,,100058,100
2019-06-28 09:56:40.000000000,100689,220,100635,420,100852,320,100617,220,101109,220,100482,220,101132,220,100442,220,101286,100,100431,100,101480,100,100412,200,101557,100,100367,100,101777,100,100192,100,,,100166,100,,,100058,100
2019-06-28 09:56:50.000000000,100689,196,100635,396,100852,296,100617,196,101109,196,100482,196,101132,196,100442,196,101286,196,100431,196,101480,100,100412,200,101557,100,100367,100,101777,100,100192,100,,,100166,100,,,100058,100
2019-06-28 09:56:52.792054234,100689,196,100635,396,100852,296,100617,196,101109,196,100482,196,101132,196,100442,196,101286,196,100431,196,101480,100,100412,100,101557,100,100367,100,101777,100,100192,100,,,100166,100,,,100058,100
2019-06-28 09:57:00.000000000,100689,582,100635,782,100852,200,100617,100,101109,100,100482,100,101132,100,100442,100,101286,100,100431,100,101480,100,100412,100,101557,100,100367,100,101777,100,100192,100,,,100166,100,,,100058,100
2019-06-28 09:57:10.000000000,100689,220,100635,420,100852,320,100617,220,101109,220,100482,220,101132,220,100442,220,101286,100,100431,100,101480,100,100412,100,101557,100,100367,100,101777,100,100192,100,,,100166,100,,,100058,100
2019-06-28 09:57:13.550174963,100689,220,100635,420,100852,320,100617,220,101109,220,100482,220,101132,220,100442,220,101286,100,100431,100,101480,100,100412,100,101557,100,100367,100,101777,100,100192,100,101904,100,100166,100,,,100058,100
2019-06-28 09:57:17.830145480,100689,220,100636,100,100852,320,100635,420,101109,220,100617,220,101132,220,100482,220,101286,100,100442,220,101480,100,100431,100,101557,100,100412,100,101777,100,100367,100,101904,100,100192,100,,,100166,100
2019-06-28 09:57:20.000000000,100689,196,100636,196,100852,296,100635,396,101109,196,100617,196,101132,196,100482,196,101286,196,100442,196,101480,100,100431,100,101557,100,100412,100,101777,100,100367,100,101904,100,100192,100,,,100166,100
2019-06-28 09:57:26.346059230,100689,96,100636,196,100852,296,100635,396,101109,196,100617,196,101132,196,100482,196,101286,196,100442,196,101480,100,100431,100,101557,100,100412,100,101777,100,100367,100,101904,100,100192,100,,,100166,100
2019-06-28 09:57:30.000000000,100852,441,100636,341,101109,341,100635,541,101132,100,100617,100,101286,100,100482,100,101480,100,100442,100,101557,100,100431,100,101777,100,100412,100,101904,100,100367,100,,,100192,100,,,100166,100
2019-06-28 09:57:38.255388782,100852,341,100636,341,101109,341,100635,541,101132,100,100617,100,101286,100,100482,100,101480,100,100442,100,101557,100,100431,100,101777,100,100412,100,101904,100,100367,100,,,100192,100,,,100166,100
2019-06-28 09:57:40.000000000,100852,196,100636,196,101109,196,100635,396,101132,196,100617,196,101286,196,100482,196,101480,196,100442,196,101557,100,100431,100,101777,100,100412,100,101904,100,100367,100,,,100192,100,,,100166,100
2019-06-28 09:57:50.000000000,100852,341,100636,341,101109,341,100635,541,101132,100,100617,100,101286,100,100482,100,101480,100,100442,100,101557,100,100431,100,101777,100,100412,100,101904,100,100367,100,,,100192,100,,,100166,100
2019-06-28 09:58:00.000000000,100852,582,100636,582,101109,100,100635,300,101132,100,100617,100,101286,100,100482,100,101480,100,100442,100,101557,100,100431,100,101777,100,100412,100,101904,100,100367,100,,,100192,100,,,100166,100
2019-06-28 09:58:10.000000000,100852,582,100636,582,101109,100,100635,300,101132,100,100617,100,101286,100,100482,100,101480,100,100442,100,101557,100,100431,100,101777,100,100412,100,101904,100,100367,100,,,100192,100,,,100166,100
2019-06-28 09:58:20.000000000,100852,341,100636,341,101109,341,100635,541,101132,100,100617,100,101286,100,100482,100,101480,100,100442,100,101557,100,100431,100,101777,100,100412,100,101904,100,100367,100,,,100192,100,,,100166,100
2019-06-28 09:58:30.000000000,100852,196,100636,196,101109,196,100635,396,101132,196,100617,196,101286,196,100482,196,101480,196,100442,196,101557,100,100431,100,101777,100,100412,100,101904,100,100367,100,,,100192,100,,,100166,100
2019-06-28 09:58:40.000000000,100852,220,100636,220,101109,220,100635,420,101132,220,100617,220,101286,220,100482,220,101480,100,100442,100,101557,100,100431,100,101777,100,100412,100,101904,100,100367,100,,,100192,100,,,100166,100
2019-06-28 09:58:50.000000000,100852,341,100636,341,101109,341,100635,541,101132,100,100617,100,101286,100,100482,100,101480,100,100442,100,101557,100,100431,100,101777,100,100412,100,101904,100,100367,100,,,100192,100,,,100166,100
2019-06-28 09:59:00.000000000,100852,196,100636,196,101109,196,100635,396,101132,196,100617,196,101286,196,100482,196,101480,196,100442,196,101557,100,100431,100,101777,100,100412,100,101904,100,100367,100,,,100192,100,,,100166,100
2019-06-28 09:59:10.000000000,100852,264,100636,264,101109,259,100635,459,101132,259,100617,259,101286,100,100482,100,101480,100,100442,100,101557,100,100431,100,101777,100,100412,100,101904,100,100367,100,,,100192,100,,,100166,100
2019-06-28 09:59:15.962194561,100852,164,100636,264,101109,159,100635,459,101132,259,100617,259,101286,100,100482,100,101480,100,100442,100,101557,100,100431,100,101777,100,100412,100,101904,100,100367,100,,,100192,100,,,100166,100
2019-06-28 09:59:20.000000000,101132,582,100636,582,101286,100,100635,300,101480,100,100617,100,101557,100,100482,100,101777,100,100442,100,101904,100,100431,100,,,100412,100,,,100367,100,,,100192,100,,,100166,100
2019-06-28 09:59:24.977991235,101132,482,100636,582,101286,100,100635,300,101480,100,100617,100,101557,100,100482,100,101777,100,100442,100,101904,100,100431,100,,,100412,100,,,100367,100,,,100192,100,,,100166,100
2019-06-28 09:59:25.183986971,101132,382,100636,582,101286,100,100635,300,101480,100,100617,100,101557,100,100482,100,101777,100,100442,100,101904,100,100431,100,,,100412,100,,,100367,100,,,100192,100,,,100166,100
2019-06-28 09:59:30.000000000,101286,582,100636,582,101480,100,100635,300,101557,100,100617,100,101777,100,100482,100,101904,100,100442,100,,,100431,100,,,100412,100,,,100367,100,,,100192,100,,,100166,100
2019-06-28 09:59:40.000000000,101286,196,100636,196,101480,196,100635,396,101557,196,100617,196,101777,196,100482,196,101904,196,100442,196,,,100431,100,,,100412,100,,,100367,100,,,100192,100,,,100166,100
2019-06-28 09:59:50.000000000,101286,341,100636,341,101480,341,100635,541,101557,100,100617,100,101777,100,100482,100,101904,100,100442,100,,,100431,100,,,100412,100,,,100367,100,,,100192,100,,,100166,100
2019-06-28 10:00:00.000000000,101286,582,100636,582,101480,100,100635,300,101557,100,100617,100,101777,100,100482,100,101904,100,100442,100,,,100431,100,,,100412,100,,,100367,100,,,100192,100,,,100166,100
2019-06-28 10:00:01.496426611,101286,582,100636,582,101480,100,100635,300,101557,100,100617,100,101777,100,100482,100,101888,100,100442,100,,,100431,100,,,100412,100,,,100367,100,,,100192,100,,,100166,100
2019-06-28 10:00:02.644918900,101286,582,101132,100,101480,100,100636,582,101557,100,100635,300,101777,100,100617,100,101888,100,100482,100,,,100442,100,,,100431,100,,,100412,100,,,100367,100,,,100192,100
2019-06-28 10:00:10.000000000,101286,341,101132,341,101480,341,100636,341,101557,100,100635,300,101777,100,100617,100,101888,100,100482,100,,,100442,100,,,100431,100,,,100412,100,,,100367,100,,,100192,100
2019-06-28 10:00:20.000000000,101286,220,101132,220,101480,220,100636,220,101557,220,100635,420,101777,220,100617,220,101888,100,100482,100,,,100442,100,,,100431,100,,,100412,100,,,100367,100,,,100192,100
2019-06-28 10:00:30.000000000,101286,341,101132,341,101480,341,100636,341,101557,100,100635,300,101777,100,100617,100,101888,100,100482,100,,,100442,100,,,100431,100,,,100412,100,,,100367,100,,,100192,100
2019-06-28 10:00:38.439233301,101286,241,101132,341,101480,341,100636,341,101557,100,100635,300,101777,100,100617,100,101888,100,100482,100,,,100442,100,,,100431,100,,,100412,100,,,100367,100,,,100192,100
2019-06-28 10:00:40.000000000,101480,582,101132,582,101557,100,100636,100,101777,100,100635,300,101888,100,100617,100,,,100482,100,,,100442,100,,,100431,100,,,100412,100,,,100367,100,,,100192,100
2019-06-28 10:00:50.000000000,101480,341,101132,341,101557,341,100636,341,101777,100,100635,300,101888,100,100617,100,,,100482,100,,,100442,100,,,100431,100,,,100412,100,,,100367,100,,,100192,100
2019-06-28 10:01:00.000000000,101480,196,101132,196,101557,196,100636,196,101777,196,100635,396,101888,196,100617,196,101889,96,100482,196,,,100442,100,,,100431,100,,,100412,100,,,100367,100,,,100192,100
2019-06-28 10:01:06.729258272,101480,96,101132,196,101557,196,100636,196,101777,196,100635,396,101888,196,100617,196,101889,96,100482,196,,,100442,100,,,100431,100,,,100412,100,,,100367,100,,,100192,100
2019-06-28 10:01:10.000000000,101557,341,101132,341,101777,341,100636,341,101888,100,100635,300,,,100617,100,,,100482,100,,,100442,100,,,100431,100,,,100412,100,,,100367,100,,,100192,100
2019-06-28 10:01:20.000000000,101557,196,101132,196,101777,196,100636,196,101888,196,100635,396,101889,96,100617,196,,,100482,196,,,100442,100,,,100431,100,,,100412,100,,,100367,100,,,100192,100
2019-06-28 10:01:30.000000000,101557,220,101132,220,101777,220,100636,220,101888,220,100635,420,101889,120,100617,220,,,100482,100,,,100442,100,,,100431,100,,,100412,100,,,100367,100,,,100192,100
2019-06-28 10:01:40.000000000,101557,264,101132,264,101777,259,100636,259,101888,259,100635,459,,,100617,100,,,100482,100,,,100442,100,,,100431,100,,,100412,100,,,100367,100,,,100192,100
2019-06-28 10:01:47.110458765,101557,164,101132,264,101777,259,100636,259,101888,259,100635,459,,,100617,100,,,100482,100,,,100442,100,,,100431,100,,,100412,100,,,100367,100,,,100192,100
2019-06-28 10:01:50.000000000,101777,582,101132,582,101888,100,100636,100,,,100635,300,,,100617,100,,,100482,100,,,100442,100,,,100431,100,,,100412,100,,,100367,100,,,100192,100
2019-06-28 10:01:50.113555432,101777,582,101132,582,101888,100,100636,100,102063,100,100635,300,,,100617,100,,,100482,100,,,100442,100,,,100431,100,,,100412,100,,,100367,100,,,100192,100
2019-06-28 10:02:00.000000000,101777,220,101132,220,101888,220,100636,220,102063,220,100635,420,102064,120,100617,220,,,100482,100,,,100442,100,,,100431,100,,,100412,100,,,100367,100,,,100192,100
2019-06-28 10:02:10.000000000,101777,582,101132,582,101888,100,100636,100,102063,100,100635,300,,,100617,100,,,100482,100,,,100442,100,,,100431,100,,,100412,100,,,100367,100,,,100192,100
2019-06-28 10:02:20.000000000,101777,196,101132,196,101888,196,100636,196,102063,196,100635,396,102064,96,100617,196,,,100482,196,,,100442,100,,,100431,100,,,100412,100,,,100367,100,,,100192,100
2019-06-28 10:02:21.523394045,101777,196,101480,100,101888,196,101132,196,102063,196,100636,196,102064,96,100635,396,,,100617,196,,,100482,196,,,100442,100,,,100431,100,,,100412,100,,,100367,100
2019-06-28 10:02:23.201592703,101777,196,101505,100,101888,196,101480,100,102063,196,101132,196,102064,96,100636,196,,,100635,396,,,100617,196,,,100482,196,,,100442,100,,,100431,100,,,100412,100
2019-06-28 10:02:26.168168477,101556,100,101505,100,101777,196,101480,100,101888,196,101132,196,102063,196,100636,196,102064,96,100635,396,,,100617,196,,,100482,196,,,100442,100,,,100431,100,,,100367,100
2019-06-28 10:02:30.000000000,101556,196,101505,196,101777,196,101480,196,101888,196,101132,196,102063,196,100636,196,102064,96,100635,396,,,100617,100,,,100482,100,,,100442,100,,,100431,100,,,100367,100
2019-06-28 10:02:37.746212607,101556,96,101505,196,101777,196,101480,196,101888,196,101132,196,102063,196,100636,196,102064,96,100635,396,,,100617,100,,,100482,100,,,100442,100,,,100431,100,,,100367,100
2019-06-28 10:02:40.000000000,101777,341,101505,341,101888,341,101480,341,102063,100,101132,100,,,100636,100,,,100635,300,,,100617,100,,,100482,100,,,100442,100,,,100431,100,,,100367,100
2019-06-28 10:02:46.995219467,101777,341,101505,341,101888,341,101480,341,102063,100,101212,100,,,101132,100,,,100636,100,,,100635,300,,,100617,100,,,100482,100,,,100442,100,,,100431,100
2019-06-28 10:02:50.000000000,101777,341,101505,341,101888,341,101480,341,102063,100,101212,100,,,101132,100,,,100636,100,,,100635,300,,,100617,100,,,100482,100,,,100442,100,,,100431,100
2019-06-28 10:03:00.000000000,101777,582,101505,582,101888,100,101480,100,102063,100,101212,100,,,101132,100,,,100636,100,,,100635,300,,,100617,100,,,100482,100,,,100442,100,,,100431,100
2019-06-28 10:03:03.851882692,101777,582,101556,100,101888,100,101505,582,102063,100,101480,100,,,101212,100,,,101132,100,,,100636,100,,,100635,300,,,100617,100,,,100482,100,,,100442,100
2019-06-28 10:03:10.000000000,101777,341,101556,341,101888,341,101505,341,102063,100,101480,100,,,101212,100,,,101132,100,,,100636,100,,,100635,300,,,100617,100,,,100482,100,,,100442,100
2019-06-28 10:03:20.000000000,101777,196,101556,196,101888,196,101505,196,102063,196,101480,196,102064,96,101212,196,,,101132,196,,,100636,100,,,100635,300,,,100617,100,,,100482,100,,,100442,100
2019-06-28 10:03:25.116912420,101777,196,101556,296,101888,196,101505,196,102063,196,101480,196,102064,96,101212,196,,,101132,196,,,100636,100,,,100635,300,,,100617,100,,,100482,100,,,100442,100
2019-06-28 10:03:30.000000000,101777,264,101556,364,101888,259,101505,259,102063,259,101480,259,,,101212,100,,,101132,100,,,100636,100,,,100635,300,,,100617,100,,,100482,100,,,100442,100
2019-06-28 10:03:38.951192138,101624,100,101556,364,101777,264,101505,159,101888,259,101480,259,102063,259,101212,100,,,101132,100,,,100636,100,,,100635,300,,,100617,100,,,100482,100,,,100442,100
2019-06-28 10:03:40.000000000,101624,264,101556,364,101777,259,101480,259,101888,259,101212,259,102063,100,101132,100,,,100636,100,,,100635,300,,,100617,100,,,100482,100,,,100442,100,,,100431,100
2019-06-28 10:03:44.024635880,101624,264,101556,364,101742,100,101480,259,101777,259,101212,259,101888,259,101132,100,102063,100,100636,100,,,100635,300,,,100617,100,,,100482,100,,,100442,100,,,100431,100
2019-06-28 10:03:45.474750395,101624,264,101556,364,101742,100,101480,259,101777,259,101400,100,101888,259,101212,259,102063,100,101132,100,,,100636,100,,,100635,300,,,100617,100,,,100482,100,,,100442,100
2019-06-28 10:03:47.778928280,101624,264,101556,464,101742,100,101480,259,101777,259,101400,100,101888,259,101212,259,102063,100,101132,100,,,100636,100,,,100635,300,,,100617,100,,,100482,100,,,100442,100
2019-06-28 10:03:50.000000000,101624,264,101556,464,101742,259,101480,259,101777,259,101400,259,101888,100,101212,100,102063,100,101132,100,,,100636,100,,,100635,300,,,100617,100,,,100482,100,,,100442,100
2019-06-28 10:04:00.000000000,101624,341,101556,541,101742,341,101480,341,101777,100,101400,100,101888,100,101212,100,102063,100,101132,100,,,100636,100,,,100635,300,,,100617,100,,,100482,100,,,100442,100
2019-06-28 10:04:10.000000000,101624,220,101556,420,101742,220,101480,220,101777,220,101400,220,101888,220,101212,220,102063,100,101132,100,,,100636,100,,,100635,300,,,100617,100,,,100482,100,,,100442,100
2019-06-28 10:04:20.000000000,101624,341,101556,541,101742,341,101480,341,101777,100,101400,100,101888,100,101212,100,102063,100,101132,100,,,100636,100,,,100635,300,,,100617,100,,,100482,100,,,100442,100
2019-06-28 10:04:26.001882996,101624,241,101556,441,101742,341,101480,341,101777,100,101400,100,101888,100,101212,100,102063,100,101132,100,,,100636,100,,,100635,300,,,100617,100,,,100482,100,,,100442,100
2019-06-28 10:04:30.000000000,101742,582,101556,682,101777,100,101480,100,101888,100,101400,100,102063,100,101212,100,,,101132,100,,,100636,100,,,100635,300,,,100617,100,,,100482,100,,,100442,100
2019-06-28 10:04:36.695074399,101742,582,101556,582,101777,100,101480,100,101888,100,101400,100,102063,100,101212,100,,,101132,100,,,100636,100,,,100635,300,,,100617,100,,,100482,100,,,100442,100
2019-06-28 10:04:40.000000000,101742,196,101556,196,101777,196,101480,196,101888,196,101400,196,102063,196,101212,196,102064,96,101132,196,,,100636,100,,,100635,300,,,100617,100,,,100482,100,,,100442,100
2019-06-28 10:04:50.000000000,101742,582,101556,582,101777,100,101480,100,101888,100,101400,100,102063,100,101212,100,,,101132,100,,,100636,100,,,100635,300,,,100617,100,,,100482,100,,,100442,100
2019-06-28 10:05:00.000000000,101742,341,101556,341,101777,341,101480,341,101888,100,101400,100,102063,100,101212,100,,,101132,100,,,100636,100,,,100635,300,,,100617,100,,,100482,100,,,100442,100
2019-06-28 10:05:04.292426098,101742,341,101556,241,101777,341,101480,341,101888,100,101400,100,102063,100,101212,100,,,100636,100,,,100635,300,,,100617,100,,,100482,100,,,100442,100,,,100431,100
2019-06-28 10:05:10.000000000,101742,220,101480,220,101777,220,101400,220,101888,220,101212,220,102063,220,100636,220,,,100635,300,,,100617,100,,,100482,100,,,100442,100,,,100431,100,,,100192,100
2019-06-28 10:05:20.000000000,101742,220,101480,220,101777,220,101400,220,101888,220,101212,220,102063,220,100636,220,,,100635,300,,,100617,100,,,100482,100,,,100442,100,,,100431,100,,,100192,100
2019-06-28 10:05:30.000000000,101742,582,101480,582,101777,100,101400,100,101888,100,101212,100,102063,100,100636,100,,,100635,300,,,100617,100,,,100482,100,,,100442,100,,,100431,100,,,100192,100
2019-06-28 10:05:40.000000000,101742,582,101480,582,101777,100,101400,100,101888,100,101212,100,102063,100,100636,100,,,100635,300,,,100617,100,,,100482,100,,,100442,100,,,100431,100,,,100192,100
2019-06-28 10:05:43.723213280,101742,582,101480,582,101777,100,101400,100,101888,100,101212,100,102063,100,100912,100,,,100636,100,,,100635,300,,,100617,100,,,100482,100,,,100442,100,,,100431,100
2019-06-28 10:05:46.932505904,101742,582,101480,482,101777,100,101400,100,101888,100,101212,100,102063,100,100912,100,,,100636,100,,,100635,300,,,100617,100,,,100482,100,,,100442,100,,,100431,100
2019-06-28 10:05:50.000000000,101742,220,101400,220,101777,220,101212,220,101888,220,100912,220,102063,220,100636,220,,,100635,300,,,100617,100,,,100482,100,,,100442,100,,,100431,100,,,100192,100
2019-06-28 10:06:00.000000000,101742,196,101400,196,101777,196,101212,196,101888,196,100912,196,102063,196,100636,196,102064,96,100635,396,,,100617,100,,,100482,100,,,100442,100,,,100431,100,,,100192,100
2019-06-28 10:06:00.673766215,101742,196,101400,196,101777,196,101212,196,101888,196,100912,196,102063,196,100888,100,102064,96,100636,196,,,100635,396,,,100617,100,,,100482,100,,,100442,100,,,100431,100
2019-06-28 10:06:09.765366689,101742,196,101400,196,101777,196,101212,196,101888,196,101111,100,102063,196,100912,196,102064,96,100888,100,,,100636,196,,,100635,396,,,100617,100,,,100482,100,,,100442,100
2019-06-28 10:06:10.000000000,101742,582,101400,582,101777,100,101212,100,101888,100,101111,100,102063,100,100912,100,,,100888,100,,,100636,100,,,100635,300,,,100617,100,,,100482,100,,,100442,100
2019-06-28 10:06:20.000000000,101742,582,101400,582,101777,100,101212,100,101888,100,101111,100,102063,100,100912,100,,,100888,100,,,100636,100,,,100635,300,,,100617,100,,,100482,100,,,100442,100
2019-06-28 10:06:24.542966056,101742,582,101400,582,101777,100,101212,100,101888,100,101111,100,102063,100,100912,100,,,100888,100,,,100635,300,,,100617,100,,,100482,100,,,100442,100,,,100431,100
2019-06-28 10:06:30.000000000,101742,196,101400,196,101777,196,101212,196,101888,196,101111,196,102063,196,100912,196,102064,96,100888,196,,,100635,300,,,100617,100,,,100482,100,,,100442,100,,,100431,100
2019-06-28 10:06:40.000000000,101742,582,101400,582,101777,100,101212,100,101888,100,101111,100,102063,100,100912,100,,,100888,100,,,100635,300,,,100617,100,,,100482,100,,,100442,100,,,100431,100
2019-06-28 10:06:41.687887003,101556,100,101400,582,101742,582,101212,100,101777,100,101111,100,101888,100,100912,100,102063,100,100888,100,,,100635,300,,,100482,100,,,100442,100,,,100431,100,,,100192,100
2019-06-28 10:06:50.000000000,101556,341,101400,341,101742,341,101212,341,101777,100,101111,100,101888,100,100912,100,102063,100,100888,100,,,100635,300,,,100482,100,,,100442,100,,,100431,100,,,100192,100
2019-06-28 10:07:00.000000000,101556,264,101400,264,101742,259,101212,259,101777,259,101111,259,101888,100,100912,100,102063,100,100888,100,,,100635,300,,,100482,100,,,100442,100,,,100431,100,,,100192,100
2019-06-28 10:07:03.502412877,101556,264,101400,164,101742,259,101212,159,101777,259,101111,259,101888,100,100912,100,102063,100,100888,100,,,100635,300,,,100482,100,,,100442,100,,,100431,100,,,100192,100
2019-06-28 10:07:05.909969634,101556,264,101400,164,101742,259,101242,100,101777,259,101212,159,101888,100,101111,259,102063,100,100912,100,,,100888,100,,,100635,300,,,100482,100,,,100442,100,,,100431,100
2019-06-28 10:07:10.000000000,101556,196,101242,196,101742,196,101111,196,101777,196,100912,196,101888,196,100888,196,102063,196,100635,396,,,100482,100,,,100442,100,,,100431,100,,,100192,100,,,100166,100
2019-06-28 10:07:20.000000000,101556,196,101242,196,101742,196,101111,196,101777,196,100912,196,101888,196,100888,196,102063,196,100635,396,,,100482,100,,,100442,100,,,100431,100,,,100192,100,,,100166,100
2019-06-28 10:07:29.706341856,101556,96,101242,196,101742,196,101111,196,101777,196,100912,196,101888,196,100888,196,102063,196,100635,396,,,100482,100,,,100442,100,,,100431,100,,,100192,100,,,100166,100
2019-06-28 10:07:30.000000000,101742,196,101242,196,101777,196,101111,196,101888,196,100912,196,102063,196,100888,196,102064,96,100635,396,,,100482,100,,,100442,100,,,100431,100,,,100192,100,,,100166,100
2019-06-28 10:07:35.800277370,101480,100,101242,196,101742,196,101111,196,101777,196,100912,196,101888,196,100888,196,102063,196,100635,396,102064,96,100482,100,,,100442,100,,,100431,100,,,100192,100,,,100166,100
2019-06-28 10:07:40.000000000,101480,582,101242,582,101742,100,101111,100,101777,100,100912,100,101888,100,100888,100,102063,100,100635,300,,,100482,100,,,100442,100,,,100431,100,,,100192,100,,,100166,100
2019-06-28 10:07:50.000000000,101480,196,101242,196,101742,196,101111,196,101777,196,100912,196,101888,196,100888,196,102063,196,100635,396,,,100482,100,,,100442,100,,,100431,100,,,100192,100,,,100166,100
2019-06-28 10:08:00.000000000,101480,582,101242,582,101742,100,101111,100,101777,100,100912,100,101888,100,100888,100,102063,100,100635,300,,,100482,100,,,100442,100,,,100431,100,,,100192,100,,,100166,100
2019-06-28 10:08:10.000000000,101480,264,101242,264,101742,259,101111,259,101777,259,100912,259,101888,100,100888,100,102063,100,100635,300,,,100482,100,,,100442,100,,,100431,100,,,100192,100,,,100166,100
2019-06-28 10:08:11.175127027,101480,364,101242,264,101742,259,101111,259,101777,259,100912,259,101888,100,100888,100,102063,100,100635,300,,,100482,100,,,100442,100,,,100431,100,,,100192,100,,,100166,100
2019-06-28 10:08:16.689428329,101480,364,101242,164,101742,259,101111,259,101777,259,100912,259,101888,100,100888,100,102063,100,100635,300,,,100482,100,,,100442,100,,,100431,100,,,100192,100,,,100166,100
2019-06-28 10:08:20.000000000,101480,320,101111,220,101742,220,100912,220,101777,220,100888,220,101888,220,100635,420,102063,100,100482,100,,,100442,100,,,100431,100,,,100192,100,,,100166,100,,,99932,100
2019-06-28 10:08:30.000000000,101480,441,101111,341,101742,341,100912,341,101777,100,100888,100,101888,100,100635,300,102063,100,100482,100,,,100442,100,,,100431,100,,,100192,100,,,100166,100,,,99932,100
2019-06-28 10:08:31.505128687,101480,441,101111,341,101742,341,100912,341,101777,100,100888,100,101888,100,100635,300,102063,100,100565,100,,,100482,100,,,100442,100,,,100431,100,,,100192,100,,,100166,100
2019-06-28 10:08:32.404959405,101480,441,101111,341,101742,341,100912,341,101777,100,100888,100,101888,100,100635,300,102063,100,100598,100,,,100565,100,,,100482,100,,,100442,100,,,100431,100,,,100192,100
2019-06-28 10:08:40.000000000,101480,320,101111,220,101742,220,100912,220,101777,220,100888,220,101888,220,100635,420,102063,100,100598,100,,,100565,100,,,100482,100,,,100442,100,,,100431,100,,,100192,100
2019-06-28 10:08:50.000000000,101480,320,101111,220,101742,220,100912,220,101777,220,100888,220,101888,220,100635,420,102063,100,100598,100,,,100565,100,,,100482,100,,,100442,100,,,100431,100,,,100192,100
2019-06-28 10:09:00.000000000,101480,296,101111,196,101742,196,100912,196,101777,196,100888,196,101888,196,100635,396,102063,196,100598,196,,,100565,100,,,100482,100,,,100442,100,,,100431,100,,,100192,100
2019-06-28 10:09:10.000000000,101480,296,101111,196,101742,196,100912,196,101777,196,100888,196,101888,196,100635,396,102063,196,100598,196,,,100565,100,,,100482,100,,,100442,100,,,100431,100,,,100192,100
2019-06-28 10:09:20.000000000,101480,441,101111,341,101742,341,100912,341,101777,100,100888,100,101888,100,100635,300,102063,100,100598,100,,,100565,100,,,100482,100,,,100442,100,,,100431,100,,,100192,100
2019-06-28 10:09:30.000000000,101480,296,101111,196,101742,196,100912,196,101777,196,100888,196,101888,196,100635,396,102063,196,100598,196,,,100565,100,,,100482,100,,,100442,100,,,100431,100,,,100192,100
2019-06-28 10:09:34.174382316,101480,296,101111,96,101742,196,100912,196,101777,196,100888,196,101888,196,100635,396,102063,196,100598,196,,,100565,100,,,100482,100,,,100442,100,,,100431,100,,,100192,100
2019-06-28 10:09:40.000000000,101480,441,100912,341,101742,341,100888,341,101777,100,100635,300,101888,100,100598,100,102063,100,100565,100,,,100482,100,,,100442,100,,,100431,100,,,100192,100,,,100166,100
2019-06-28 10:09:50.000000000,101480,364,100912,264,101742,259,100888,259,101777,259,100635,459,101888,100,100598,100,102063,100,100565,100,,,100482,100,,,100442,100,,,100431,100,,,100192,100,,,100166,100
2019-06-28 10:09:56.382816906,101480,364,100912,264,101742,259,100888,259,101777,259,100635,359,101888,100,100598,100,102063,100,100565,100,,,100482,100,,,100442,100,,,100431,100,,,100192,100,,,100166,100
2019-06-28 10:10:00.000000000,101480,364,100912,264,101742,259,100888,259,101777,259,100635,359,101888,100,100598,100,102063,100,100565,100,,,100482,100,,,100442,100,,,100431,100,,,100192,100,,,100166,100
2019-06-28 10:10:00.257431980,101242,100,100912,264,101480,264,100888,259,101742,259,100635,359,101777,259,100598,100,101888,100,100565,100,102063,100,100482,100,,,100442,100,,,100431,100,,,100192,100,,,100166,100
2019-06-28 10:10:09.127824081,101242,100,100912,164,101480,264,100888,259,101742,259,100635,359,101777,259,100598,100,101888,100,100565,100,102063,100,100482,100,,,100442,100,,,100431,100,,,100192,100,,,100166,100
2019-06-28 10:10:10.000000000,101242,582,100888,582,101480,100,100635,200,101742,100,100598,100,101777,100,100565,100,101888,100,100482,100,102063,100,100442,100,,,100431,100,,,100192,100,,,100166,100,,,99932,100
2019-06-28 10:10:20.000000000,101242,196,100888,196,101480,196,100635,296,101742,196,100598,196,101777,196,100565,196,101888,196,100482,196,102063,100,100442,100,,,100431,100,,,100192,100,,,100166,100,,,99932,100
2019-06-28 10:10:20.046183640,101242,196,100888,96,101480,196,100635,296,101742,196,100598,196,101777,196,100565,196,101888,196,100482,196,102063,100,100442,100,,,100431,100,,,100192,100,,,100166,100,,,99932,100
2019-06-28 10:10:30.000000000,101242,220,100635,320,101480,220,100598,220,101742,220,100565,220,101777,220,100482,220,101888,100,100442,100,102063,100,100431,100,,,100192,100,,,100166,100,,,99932,100,,,99883,100
2019-06-28 10:10:40.000000000,101242,582,100635,682,101480,100,100598,100,101742,100,100565,100,101777,100,100482,100,101888,100,100442,100,102063,100,100431,100,,,100192,100,,,100166,100,,,99932,100,,,99883,100
2019-06-28 10:10:50.000000000,101242,582,100635,682,101480,100,100598,100,101742,100,100565,100,101777,100,100482,100,101888,100,100442,100,102063,100,100431,100,,,100192,100,,,100166,100,,,99932,100,,,99883,100
2019-06-28 10:11:00.000000000,101242,196,100635,296,101480,196,100598,196,101742,196,100565,196,101777,196,100482,196,101888,196,100442,196,102063,100,100431,100,,,100192,100,,,100166,100,,,99932,100,,,99883,100
2019-06-28 10:11:10.000000000,101242,220,100635,320,101480,220,100598,220,101742,220,100565,220,101777,220,100482,220,101888,100,100442,100,102063,100,100431,100,,,100192,100,,,100166,100,,,99932,100,,,99883,100
2019-06-28 10:11:13.914788112,100912,100,100635,320,101242,220,100598,220,101480,220,100565,220,101742,220,100482,220,101777,220,100442,100,101888,100,100431,100,102063,100,100192,100,,,100166,100,,,99932,100,,,99883,100
2019-06-28 10:11:20.000000000,100912,264,100635,364,101242,259,100598,259,101480,259,100565,259,101742,100,100482,100,101777,100,100442,100,101888,100,100431,100,102063,100,100192,100,,,100166,100,,,99932,100,,,99883,100
2019-06-28 10:11:22.373924184,100912,264,100635,264,101242,259,100598,259,101480,259,100565,259,101742,100,100482,100,101777,100,100442,100,101888,100,100431,100,102063,100,100192,100,,,100166,100,,,99932,100,,,99883,100
2019-06-28 10:11:30.000000000,100912,264,100635,264,101242,259,100598,259,101480,259,100565,259,101742,100,100482,100,101777,100,100442,100,101888,100,100431,100,102063,100,100192,100,,,100166,100,,,99932,100,,,99883,100
2019-06-28 10:11:40.000000000,100912,582,100635,582,101242,100,100598,100,101480,100,100565,100,101742,100,100482,100,101777,100,100442,100,101888,100,100431,100,102063,100,100192,100,,,100166,100,,,99932,100,,,99883,100
2019-06-28 10:11:50.000000000,100912,196,100635,196,101242,196,100598,196,101480,196,100565,196,101742,196,100482,196,101777,196,100442,196,101888,100,100431,100,102063,100,100192,100,,,100166,100,,,99932,100,,,99883,100
2019-06-28 10:11:51.416245204,100912,196,100635,196,101242,196,100598,196,101480,196,100565,196,101742,196,100533,100,101777,196,100482,196,101888,100,100442,196,102063,100,100431,100,,,100192,100,,,100166,100,,,99932,100
2019-06-28 10:12:00.000000000,100912,196,100635,196,101242,196,100598,196,101480,196,100565,196,101742,196,100533,196,101777,196,100482,196,101888,100,100442,100,102063,100,100431,100,,,100192,100,,,100166,100,,,99932,100
2019-06-28 10:12:10.000000000,100912,264,100635,264,101242,259,100598,259,101480,259,100565,259,101742,100,100533,100,101777,100,100482,100,101888,100,100442,100,102063,100,100431,100,,,100192,100,,,100166,100,,,99932,100
2019-06-28 10:12:20.000000000,100912,220,100635,220,101242,220,100598,220,101480,220,100565,220,101742,220,100533,220,101777,100,100482,100,101888,100,100442,100,102063,100,100431,100,,,100192,100,,,100166,100,,,99932,100
2019-06-28 10:12:21.021276445,100912,220,100635,220,101052,100,100598,220,101242,220,100565,220,101480,220,100533,220,101742,220,100482,100,101777,100,100442,100,101888,100,100431,100,102063,100,100192,100,,,100166,100,,,99932,100
2019-06-28 10:12:28.187515671,100888,100,100635,220,100912,220,100598,220,101052,100,100565,220,101242,220,100533,220,101480,220,100482,100,101742,220,100442,100,101777,100,100431,100,101888,100,100192,100,102063,100,100166,100,,,99932,100
2019-06-28 10:12:30.000000000,100888,264,100635,264,100912,259,100598,259,101052,259,100565,259,101242,100,100533,100,101480,100,100482,100,101742,100,100442,100,101777,100,100431,100,101888,100,100192,100,102063,100,100166,100,,,99932,100
