,ask_price_1,ask_size_1,bid_price_1,bid_size_1,ask_price_2,ask_size_2,bid_price_2,bid_size_2,ask_price_3,ask_size_3,bid_price_3,bid_size_3,ask_price_4,ask_size_4,bid_price_4,bid_size_4,ask_price_5,ask_size_5,bid_price_5,bid_size_5,ask_price_6,ask_size_6,bid_price_6,bid_size_6,ask_price_7,ask_size_7,bid_price_7,bid_size_7,ask_price_8,ask_size_8,bid_price_8,bid_size_8,ask_price_9,ask_size_9,bid_price_9,bid_size_9,ask_price_10,ask_size_10,bid_price_10,bid_size_10
2019-06-28 09:30:00.000000001,,,100010,100,,,,,,,,,,,,,,,,,,,,,,,,,,,,,,,,,,,,
2019-06-28 09:30:00.000000003,,,99931,100,,,,,,,,,,,,,,,,,,,,,,,,,,,,,,,,,,,,
2019-06-28 09:30:00.000000009,100079,100,99931,100,,,99909,100,,,,,,,,,,,,,,,,,,,,,,,,,,,,,,,,
2019-06-28 09:30:00.000000011,100076,100,99931,100,100079,100,99909,100,,,99864,100,,,,,,,,,,,,,,,,,,,,,,,,,,,,
2019-06-28 09:30:00.000000013,100076,100,99967,100,100079,100,99931,100,100132,100,99909,100,,,99864,100,,,99794,100,,,,,,,,,,,,,,,,,,,,
2019-06-28 09:30:00.000000016,100076,100,99967,100,100079,100,99931,100,100110,100,99909,100,100132,100,99864,100,,,99794,100,,,,,,,,,,,,,,,,,,,,
2019-06-28 09:30:00.000000018,100040,100,99967,100,100076,100,99931,100,100079,100,99909,100,100084,100,99864,100,100110,100,99794,100,100132,100,,,,,,,,,,,,,,,,,,
2019-06-28 09:30:00.000000020,100010,100,99967,100,100040,100,99931,100,100076,100,99909,100,100079,100,99864,100,100084,100,99794,100,100110,100,,,100132,100,,,,,,,,,,,,,,
2019-06-28 09:30:00.000000021,100010,100,99967,100,100039,100,99931,100,100040,100,99909,100,100076,100,99864,100,100079,100,99794,100,100084,100,,,100110,100,,,100132,100,,,,,,,,,,
2019-06-28 09:30:00.000000022,100010,100,99967,100,100022,100,99931,100,100039,100,99909,100,100040,100,99881,100,100076,100,99864,100,100079,100,99794,100,100084,100,,,100110,100,,,100132,100,,,,,,
2019-06-28 09:30:00.000000023,100010,100,99967,100,100022,100,99931,100,100039,100,99909,100,100040,100,99881,100,100076,100,99864,100,100079,100,99794,100,100084,100,,,100110,100,,,100132,200,,,,,,
2019-06-28 09:30:00.000000027,100010,100,99967,100,100022,100,99931,100,100024,100,99909,100,100039,100,99881,100,100040,100,99864,100,100076,100,99794,100,100077,100,,,100079,100,,,100084,100,,,100110,100,,
2019-06-28 09:30:00.000000028,100010,100,99967,100,100022,100,99931,100,100024,100,99909,100,100039,100,99881,100,100040,100,99864,100,100076,100,99794,100,100077,100,,,100079,100,,,100084,100,,,100100,100,,
2019-06-28 09:30:00.000000029,100010,100,99967,100,100022,100,99931,100,100024,100,99909,100,100039,100,99881,100,100040,100,99864,100,100076,100,99794,100,100077,100,,,100079,100,,,100084,100,,,100100,100,,
2019-06-28 09:30:00.000000031,100010,100,99967,100,100022,100,99931,100,100024,100,99909,100,100039,100,99881,100,100040,100,99864,100,100055,100,99794,100,100076,100,,,100077,100,,,100079,100,,,100084,100,,
2019-06-28 09:30:00.000000032,100010,100,99931,100,100022,100,99909,100,100024,100,99881,100,100039,100,99864,100,100040,100,99794,100,100055,100,,,100076,100,,,100077,100,,,100079,100,,,100084,100,,
2019-06-28 09:30:00.000000033,100010,100,99931,100,100022,100,99909,100,100024,100,99881,100,100039,100,99864,100,100040,100,99794,100,100055,100,,,100076,100,,,100077,100,,,100079,100,,,100084,100,,
2019-06-28 09:30:00.000000034,100010,100,99931,100,100022,100,99909,100,100024,100,99881,100,100039,100,99864,100,100040,100,99794,100,100055,100,,,100076,100,,,100077,100,,,100079,100,,,100084,100,,
2019-06-28 09:30:00.000000036,100010,100,99931,100,100021,100,99909,100,100022,100,99881,100,100024,100,99864,100,100039,100,99794,100,100040,100,,,100055,100,,,100076,100,,,100077,100,,,100079,100,,
2019-06-28 09:30:00.000000037,100021,100,99931,100,100022,100,99909,100,100024,100,99881,100,100039,100,99864,100,100040,100,99794,100,100055,100,,,100076,100,,,100077,100,,,100079,100,,,100084,100,,
2019-06-28 09:30:00.000000040,100021,100,99931,100,100022,100,99909,100,100024,100,99881,100,100039,100,99876,100,100040,100,99864,100,100055,100,99794,100,100076,100,,,100077,100,,,100079,100,,,100084,100,,
2019-06-28 09:30:00.000000041,100021,100,99933,100,100022,100,99931,100,100024,100,99909,100,100039,100,99881,100,100040,100,99876,100,100055,100,99864,100,100076,100,99794,100,100077,100,,,100079,100,,,100084,100,,
2019-06-28 09:30:00.000000042,100021,100,99933,100,100022,100,99931,100,100024,100,99909,100,100039,100,99881,100,100040,100,99876,100,100055,100,99864,100,100076,100,99794,100,100077,100,,,100079,100,,,100084,100,,
2019-06-28 09:30:00.000000043,100021,100,99938,100,100022,100,99933,100,100024,100,99931,100,100039,100,99909,100,100040,100,99881,100,100055,100,99876,100,100076,100,99864,100,100077,100,99794,100,100079,100,,,100084,100,,
2019-06-28 09:30:00.000000044,100021,100,99967,100,100022,100,99938,100,100024,100,99933,100,100039,100,99931,100,100040,100,99909,100,100055,100,99881,100,100076,100,99876,100,100077,100,99864,100,100079,100,99794,100,100084,100,,
2019-06-28 09:30:00.000000045,100021,100,99967,100,100022,100,99938,100,100024,100,99933,100,100039,100,99931,100,100040,100,99909,100,100055,100,99881,100,100076,100,99876,100,100077,100,99864,100,100079,100,99794,100,100084,100,,
2019-06-28 09:30:00.000000046,100021,100,100012,100,100022,100,99967,200,100024,100,99938,100,100039,100,99933,100,100040,100,99931,100,100055,100,99909,100,100076,100,99881,100,100077,100,99876,100,100079,100,99864,100,100084,100,99794,100
2019-06-28 09:30:00.000000047,100021,100,100012,100,100022,100,99967,200,100024,100,99938,100,100039,100,99933,100,100040,100,99931,100,100055,100,99909,100,100076,100,99881,100,100077,100,99876,100,100079,100,99864,100,100084,100,99794,100
2019-06-28 09:30:00.000000051,100021,100,100012,100,100022,100,99967,300,100024,100,99938,100,100039,100,99933,100,100040,100,99931,100,100055,100,99909,100,100076,100,99881,100,100077,100,99876,100,100079,100,99864,100,100084,100,99794,100
2019-06-28 09:30:00.000000052,100021,100,100012,100,100022,100,99967,300,100024,100,99938,100,100039,100,99933,100,100040,100,99931,100,100055,100,99909,100,100072,100,99881,100,100076,100,99876,100,100077,100,99864,100,100079,100,99794,100
2019-06-28 09:30:00.000000053,100022,100,100012,100,100024,100,99967,300,100039,100,99938,100,100040,100,99933,100,100055,100,99931,100,100072,100,99909,100,100076,100,99881,100,100077,100,99876,100,100079,100,99864,100,100084,100,99794,100
2019-06-28 09:30:00.000000061,100022,100,100012,100,100024,100,99967,300,100028,100,99938,100,100039,100,99933,100,100040,100,99931,100,100055,100,99909,100,100072,100,99881,100,100076,100,99876,100,100077,100,99864,100,100079,100,99794,100
2019-06-28 09:30:00.000000065,100022,100,100012,100,100024,100,99967,300,100028,100,99938,100,100039,100,99933,100,100040,100,99931,100,100055,100,99909,100,100072,100,99881,100,100076,100,99876,100,100077,100,99864,100,100079,100,99813,100
2019-06-28 09:30:00.000000068,100022,100,99967,300,100024,100,99938,100,100028,100,99933,100,100039,100,99931,100,100040,100,99909,100,100055,100,99881,100,100072,100,99876,100,100076,100,99864,100,100077,100,99813,100,100079,100,99794,100
2019-06-28 09:30:00.000000069,100021,100,99967,300,100022,100,99938,100,100024,100,99933,100,100028,100,99931,100,100039,100,99909,100,100040,100,99881,100,100055,100,99876,100,100072,100,99864,100,100076,100,99813,100,100077,100,99794,100
2019-06-28 09:30:00.000000071,100022,100,99967,300,100024,100,99938,100,100028,100,99933,100,100039,100,99931,100,100040,100,99909,100,100055,100,99881,100,100072,100,99876,100,100076,100,99864,100,100077,100,99813,100,100079,100,99794,100
2019-06-28 09:30:00.000000078,100022,100,99967,300,100024,100,99938,100,100028,100,99933,100,100039,100,99931,100,100040,100,99909,100,100052,100,99881,100,100055,100,99876,100,100072,100,99864,100,100076,100,99813,100,100077,100,99794,100
2019-06-28 09:30:00.000000080,100022,100,99967,300,100024,100,99938,100,100028,100,99933,100,100039,100,99931,100,100040,100,99909,100,100052,100,99881,100,100055,100,99876,100,100072,100,99864,200,100076,100,99813,100,100077,100,99794,100
2019-06-28 09:30:00.000000082,100022,100,100012,100,100024,100,99967,300,100028,100,99938,100,100039,100,99933,100,100040,100,99931,100,100052,100,99909,100,100055,100,99881,100,100072,100,99876,100,100076,100,99864,200,100077,100,99813,100
2019-06-28 09:30:00.000000085,100022,100,100012,200,100024,100,99967,300,100028,100,99938,100,100039,100,99933,100,100040,100,99931,100,100052,100,99909,100,100055,100,99881,100,100072,100,99876,100,100076,100,99872,100,100077,100,99864,200
2019-06-28 09:30:00.000000086,100024,100,100012,200,100028,100,99967,300,100039,100,99938,100,100040,100,99933,100,100052,100,99931,100,100055,100,99909,100,100072,100,99881,100,100076,100,99876,100,100077,100,99872,100,100079,100,99864,200
2019-06-28 09:30:00.000000090,100024,100,100012,200,100028,100,99967,300,100039,100,99938,100,100040,100,99933,100,100049,100,99931,100,100052,100,99909,100,100055,100,99881,100,100072,100,99876,100,100076,100,99872,100,100077,100,99864,200
2019-06-28 09:30:00.000000094,100024,100,100012,200,100028,100,99967,300,100039,100,99938,100,100040,100,99933,100,100049,100,99931,100,100052,100,99909,100,100055,100,99881,100,100072,100,99876,100,100076,100,99872,100,100077,100,99864,200
2019-06-28 09:30:00.000000096,100024,100,100012,200,100028,100,99967,300,100039,100,99948,100,100040,100,99938,100,100049,100,99933,100,100052,100,99931,100,100055,100,99909,100,100072,100,99881,100,100076,100,99876,100,100077,100,99872,100
2019-06-28 09:30:00.000000097,100024,100,100012,100,100028,100,99967,300,100039,100,99948,100,100040,100,99938,100,100049,100,99933,100,100052,100,99931,100,100055,100,99909,100,100072,100,99881,100,100076,100,99876,100,100077,100,99872,100
2019-06-28 09:30:09.854861006,100024,100,100012,100,100028,100,99967,300,100039,100,99948,100,100040,100,99938,100,100049,100,99933,100,100052,100,99931,100,100055,100,99909,100,100072,100,99881,100,100076,100,99876,100,100077,100,99872,100
2019-06-28 09:30:10.000000000,100024,303,100012,303,100028,303,99967,503,100039,100,99948,100,100040,100,99938,100,100049,100,99933,100,100052,100,99931,100,100055,100,99909,100,100072,100,99881,100,100076,100,99876,100,100077,100,99872,100
2019-06-28 09:30:20.000000000,100024,181,100012,181,100028,181,99967,381,100039,181,99948,181,100040,181,99938,181,100049,181,99933,181,100052,100,99931,100,100055,100,99909,100,100072,100,99881,100,100076,100,99876,100,100077,100,99872,100
2019-06-28 09:30:30.000000000,100024,303,100012,303,100028,303,99967,503,100039,100,99948,100,100040,100,99938,100,100049,100,99933,100,100052,100,99931,100,100055,100,99909,100,100072,100,99881,100,100076,100,99876,100,100077,100,99872,100
2019-06-28 09:30:40.000000000,100024,181,100012,181,100028,181,99967,381,100039,181,99948,181,100040,181,99938,181,100049,181,99933,181,100052,100,99931,100,100055,100,99909,100,100072,100,99881,100,100076,100,99876,100,100077,100,99872,100
2019-06-28 09:30:41.895948284,100024,81,100012,181,100028,181,99967,381,100039,181,99948,181,100040,181,99938,181,100049,181,99933,181,100052,100,99931,100,100055,100,99909,100,100072,100,99881,100,100076,100,99876,100,100077,100,99872,100
2019-06-28 09:30:47.839737470,100028,181,100024,19,100039,181,100012,181,100040,181,99967,381,100049,181,99948,181,100052,100,99938,181,100055,100,99933,181,100072,100,99931,100,100076,100,99909,100,100077,100,99881,100,100079,100,99876,100
2019-06-28 09:30:50.000000000,100028,181,100024,100,100039,181,100012,181,100040,181,99967,381,100049,181,99948,181,100052,181,99938,181,100055,100,99933,100,100072,100,99931,100,100076,100,99909,100,100077,100,99881,100,100079,100,99876,100
2019-06-28 09:30:58.090726351,100028,181,100024,100,100039,181,100012,181,100040,181,99967,281,100049,181,99948,181,100052,181,99938,181,100055,100,99933,100,100072,100,99931,100,100076,100,99909,100,100077,100,99881,100,100079,100,99876,100
2019-06-28 09:31:00.000000000,100028,202,100024,121,100039,202,100012,202,100040,202,99967,302,100049,202,99948,202,100052,100,99938,100,100055,100,99933,100,100072,100,99931,100,100076,100,99909,100,100077,100,99881,100,100079,100,99876,100
2019-06-28 09:31:07.014313204,100028,202,100024,221,100039,202,100012,202,100040,202,99967,302,100049,202,99948,202,100052,100,99938,100,100055,100,99933,100,100072,100,99931,100,100076,100,99909,100,100077,100,99881,100,100079,100,99876,100
2019-06-28 09:31:07.633137518,100028,102,100024,221,100039,202,100012,202,100040,202,99967,302,100049,202,99948,202,100052,100,99938,100,100055,100,99933,100,100076,100,99931,100,100077,100,99909,100,100079,100,99881,100,100084,100,99876,100
2019-06-28 09:31:10.000000000,100039,303,100024,322,100040,303,100012,303,100049,100,99967,200,100052,100,99948,100,100055,100,99938,100,100076,100,99933,100,100077,100,99931,100,100079,100,99909,100,100084,100,99881,100,100086,100,99876,100
2019-06-28 09:31:20.000000000,100039,506,100024,525,100040,100,100012,100,100049,100,99967,200,100052,100,99948,100,100055,100,99938,100,100076,100,99933,100,100077,100,99931,100,100079,100,99909,100,100084,100,99881,100,100086,100,99876,100
2019-06-28 09:31:30.000000000,100039,238,100024,257,100040,234,100012,234,100049,234,99967,334,100052,100,99948,100,100055,100,99938,100,100076,100,99933,100,100077,100,99931,100,100079,100,99909,100,100084,100,99881,100,100086,100,99876,100
2019-06-28 09:31:32.286131802,100039,138,100024,257,100040,234,100012,234,100049,234,99967,334,100052,100,99948,100,100055,100,99938,100,100076,100,99933,100,100077,100,99931,100,100079,100,99909,100,100084,100,99881,100,100086,100,99876,100
2019-06-28 09:31:33.058630712,100039,138,100024,257,100040,234,100012,234,100049,234,99967,334,100052,100,99948,100,100076,100,99938,100,100077,100,99933,100,100079,100,99931,100,100084,100,99909,100,100086,100,99881,100,100100,100,99876,100
2019-06-28 09:31:35.308377100,100039,138,100024,157,100040,234,100012,234,100049,234,99967,334,100052,100,99948,100,100076,100,99938,100,100077,100,99933,100,100079,100,99931,100,100084,100,99909,100,100086,100,99881,100,100100,100,99876,100
2019-06-28 09:31:36.891956020,100039,38,100024,157,100040,134,100012,234,100049,234,99967,334,100052,100,99948,100,100076,100,99938,100,100077,100,99933,100,100079,100,99931,100,100084,100,99909,100,100086,100,99881,100,100100,100,99876,100
2019-06-28 09:31:40.000000000,100049,506,100024,425,100052,100,100012,100,100076,100,99967,200,100077,100,99948,100,100079,100,99938,100,100084,100,99933,100,100086,100,99931,100,100100,100,99909,100,100110,100,99881,100,100122,100,99876,100
2019-06-28 09:31:49.117098663,100049,506,100039,100,100052,100,100024,425,100076,100,100012,100,100077,100,99967,200,100079,100,99948,100,100084,100,99938,100,100086,100,99933,100,100100,100,99931,100,100110,100,99909,100,100122,100,99881,100
2019-06-28 09:31:50.000000000,100049,303,100039,303,100052,303,100024,222,100076,100,100012,100,100077,100,99967,200,100079,100,99948,100,100084,100,99938,100,100086,100,99933,100,100100,100,99931,100,100110,100,99909,100,100122,100,99881,100
2019-06-28 09:31:50.628645316,100049,303,100039,403,100052,303,100024,222,100076,100,100012,100,100077,100,99967,200,100079,100,99948,100,100084,100,99938,100,100086,100,99933,100,100100,100,99931,100,100110,100,99909,100,100122,100,99881,100
2019-06-28 09:32:00.000000000,100049,303,100039,403,100052,303,100024,222,100076,100,100012,100,100077,100,99967,200,100079,100,99948,100,100084,100,99938,100,100086,100,99933,100,100100,100,99931,100,100110,100,99909,100,100122,100,99881,100
2019-06-28 09:32:00.225435790,100049,303,100039,403,100052,303,100024,222,100076,100,100012,100,100077,100,99967,200,100079,100,99948,100,100084,100,99938,100,100086,100,99933,100,100100,100,99931,100,100110,100,99909,100,100122,100,99881,100
2019-06-28 09:32:02.944162409,100049,303,100039,403,100052,303,100024,222,100076,100,100012,100,100077,100,99967,200,100079,100,99948,100,100084,100,99938,100,100086,100,99933,100,100100,100,99931,100,100110,100,99909,100,100122,100,99881,100
2019-06-28 09:32:10.000000000,100049,202,100039,302,100052,202,100024,121,100076,202,100012,202,100077,202,99967,302,100079,100,99948,100,100084,100,99938,100,100086,100,99933,100,100100,100,99931,100,100110,100,99909,100,100122,100,99881,100
2019-06-28 09:32:20.000000000,100049,202,100039,302,100052,202,100024,121,100076,202,100012,202,100077,202,99967,302,100079,100,99948,100,100084,100,99938,100,100086,100,99933,100,100100,100,99931,100,100110,100,99909,100,100122,100,99881,100
2019-06-28 09:32:30.000000000,100049,202,100039,302,100052,202,100024,121,100076,202,100012,202,100077,202,99967,302,100079,100,99948,100,100084,100,99938,100,100086,100,99933,100,100100,100,99931,100,100110,100,99909,100,100122,100,99881,100
2019-06-28 09:32:40.000000000,100049,181,100039,281,100052,181,100024,100,100076,181,100012,181,100077,181,99967,281,100079,181,99948,181,100084,100,99938,100,100086,100,99933,100,100100,100,99931,100,100110,100,99909,100,100122,100,99881,100
2019-06-28 09:32:49.184148843,100049,181,100039,381,100052,181,100024,100,100076,181,100012,181,100077,181,99967,181,100079,181,99948,181,100084,100,99938,100,100086,100,99933,100,100100,100,99931,100,100110,100,99909,100,100122,100,99881,100
2019-06-28 09:32:50.000000000,100049,202,100039,402,100052,202,100024,121,100076,202,100012,202,100077,202,99967,202,100079,100,99948,100,100084,100,99938,100,100086,100,99933,100,100100,100,99931,100,100110,100,99909,100,100122,100,99881,100
2019-06-28 09:33:00.000000000,100049,303,100039,503,100052,303,100024,222,100076,100,100012,100,100077,100,99967,100,100079,100,99948,100,100084,100,99938,100,100086,100,99933,100,100100,100,99931,100,100110,100,99909,100,100122,100,99881,100
2019-06-28 09:33:10.000000000,100049,202,100039,402,100052,202,100024,121,100076,202,100012,202,100077,202,99967,202,100079,100,99948,100,100084,100,99938,100,100086,100,99933,100,100100,100,99931,100,100110,100,99909,100,100122,100,99881,100
2019-06-28 09:33:19.874266280,100049,202,100039,402,100052,202,100024,121,100076,202,100012,202,100077,202,99967,202,100079,100,99948,100,100084,100,99938,100,100086,100,99933,100,100100,100,99931,100,100110,100,99909,100,100122,100,99881,100
2019-06-28 09:33:20.000000000,100049,303,100039,503,100052,303,100024,222,100076,100,100012,100,100077,100,99967,100,100079,100,99948,100,100084,100,99938,100,100086,100,99933,100,100100,100,99931,100,100110,100,99909,100,100122,100,99881,100
2019-06-28 09:33:23.793827318,100049,303,100039,503,100052,203,100024,222,100076,100,100012,100,100077,100,99967,100,100079,100,99948,100,100084,100,99938,100,100086,100,99933,100,100100,100,99931,100,100110,100,99909,100,100122,100,99881,100
2019-06-28 09:33:27.138017147,100049,303,100039,503,100052,203,100024,222,100076,100,100012,100,100077,100,99967,100,100079,100,99948,100,100084,100,99938,100,100086,100,99933,100,100100,100,99931,100,100110,100,99909,100,100122,100,99881,100
2019-06-28 09:33:30.000000000,100049,506,100039,706,100076,100,100024,19,100077,100,100012,100,100079,100,99967,100,100084,100,99948,100,100086,100,99938,100,100100,100,99933,100,100110,100,99931,100,100122,100,99909,100,100123,100,99881,100
2019-06-28 09:33:34.517772382,100049,506,100039,706,100076,100,100024,19,100077,100,100012,100,100079,100,99967,100,100084,100,99948,100,100086,100,99938,100,100100,100,99933,100,100110,100,99931,100,100122,100,99909,100,100123,100,99881,100
2019-06-28 09:33:37.144919555,100049,506,100039,706,100076,100,100024,19,100077,100,100012,100,100079,100,99967,100,100084,100,99962,100,100086,100,99948,100,100100,100,99938,100,100110,100,99933,100,100122,100,99931,100,100123,100,99909,100
2019-06-28 09:33:40.000000000,100049,181,100039,381,100076,181,100024,100,100077,181,100012,181,100079,181,99967,181,100084,181,99962,181,100086,100,99948,100,100100,100,99938,100,100110,100,99933,100,100122,100,99931,100,100123,100,99909,100
2019-06-28 09:33:50.000000000,100049,202,100039,402,100076,202,100024,121,100077,202,100012,202,100079,202,99967,202,100084,100,99962,100,100086,100,99948,100,100100,100,99938,100,100110,100,99933,100,100122,100,99931,100,100123,100,99909,100
2019-06-28 09:34:00.000000000,100049,303,100039,503,100076,303,100024,222,100077,100,100012,100,100079,100,99967,100,100084,100,99962,100,100086,100,99948,100,100100,100,99938,100,100110,100,99933,100,100122,100,99931,100,100123,100,99909,100
2019-06-28 09:34:10.000000000,100049,506,100039,706,100076,100,100024,19,100077,100,100012,100,100079,100,99967,100,100084,100,99962,100,100086,100,99948,100,100100,100,99938,100,100110,100,99933,100,100122,100,99931,100,100123,100,99909,100
2019-06-28 09:34:10.465139145,100049,506,100039,706,100076,100,100024,19,100077,100,100012,100,100079,100,99967,100,100084,100,99962,100,100086,100,99948,100,100100,100,99938,100,100110,100,99933,100,100122,100,99931,100,100123,100,99909,100
2019-06-28 09:34:13.194175815,100049,506,100039,706,100076,100,100024,19,100077,100,100012,100,100079,100,99967,100,100084,100,99962,100,100086,100,99948,100,100100,100,99938,100,100110,100,99933,100,100122,100,99931,100,100123,100,99909,100
2019-06-28 09:34:18.264370516,100049,506,100039,706,100076,100,100024,19,100077,100,100012,100,100079,100,99967,100,100084,100,99962,100,100086,100,99948,100,100100,100,99938,100,100110,100,99933,100,100122,100,99931,100,100123,100,99909,100
2019-06-28 09:34:20.000000000,100049,202,100039,402,100076,202,100024,121,100077,202,100012,202,100079,202,99967,202,100084,100,99962,100,100086,100,99948,100,100100,100,99938,100,100110,100,99933,100,100122,100,99931,100,100123,100,99909,100
2019-06-28 09:34:27.653610341,100049,102,100039,402,100076,202,100024,121,100077,202,100012,202,100079,202,99967,202,100084,100,99962,100,100086,100,99948,100,100100,100,99938,100,100110,100,99933,100,100122,100,99931,100,100123,100,99909,100
2019-06-28 09:34:30.000000000,100076,238,100039,438,100077,234,100024,153,100079,234,100012,234,100084,100,99967,100,100086,100,99962,100,100100,100,99948,100,100110,100,99938,100,100122,100,99933,100,100123,100,99931,100,100132,200,99909,100
2019-06-28 09:34:32.918648925,100076,238,100039,438,100077,234,100024,153,100079,234,100012,234,100084,100,99967,100,100086,100,99962,100,100100,100,99948,100,100110,100,99938,100,100123,100,99933,100,100132,200,99931,100,100134,100,99909,100
2019-06-28 09:34:38.006742612,100076,138,100039,438,100077,234,100024,153,100079,234,100012,234,100084,100,99967,100,100086,100,99962,100,100100,100,99948,100,100110,100,99938,100,100123,100,99933,100,100132,200,99931,100,100134,100,99909,100
2019-06-28 09:34:40.000000000,100077,202,100039,402,100079,202,100024,121,100084,202,100012,202,100086,202,99967,202,100100,100,99962,100,100110,100,99948,100,100123,100,99938,100,100132,200,99933,100,100134,100,99931,100,100138,100,99909,100
2019-06-28 09:34:50.000000000,100077,506,100039,706,100079,100,100024,19,100084,100,100012,100,100086,100,99967,100,100100,100,99962,100,100110,100,99948,100,100123,100,99938,100,100132,200,99933,100,100134,100,99931,100,100138,100,99909,100
2019-06-28 09:35:00.000000000,100077,303,100039,503,100079,303,100024,222,100084,100,100012,100,100086,100,99967,100,100100,100,99962,100,100110,100,99948,100,100123,100,99938,100,100132,200,99933,100,100134,100,99931,100,100138,100,99909,100
2019-06-28 09:35:10.000000000,100077,506,100039,706,100079,100,100024,19,100084,100,100012,100,100086,100,99967,100,100100,100,99962,100,100110,100,99948,100,100123,100,99938,100,100132,200,99933,100,100134,100,99931,100,100138,100,99909,100
2019-06-28 09:35:20.000000000,100077,202,100039,402,100079,202,100024,121,100084,202,100012,202,100086,202,99967,202,100100,100,99962,100,100110,100,99948,100,100123,100,99938,100,100132,200,99933,100,100134,100,99931,100,100138,100,99909,100
2019-06-28 09:35:24.641393986,100077,102,100039,402,100079,202,100024,121,100084,202,100012,202,100086,202,99967,202,100100,100,99962,100,100110,100,99948,100,100123,100,99938,100,100132,200,99933,100,100134,100,99931,100,100138,100,99909,100
2019-06-28 09:35:30.000000000,100079,238,100039,438,100084,234,100024,153,100086,234,100012,234,100100,100,99967,100,100110,100,99962,100,100123,100,99948,100,100132,200,99938,100,100134,100,99933,100,100138,100,99931,100,100146,100,99909,100
2019-06-28 09:35:32.143006218,100079,138,100039,438,100084,234,100024,134,100086,234,100012,234,100100,100,99967,100,100110,100,99962,100,100123,100,99948,100,100132,200,99938,100,100134,100,99933,100,100138,100,99931,100,100146,100,99909,100
2019-06-28 09:35:40.000000000,100084,303,100039,503,100086,303,100012,303,100100,100,99967,100,100110,100,99962,100,100123,100,99948,100,100132,200,99938,100,100134,100,99933,100,100138,100,99931,100,100146,100,99909,100,100147,100,99876,100
2019-06-28 09:35:50.000000000,100084,303,100039,503,100086,303,100012,303,100100,100,99967,100,100110,100,99962,100,100123,100,99948,100,100132,200,99938,100,100134,100,99933,100,100138,100,99931,100,100146,100,99909,100,100147,100,99876,100
2019-06-28 09:36:00.000000000,100084,238,100039,438,100086,234,100012,234,100100,234,99967,234,100110,100,99962,100,100123,100,99948,100,100132,200,99938,100,100134,100,99933,100,100138,100,99931,100,100146,100,99909,100,100147,100,99876,100
2019-06-28 09:36:10.000000000,100084,202,100039,402,100086,202,100012,202,100100,202,99967,202,100110,202,99962,202,100123,100,99948,100,100132,200,99938,100,100134,100,99933,100,100138,100,99931,100,100146,100,99909,100,100147,100,99876,100
2019-06-28 09:36:11.751522208,100084,202,100076,100,100086,202,100039,402,100100,202,100012,202,100110,202,99967,202,100123,100,99962,202,100132,200,99948,100,100134,100,99938,100,100138,100,99933,100,100146,100,99931,100,100147,100,99909,100
2019-06-28 09:36:12.505252695,100084,202,100076,100,100086,202,100039,402,100100,202,100012,202,100110,202,99967,202,100123,100,99962,202,100132,200,99948,100,100134,100,99938,100,100138,100,99933,100,100146,100,99931,100,100160,100,99909,100
2019-06-28 09:36:19.951961977,100084,202,100076,100,100086,202,100039,402,100100,202,100012,202,100110,202,99967,202,100123,100,99962,202,100132,200,99948,100,100134,100,99938,100,100138,100,99933,100,100146,100,99931,100,100160,100,99909,100
2019-06-28 09:36:20.000000000,100084,238,100076,238,100086,234,100039,434,100100,234,100012,234,100110,100,99967,100,100123,100,99962,100,100132,200,99948,100,100134,100,99938,100,100138,100,99933,100,100146,100,99931,100,100160,100,99909,100
2019-06-28 09:36:27.532730376,100084,238,100076,338,100086,234,100039,434,100100,234,100012,134,100110,100,99967,100,100123,100,99962,100,100132,200,99948,100,100134,100,99938,100,100138,100,99933,100,100146,100,99931,100,100160,100,99909,100
2019-06-28 09:36:29.374052386,100084,138,100076,338,100086,234,100039,434,100100,234,100012,134,100110,100,99967,100,100123,100,99962,100,100132,200,99948,100,100134,100,99938,100,100138,100,99933,100,100146,100,99931,100,100160,100,99909,100
2019-06-28 09:36:30.000000000,100086,303,100076,403,100100,303,100039,503,100110,100,99967,100,100123,100,99962,100,100132,200,99948,100,100134,100,99938,100,100138,100,99933,100,100146,100,99931,100,100160,100,99909,100,100220,100,99876,100
2019-06-28 09:36:31.626726110,100086,203,100076,403,100100,303,100039,503,100110,100,99967,100,100123,100,99962,100,100132,200,99948,100,100134,100,99938,100,100138,100,99933,100,100146,100,99931,100,100160,100,99909,100,100220,100,99876,100
2019-06-28 09:36:39.149947143,100086,203,100076,403,100100,303,100039,503,100110,100,99967,100,100123,100,99962,100,100132,200,99948,100,100134,100,99938,100,100138,100,99933,100,100146,100,99931,100,100160,100,99909,100,100220,100,99876,100
2019-06-28 09:36:39.878490900,100086,103,100076,403,100100,303,100039,503,100110,100,99967,100,100123,100,99962,100,100132,200,99948,100,100134,100,99938,100,100138,100,99933,100,100146,100,99931,100,100160,100,99909,100,100220,100,99876,100
2019-06-28 09:36:40.000000000,100100,303,100076,403,100110,303,100039,503,100123,100,99967,100,100132,200,99962,100,100134,100,99948,100,100138,100,99938,100,100146,100,99933,100,100160,100,99931,100,100220,100,99909,100,100315,100,99876,100
2019-06-28 09:36:48.183249125,100100,203,100076,403,100110,303,100039,503,100123,100,99967,100,100132,200,99962,100,100134,100,99948,100,100138,100,99938,100,100146,100,99933,100,100160,100,99931,100,100220,100,99909,100,100315,100,99876,100
2019-06-28 09:36:50.000000000,100110,506,100076,606,100123,100,100039,300,100132,200,99967,100,100134,100,99962,100,100138,100,99948,100,100146,100,99938,100,100160,100,99933,100,100220,100,99931,100,100315,100,99909,100,100350,100,99876,100
2019-06-28 09:37:00.000000000,100110,506,100076,606,100123,100,100039,300,100132,200,99967,100,100134,100,99962,100,100138,100,99948,100,100146,100,99938,100,100160,100,99933,100,100220,100,99931,100,100315,100,99909,100,100350,100,99876,100
2019-06-28 09:37:04.246636467,100110,506,100076,606,100123,100,100039,300,100132,200,99967,100,100134,100,99962,100,100138,100,99948,100,100146,100,99938,100,100160,100,99933,100,100220,100,99931,100,100315,100,99909,100,100350,100,99876,100
2019-06-28 09:37:10.000000000,100110,202,100076,302,100123,202,100039,402,100132,302,99967,202,100134,202,99962,202,100138,100,99948,100,100146,100,99938,100,100160,100,99933,100,100220,100,99931,100,100315,100,99909,100,100350,100,99876,100
2019-06-28 09:37:20.000000000,100110,303,100076,403,100123,303,100039,503,100132,200,99967,100,100134,100,99962,100,100138,100,99948,100,100146,100,99938,100,100160,100,99933,100,100220,100,99931,100,100315,100,99909,100,100350,100,99876,100
2019-06-28 09:37:30.000000000,100110,303,100076,403,100123,303,100039,503,100132,200,99967,100,100134,100,99962,100,100138,100,99948,100,100146,100,99938,100,100160,100,99933,100,100220,100,99931,100,100315,100,99909,100,100350,100,99876,100
2019-06-28 09:37:40.000000000,100110,506,100076,606,100123,100,100039,300,100132,200,99967,100,100134,100,99962,100,100138,100,99948,100,100146,100,99938,100,100160,100,99933,100,100220,100,99931,100,100315,100,99909,100,100350,100,99876,100
2019-06-28 09:37:45.397746178,100110,506,100086,100,100123,100,100076,606,100132,200,100039,300,100134,100,99967,100,100138,100,99962,100,100146,100,99948,100,100160,100,99938,100,100220,100,99933,100,100315,100,99931,100,100350,100,99909,100
2019-06-28 09:37:50.000000000,100110,202,100086,202,100123,202,100076,302,100132,302,100039,402,100134,202,99967,202,100138,100,99962,100,100146,100,99948,100,100160,100,99938,100,100220,100,99933,100,100315,100,99931,100,100350,100,99909,100
2019-06-28 09:38:00.000000000,100110,506,100086,506,100123,100,100076,200,100132,200,100039,300,100134,100,99967,100,100138,100,99962,100,100146,100,99948,100,100160,100,99938,100,100220,100,99933,100,100315,100,99931,100,100350,100,99909,100
2019-06-28 09:38:10.000000000,100110,238,100086,238,100123,234,100076,334,100132,334,100039,434,100134,100,99967,100,100138,100,99962,100,100146,100,99948,100,100160,100,99938,100,100220,100,99933,100,100315,100,99931,100,100350,100,99909,100
2019-06-28 09:38:17.716554795,100110,238,100086,238,100123,234,100076,334,100132,334,100039,434,100134,100,99967,100,100138,100,99962,100,100146,100,99948,100,100160,100,99938,100,100220,100,99933,100,100315,100,99931,100,100350,100,99909,100
2019-06-28 09:38:20.000000000,100110,238,100086,238,100123,234,100076,334,100132,334,100039,434,100134,100,99967,100,100138,100,99962,100,100146,100,99948,100,100160,100,99938,100,100220,100,99933,100,100315,100,99931,100,100350,100,99909,100
2019-06-28 09:38:20.379472498,100110,138,100086,238,100123,234,100076,334,100132,334,100039,434,100134,100,99967,100,100138,100,99962,100,100146,100,99948,100,100160,100,99938,100,100220,100,99933,100,100315,100,99931,100,100350,100,99909,100
2019-06-28 09:38:30.000000000,100123,202,100086,202,100132,302,100076,302,100134,202,100039,402,100138,202,99967,202,100146,100,99962,100,100160,100,99948,100,100220,100,99938,100,100315,100,99933,100,100350,100,99931,100,100403,100,99909,100
2019-06-28 09:38:32.564189307,100123,202,100100,100,100132,302,100086,202,100134,202,100076,302,100138,202,100039,402,100146,100,99967,202,100160,100,99962,100,100220,100,99948,100,100315,100,99938,100,100350,100,99933,100,100403,100,99931,100
2019-06-28 09:38:35.315777467,100123,202,100100,200,100132,302,100086,202,100134,202,100076,202,100138,202,100039,402,100146,100,99967,202,100160,100,99962,100,100220,100,99948,100,100315,100,99938,100,100350,100,99933,100,100403,100,99931,100
2019-06-28 09:38:40.000000000,100123,238,100100,338,100132,334,100086,234,100134,234,100076,234,100138,100,100039,300,100146,100,99967,100,100160,100,99962,100,100220,100,99948,100,100315,100,99938,100,100350,100,99933,100,100403,100,99931,100
2019-06-28 09:38:50.000000000,100123,181,100100,281,100132,281,100086,181,100134,181,100076,181,100138,181,100039,381,100146,181,99967,181,100160,100,99962,100,100220,100,99948,100,100315,100,99938,100,100350,100,99933,100,100403,100,99931,100
2019-06-28 09:38:52.399165327,100123,81,100100,281,100132,281,100086,181,100134,181,100076,181,100138,181,100039,381,100146,181,99967,181,100160,100,99962,100,100220,100,99938,100,100315,100,99933,100,100350,100,99931,100,100403,100,99909,100
2019-06-28 09:38:53.143481262,100123,81,100100,281,100132,281,100086,181,100134,181,100076,181,100138,181,100039,381,100146,181,99967,181,100160,100,99962,100,100220,100,99938,100,100315,100,99933,100,100350,100,99931,100,100403,100,99909,100
2019-06-28 09:39:00.000000000,100132,338,100100,338,100134,234,100086,234,100138,234,100076,234,100146,100,100039,300,100160,100,99967,100,100220,100,99962,100,100315,100,99938,100,100350,100,99933,100,100403,100,99931,100,100465,100,99909,100
2019-06-28 09:39:10.000000000,100132,281,100100,281,100134,181,100086,181,100138,181,100076,181,100146,181,100039,381,100160,181,99967,181,100220,100,99962,100,100315,100,99938,100,100350,100,99933,100,100403,100,99931,100,100465,100,99909,100
2019-06-28 09:39:20.000000000,100132,403,100100,403,100134,303,100086,303,100138,100,100076,100,100146,100,100039,300,100160,100,99967,100,100220,100,99962,100,100315,100,99938,100,100350,100,99933,100,100403,100,99931,100,100465,100,99909,100
2019-06-28 09:39:27.295922545,100132,303,100100,403,100134,303,100086,303,100138,100,100076,100,100146,100,100039,300,100160,100,99967,100,100220,100,99962,100,100315,100,99938,100,100350,100,99933,100,100403,100,99931,100,100465,100,99909,100
2019-06-28 09:39:30.000000000,100132,202,100100,302,100134,202,100086,202,100138,202,100076,202,100146,202,100039,402,100160,100,99967,100,100220,100,99962,100,100315,100,99938,100,100350,100,99933,100,100403,100,99931,100,100465,100,99909,100
2019-06-28 09:39:34.217014987,100132,202,100100,302,100134,202,100086,202,100138,202,100076,202,100146,202,100039,402,100160,100,99967,100,100220,100,99962,100,100315,100,99938,100,100350,100,99933,100,100403,100,99931,100,100465,100,99909,100
2019-06-28 09:39:40.000000000,100132,181,100100,281,100134,181,100086,181,100138,181,100076,181,100146,181,100039,381,100160,181,99967,181,100220,100,99962,100,100315,100,99938,100,100350,100,99933,100,100403,100,99931,100,100465,100,99909,100
2019-06-28 09:39:41.939306076,100132,81,100100,281,100134,181,100086,181,100138,181,100076,181,100146,181,100039,381,100160,181,99967,181,100220,100,99962,100,100315,100,99938,100,100350,100,99933,100,100403,100,99931,100,100465,100,99909,100
2019-06-28 09:39:50.000000000,100134,202,100100,302,100138,202,100086,202,100146,202,100076,202,100160,202,100039,402,100220,100,99967,100,100315,100,99962,100,100350,100,99938,100,100403,100,99933,100,100465,100,99931,100,100550,100,99909,100
2019-06-28 09:39:51.678981760,100134,202,100100,302,100138,202,100086,202,100146,202,100076,202,100160,202,100039,402,100220,100,99967,100,100315,100,99962,100,100350,100,99938,100,100403,100,99933,100,100465,100,99931,100,100550,100,99909,100
2019-06-28 09:40:00.000000000,100134,506,100100,606,100138,100,100086,100,100146,100,100076,100,100160,100,100039,300,100220,100,99967,100,100315,100,99962,100,100350,100,99938,100,100403,100,99933,100,100465,100,99931,100,100550,100,99909,100
2019-06-28 09:40:07.774922656,100134,406,100100,606,100138,100,100086,100,100146,100,100076,100,100160,100,100039,300,100220,100,99967,100,100315,100,99962,100,100350,100,99938,100,100403,100,99933,100,100465,100,99931,100,100550,100,99909,100
2019-06-28 09:40:10.000000000,100138,238,100100,338,100146,234,100086,234,100160,234,100076,234,100220,100,100039,300,100315,100,99967,100,100350,100,99962,100,100403,100,99938,100,100465,100,99933,100,100550,100,99931,100,100558,100,99909,100
2019-06-28 09:40:20.000000000,100138,303,100100,403,100146,303,100086,303,100160,100,100076,100,100220,100,100039,300,100315,100,99967,100,100350,100,99962,100,100403,100,99938,100,100465,100,99933,100,100550,100,99931,100,100558,100,99909,100
2019-06-28 09:40:28.774848617,100138,303,100100,403,100146,303,100086,303,100160,100,100076,100,100220,100,100039,300,100315,100,99967,100,100350,100,99962,100,100403,100,99938,100,100465,100,99933,100,100550,100,99931,100,100558,100,99909,100
2019-06-28 09:40:28.876041880,100138,303,100132,100,100146,303,100100,403,100160,100,100086,303,100220,100,100076,100,100315,100,100039,300,100350,100,99967,100,100403,100,99962,100,100465,100,99938,100,100550,100,99933,100,100558,100,99931,100
2019-06-28 09:40:30.000000000,100138,238,100132,238,100146,234,100100,334,100160,234,100086,234,100220,100,100076,100,100315,100,100039,300,100350,100,99967,100,100403,100,99962,100,100465,100,99938,100,100550,100,99933,100,100558,100,99931,100
2019-06-28 09:40:34.039968474,100138,238,100132,238,100146,234,100100,334,100160,234,100086,234,100220,100,100076,100,100315,100,100039,300,100350,100,99967,100,100403,100,99962,100,100465,100,99938,100,100550,100,99933,100,100572,100,99931,100
2019-06-28 09:40:34.140734602,100138,238,100132,238,100146,234,100100,334,100160,234,100086,234,100220,100,100076,100,100315,100,100039,300,100350,100,99967,100,100465,100,99962,100,100550,100,99938,100,100572,100,99933,100,100592,100,99931,100
2019-06-28 09:40:40.000000000,100138,303,100132,303,100146,303,100100,403,100160,100,100086,100,100220,100,100076,100,100315,100,100039,300,100350,100,99967,100,100465,100,99962,100,100550,100,99938,100,100572,100,99933,100,100592,100,99931,100
2019-06-28 09:40:46.857601283,100138,303,100132,403,100146,303,100100,403,100160,100,100086,100,100220,100,100076,100,100315,100,100039,200,100350,100,99967,100,100465,100,99962,100,100550,100,99938,100,100572,100,99933,100,100592,100,99931,100
2019-06-28 09:40:50.000000000,100138,238,100132,338,100146,234,100100,334,100160,234,100086,234,100220,100,100076,100,100315,100,100039,200,100350,100,99967,100,100465,100,99962,100,100550,100,99938,100,100572,100,99933,100,100592,100,99931,100
2019-06-28 09:41:00.000000000,100138,181,100132,281,100146,181,100100,281,100160,181,100086,181,100220,181,100076,181,100315,181,100039,281,100350,100,99967,100,100465,100,99962,100,100550,100,99938,100,100572,100,99933,100,100592,100,99931,100
2019-06-28 09:41:10.000000000,100138,506,100132,606,100146,100,100100,200,100160,100,100086,100,100220,100,100076,100,100315,100,100039,200,100350,100,99967,100,100465,100,99962,100,100550,100,99938,100,100572,100,99933,100,100592,100,99931,100
2019-06-28 09:41:20.000000000,100138,181,100132,281,100146,181,100100,281,100160,181,100086,181,100220,181,100076,181,100315,181,100039,281,100350,100,99967,100,100465,100,99962,100,100550,100,99938,100,100572,100,99933,100,100592,100,99931,100
2019-06-28 09:41:30.000000000,100138,181,100132,281,100146,181,100100,281,100160,181,100086,181,100220,181,100076,181,100315,181,100039,281,100350,100,99967,100,100465,100,99962,100,100550,100,99938,100,100572,100,99933,100,100592,100,99931,100
2019-06-28 09:41:36.337336417,100138,181,100132,381,100146,181,100100,281,100160,181,100086,181,100220,181,100076,181,100315,181,100039,281,100350,100,99967,100,100465,100,99962,100,100550,100,99938,100,100572,100,99933,100,100592,100,99931,100
2019-06-28 09:41:40.000000000,100138,506,100132,706,100146,100,100100,200,100160,100,100086,100,100220,100,100076,100,100315,100,100039,200,100350,100,99967,100,100465,100,99962,100,100550,100,99938,100,100572,100,99933,100,100592,100,99931,100
2019-06-28 09:41:50.000000000,100138,303,100132,503,100146,303,100100,403,100160,100,100086,100,100220,100,100076,100,100315,100,100039,200,100350,100,99967,100,100465,100,99962,100,100550,100,99938,100,100572,100,99933,100,100592,100,99931,100
2019-06-28 09:42:00.000000000,100138,303,100132,503,100146,303,100100,403,100160,100,100086,100,100220,100,100076,100,100315,100,100039,200,100350,100,99967,100,100465,100,99962,100,100550,100,99938,100,100572,100,99933,100,100592,100,99931,100
2019-06-28 09:42:10.000000000,100138,181,100132,381,100146,181,100100,281,100160,181,100086,181,100220,181,100076,181,100315,181,100039,281,100350,100,99967,100,100465,100,99962,100,100550,100,99938,100,100572,100,99933,100,100592,100,99931,100
2019-06-28 09:42:20.000000000,100138,506,100132,706,100146,100,100100,200,100160,100,100086,100,100220,100,100076,100,100315,100,100039,200,100350,100,99967,100,100465,100,99962,100,100550,100,99938,100,100572,100,99933,100,100592,100,99931,100
2019-06-28 09:42:30.000000000,100138,238,100132,438,100146,234,100100,334,100160,234,100086,234,100220,100,100076,100,100315,100,100039,200,100350,100,99967,100,100465,100,99962,100,100550,100,99938,100,100572,100,99933,100,100592,100,99931,100
2019-06-28 09:42:40.000000000,100138,303,100132,503,100146,303,100100,403,100160,100,100086,100,100220,100,100076,100,100315,100,100039,200,100350,100,99967,100,100465,100,99962,100,100550,100,99938,100,100572,100,99933,100,100592,100,99931,100
2019-06-28 09:42:50.000000000,100138,506,100132,706,100146,100,100100,200,100160,100,100086,100,100220,100,100076,100,100315,100,100039,200,100350,100,99967,100,100465,100,99962,100,100550,100,99938,100,100572,100,99933,100,100592,100,99931,100
2019-06-28 09:42:53.606520878,100138,506,100132,706,100146,100,100100,200,100160,100,100086,100,100220,100,100076,100,100315,100,100039,200,100350,100,99967,100,100465,100,99962,100,100550,100,99938,100,100572,100,99933,100,100592,100,99931,100
2019-06-28 09:43:00.000000000,100138,238,100132,438,100146,234,100100,334,100160,234,100086,234,100220,100,100076,100,100315,100,100039,200,100350,100,99967,100,100465,100,99962,100,100550,100,99938,100,100572,100,99933,100,100592,100,99931,100
2019-06-28 09:43:03.636702560,100138,238,100132,438,100146,234,100100,334,100160,234,100086,234,100220,100,100076,100,100315,100,100039,200,100350,100,99967,100,100465,100,99962,100,100550,100,99938,100,100572,100,99933,100,100577,100,99931,100
2019-06-28 09:43:06.366547094,100138,238,100132,438,100146,234,100100,334,100160,234,100086,234,100220,100,100076,100,100315,100,100039,200,100350,100,99967,100,100465,100,99962,100,100550,100,99933,100,100572,100,99931,100,100577,100,99909,100
2019-06-28 09:43:10.000000000,100138,202,100132,402,100146,202,100100,302,100160,202,100086,202,100220,202,100076,202,100315,100,100039,200,100350,100,99967,100,100465,100,99962,100,100550,100,99933,100,100572,100,99931,100,100577,100,99909,100
2019-06-28 09:43:18.952894281,100138,202,100132,502,100146,202,100100,302,100160,202,100086,202,100220,202,100076,202,100315,100,100039,200,100350,100,99967,100,100465,100,99962,100,100550,100,99933,100,100572,100,99931,100,100577,100,99909,100
2019-06-28 09:43:20.000000000,100138,181,100132,481,100146,181,100100,281,100160,181,100086,181,100220,181,100076,181,100315,181,100039,281,100350,100,99967,100,100465,100,99962,100,100550,100,99933,100,100572,100,99931,100,100577,100,99909,100
2019-06-28 09:43:25.915976438,100138,81,100132,481,100146,181,100100,281,100160,181,100086,181,100220,81,100076,181,100315,181,100039,281,100350,100,99967,100,100465,100,99962,100,100550,100,99933,100,100572,100,99931,100,100577,100,99909,100
2019-06-28 09:43:30.000000000,100146,238,100132,538,100160,234,100100,334,100315,234,100086,234,100350,100,100076,100,100465,100,100039,200,100550,100,99967,100,100572,100,99962,100,100577,100,99933,100,100592,100,99931,100,100702,100,99909,100
2019-06-28 09:43:40.000000000,100146,303,100132,603,100160,303,100100,403,100315,100,100086,100,100350,100,100076,100,100465,100,100039,200,100550,100,99967,100,100572,100,99962,100,100577,100,99933,100,100592,100,99931,100,100702,100,99909,100
2019-06-28 09:43:42.549670592,100146,303,100132,603,100160,303,100100,403,100315,100,100086,100,100350,100,100076,100,100465,100,100039,200,100496,100,99967,100,100550,100,99962,100,100572,100,99933,100,100577,100,99931,100,100592,100,99909,100
2019-06-28 09:43:43.947525332,100146,203,100132,603,100160,303,100100,403,100315,100,100086,100,100350,100,100076,100,100465,100,100039,200,100496,100,99967,100,100550,100,99962,100,100572,100,99933,100,100577,100,99931,100,100592,100,99909,100
2019-06-28 09:43:50.000000000,100160,202,100132,502,100315,202,100100,302,100350,202,100086,202,100465,202,100076,202,100496,100,100039,200,100550,100,99967,100,100572,100,99962,100,100577,100,99933,100,100592,100,99931,100,100702,100,99909,100
2019-06-28 09:44:00.000000000,100160,506,100132,806,100315,100,100100,200,100350,100,100086,100,100465,100,100076,100,100496,100,100039,200,100550,100,99967,100,100572,100,99962,100,100577,100,99933,100,100592,100,99931,100,100702,100,99909,100
2019-06-28 09:44:10.000000000,100160,202,100132,502,100315,202,100100,302,100350,202,100086,202,100465,202,100076,202,100496,100,100039,200,100550,100,99967,100,100572,100,99962,100,100577,100,99933,100,100592,100,99931,100,100702,100,99909,100
2019-06-28 09:44:11.034071547,100160,202,100138,100,100315,202,100132,502,100350,202,100100,302,100465,202,100086,202,100496,100,100076,202,100550,100,100039,200,100572,100,99967,100,100577,100,99962,100,100592,100,99933,100,100702,100,99931,100
2019-06-28 09:44:20.000000000,100160,506,100138,506,100315,100,100132,400,100350,100,100100,200,100465,100,100086,100,100496,100,100076,100,100550,100,100039,200,100572,100,99967,100,100577,100,99962,100,100592,100,99933,100,100702,100,99931,100
2019-06-28 09:44:22.290357632,100160,506,100138,506,100315,100,100132,400,100350,100,100100,200,100465,100,100086,100,100496,100,100076,100,100550,100,100039,200,100572,100,99967,100,100577,100,99962,100,100592,100,99933,100,100702,100,99931,100
2019-06-28 09:44:28.128499756,100160,506,100138,606,100315,100,100132,400,100350,100,100100,200,100465,100,100086,100,100496,100,100076,100,100550,100,100039,100,100572,100,99967,100,100577,100,99962,100,100592,100,99933,100,100702,100,99931,100
2019-06-28 09:44:30.000000000,100160,238,100138,338,100315,234,100132,534,100350,234,100100,334,100465,100,100086,100,100496,100,100076,100,100550,100,100039,100,100572,100,99967,100,100577,100,99962,100,100592,100,99933,100,100702,100,99931,100
2019-06-28 09:44:40.000000000,100160,506,100138,606,100315,100,100132,400,100350,100,100100,200,100465,100,100086,100,100496,100,100076,100,100550,100,100039,100,100572,100,99967,100,100577,100,99962,100,100592,100,99933,100,100702,100,99931,100
2019-06-28 09:44:50.000000000,100160,202,100138,302,100315,202,100132,502,100350,202,100100,302,100465,202,100086,202,100496,100,100076,100,100550,100,100039,100,100572,100,99967,100,100577,100,99962,100,100592,100,99933,100,100702,100,99931,100
2019-06-28 09:44:51.425464737,100160,202,100138,302,100315,202,100132,502,100350,202,100100,302,100465,202,100086,202,100496,100,100076,100,100550,100,100039,100,100572,100,99967,100,100577,100,99962,100,100592,100,99933,100,100702,100,99931,100
2019-06-28 09:45:00.000000000,100160,238,100138,338,100315,234,100132,534,100350,234,100100,334,100465,100,100086,100,100496,100,100076,100,100550,100,100039,100,100572,100,99967,100,100577,100,99962,100,100592,100,99933,100,100702,100,99931,100
2019-06-28 09:45:10.000000000,100160,181,100138,281,100315,181,100132,481,100350,181,100100,281,100465,181,100086,181,100496,181,100076,181,100550,100,100039,100,100572,100,99967,100,100577,100,99962,100,100592,100,99933,100,100702,100,99931,100
2019-06-28 09:45:20.000000000,100160,506,100138,606,100315,100,100132,400,100350,100,100100,200,100465,100,100086,100,100496,100,100076,100,100550,100,100039,100,100572,100,99967,100,100577,100,99962,100,100592,100,99933,100,100702,100,99931,100
2019-06-28 09:45:30.000000000,100160,303,100138,403,100315,303,100132,603,100350,100,100100,200,100465,100,100086,100,100496,100,100076,100,100550,100,100039,100,100572,100,99967,100,100577,100,99962,100,100592,100,99933,100,100702,100,99931,100
2019-06-28 09:45:40.000000000,100160,238,100138,338,100315,234,100132,534,100350,234,100100,334,100465,100,100086,100,100496,100,100076,100,100550,100,100039,100,100572,100,99967,100,100577,100,99962,100,100592,100,99933,100,100702,100,99931,100
2019-06-28 09:45:42.732307541,100160,138,100138,338,100315,234,100132,534,100350,234,100100,334,100465,100,100086,100,100496,100,100076,100,100550,100,100039,100,100572,100,99967,100,100577,100,99962,100,100592,100,99933,100,100702,100,99931,100
2019-06-28 09:45:43.680723190,100160,138,100146,100,100315,234,100138,338,100350,234,100132,534,100465,100,100100,334,100496,100,100086,100,100550,100,100076,100,100572,100,100039,100,100577,100,99967,100,100592,100,99962,100,100702,100,99933,100
2019-06-28 09:45:50.000000000,100315,506,100146,506,100350,100,100138,200,100465,100,100132,400,100496,100,100100,200,100550,100,100086,100,100572,100,100076,100,100577,100,100039,100,100592,100,99967,100,100702,100,99962,100,100706,100,99933,100
2019-06-28 09:45:54.558924847,100315,506,100146,506,100350,100,100138,200,100351,100,100132,400,100465,100,100100,200,100496,100,100086,100,100550,100,100076,100,100572,100,100039,100,100577,100,99967,100,100592,100,99962,100,100702,100,99933,100
2019-06-28 09:45:55.221296177,100315,506,100146,606,100350,100,100138,200,100351,100,100132,400,100465,100,100100,200,100496,100,100086,100,100550,100,100076,100,100572,100,100039,100,100577,100,99967,100,100592,100,99962,100,100702,100,99933,100
2019-06-28 09:45:55.477541648,100315,506,100146,606,100350,100,100138,200,100351,100,100132,400,100496,100,100100,200,100550,100,100086,100,100572,100,100076,100,100573,100,100039,100,100577,100,99967,100,100592,100,99962,100,100702,100,99933,100
2019-06-28 09:46:00.000000000,100315,202,100146,302,100350,202,100138,302,100351,202,100132,502,100496,202,100100,302,100550,100,100086,100,100572,100,100076,100,100573,100,100039,100,100577,100,99967,100,100592,100,99962,100,100702,100,99933,100
2019-06-28 09:46:10.000000000,100315,303,100146,403,100350,303,100138,403,100351,100,100132,400,100496,100,100100,200,100550,100,100086,100,100572,100,100076,100,100573,100,100039,100,100577,100,99967,100,100592,100,99962,100,100702,100,99933,100
2019-06-28 09:46:20.000000000,100315,506,100146,606,100350,100,100138,200,100351,100,100132,400,100496,100,100100,200,100550,100,100086,100,100572,100,100076,100,100573,100,100039,100,100577,100,99967,100,100592,100,99962,100,100702,100,99933,100
2019-06-28 09:46:30.000000000,100315,202,100146,302,100350,202,100138,302,100351,202,100132,502,100496,202,100100,302,100550,100,100086,100,100572,100,100076,100,100573,100,100039,100,100577,100,99967,100,100592,100,99962,100,100702,100,99933,100
2019-06-28 09:46:40.000000000,100315,202,100146,302,100350,202,100138,302,100351,202,100132,502,100496,202,100100,302,100550,100,100086,100,100572,100,100076,100,100573,100,100039,100,100577,100,99967,100,100592,100,99962,100,100702,100,99933,100
2019-06-28 09:46:50.000000000,100315,181,100146,281,100350,181,100138,281,100351,181,100132,481,100496,181,100100,281,100550,181,100086,181,100572,100,100076,100,100573,100,100039,100,100577,100,99967,100,100592,100,99962,100,100702,100,99933,100
2019-06-28 09:46:55.617117670,100315,181,100146,181,100350,181,100138,281,100351,181,100132,481,100496,181,100100,281,100550,181,100086,181,100572,100,100076,100,100573,100,100039,100,100577,100,99967,100,100592,100,99962,100,100706,100,99933,100
2019-06-28 09:47:00.000000000,100315,181,100146,181,100350,181,100138,281,100351,181,100132,481,100496,181,100100,281,100550,181,100086,181,100572,100,100076,100,100573,100,100039,100,100577,100,99967,100,100592,100,99962,100,100706,100,99933,100
2019-06-28 09:47:05.672784674,100315,181,100146,181,100350,181,100138,281,100351,181,100132,481,100496,181,100100,281,100550,181,100086,181,100572,100,100076,100,100573,100,100039,100,100577,100,99967,100,100592,100,99962,100,100706,100,99933,100
2019-06-28 09:47:10.000000000,100315,202,100146,202,100350,202,100138,302,100351,202,100132,502,100496,202,100100,302,100550,100,100086,100,100572,100,100076,100,100573,100,100039,100,100577,100,99967,100,100592,100,99962,100,100706,100,99933,100
2019-06-28 09:47:20.000000000,100315,202,100146,202,100350,202,100138,302,100351,202,100132,502,100496,202,100100,302,100550,100,100086,100,100572,100,100076,100,100573,100,100039,100,100577,100,99967,100,100592,100,99962,100,100706,100,99933,100
2019-06-28 09:47:24.139701228,100315,202,100146,202,100350,202,100138,302,100351,202,100132,502,100496,202,100100,302,100550,100,100086,100,100572,100,100076,100,100573,100,100039,100,100577,100,99967,100,100592,100,99962,100,100706,100,99937,100
2019-06-28 09:47:24.521001304,100315,202,100146,102,100350,202,100138,302,100351,202,100132,502,100496,202,100100,302,100550,100,100086,100,100572,100,100076,100,100573,100,100039,100,100577,100,99967,100,100592,100,99962,100,100706,100,99933,100
2019-06-28 09:47:26.044229411,100315,202,100146,102,100350,202,100138,302,100351,202,100132,502,100496,202,100100,302,100550,100,100086,100,100572,100,100076,100,100573,100,100039,100,100577,100,99967,100,100592,100,99962,100,100706,100,99933,100
2019-06-28 09:47:30.000000000,100315,303,100138,403,100350,303,100132,603,100351,100,100100,200,100496,100,100086,100,100550,100,100076,100,100572,100,100039,100,100573,100,99967,100,100577,100,99962,100,100592,100,99933,100,100706,100,99931,100
2019-06-28 09:47:34.542725395,100315,303,100138,403,100350,303,100132,603,100351,100,100100,200,100496,100,100086,100,100550,100,100076,100,100572,100,100039,100,100577,100,99967,100,100592,100,99962,100,100706,100,99933,100,100712,100,99931,100
2019-06-28 09:47:36.496719671,100315,303,100138,303,100350,303,100132,603,100351,100,100100,200,100496,100,100086,100,100550,100,100076,100,100572,100,100039,100,100577,100,99967,100,100592,100,99962,100,100706,100,99933,100,100712,100,99931,100
2019-06-28 09:47:39.946394421,100315,303,100138,203,100350,303,100132,603,100351,100,100100,200,100496,100,100086,100,100550,100,100076,100,100572,100,100039,100,100577,100,99967,100,100592,100,99962,100,100706,100,99933,100,100712,100,99931,100
2019-06-28 09:47:40.000000000,100315,303,100132,603,100350,303,100100,403,100351,100,100086,100,100496,100,100076,100,100550,100,100039,100,100572,100,99967,100,100577,100,99962,100,100592,100,99933,100,100706,100,99931,100,100712,100,99864,100
2019-06-28 09:47:43.278092578,100315,303,100132,603,100350,303,100100,403,100351,100,100086,100,100496,100,100076,100,100550,100,100039,100,100572,100,99967,100,100577,100,99962,100,100592,100,99933,100,100706,100,99931,100,100712,100,99864,100
2019-06-28 09:47:50.000000000,100315,506,100132,806,100350,100,100100,200,100351,100,100086,100,100496,100,100076,100,100550,100,100039,100,100572,100,99967,100,100577,100,99962,100,100592,100,99933,100,100706,100,99931,100,100712,100,99864,100
2019-06-28 09:47:52.797442876,100315,506,100132,806,100350,100,100100,200,100351,100,100086,100,100496,100,100076,100,100550,100,100039,100,100572,100,99967,100,100577,100,99962,100,100592,100,99933,100,100706,100,99931,100,100768,100,99864,100
2019-06-28 09:48:00.000000000,100315,202,100132,502,100350,202,100100,302,100351,202,100086,202,100496,202,100076,202,100550,100,100039,100,100572,100,99967,100,100577,100,99962,100,100592,100,99933,100,100706,100,99931,100,100768,100,99864,100
2019-06-28 09:48:02.106753901,100315,202,100132,502,100350,202,100100,302,100351,202,100086,202,100496,202,100076,202,100550,100,100039,100,100572,100,99967,100,100577,100,99962,100,100592,100,99933,100,100706,100,99931,100,100768,100,99861,100
2019-06-28 09:48:10.000000000,100315,181,100132,481,100350,181,100100,281,100351,181,100086,181,100496,181,100076,181,100550,181,100039,181,100572,100,99967,100,100577,100,99962,100,100592,100,99933,100,100706,100,99931,100,100768,100,99861,100
2019-06-28 09:48:11.219568280,100315,181,100132,481,100350,181,100100,281,100351,181,100086,181,100496,181,100076,181,100550,181,100039,181,100577,100,99967,100,100592,100,99962,100,100706,100,99933,100,100768,100,99931,100,100974,100,99861,100
2019-06-28 09:48:18.771849380,100138,100,100132,481,100315,181,100100,281,100350,181,100086,181,100351,181,100076,181,100496,181,100039,181,100550,181,99967,100,100577,100,99962,100,100592,100,99933,100,100706,100,99931,100,100768,100,99861,100
2019-06-28 09:48:19.863742423,100138,200,100132,481,100315,181,100100,281,100350,181,100086,181,100351,181,100076,181,100496,181,100039,181,100550,181,99967,100,100577,100,99962,100,100592,100,99933,100,100706,100,99861,100,100768,100,99849,100
2019-06-28 09:48:20.000000000,100138,338,100132,538,100315,234,100100,334,100350,234,100086,234,100351,100,100076,100,100496,100,100039,100,100550,100,99967,100,100577,100,99962,100,100592,100,99933,100,100706,100,99861,100,100768,100,99849,100
2019-06-28 09:48:30.000000000,100138,403,100132,603,100315,303,100100,403,100350,100,100086,100,100351,100,100076,100,100496,100,100039,100,100550,100,99967,100,100577,100,99962,100,100592,100,99933,100,100706,100,99861,100,100768,100,99849,100
2019-06-28 09:48:31.722560308,100138,403,100132,503,100315,303,100100,403,100350,100,100086,100,100351,100,100076,100,100496,100,100039,100,100550,100,99967,100,100577,100,99962,100,100592,100,99933,100,100706,100,99861,100,100768,100,99849,100
2019-06-28 09:48:34.284960043,100138,403,100132,403,100315,303,100100,403,100350,100,100086,100,100351,100,100076,100,100496,100,100039,100,100550,100,99967,100,100577,100,99962,100,100592,100,99933,100,100706,100,99861,100,100768,100,99849,100
2019-06-28 09:48:40.000000000,100138,338,100132,338,100315,234,100100,334,100350,234,100086,234,100351,100,100076,100,100496,100,100039,100,100550,100,99967,100,100577,100,99962,100,100592,100,99933,100,100706,100,99861,100,100768,100,99849,100
2019-06-28 09:48:50.000000000,100138,338,100132,338,100315,234,100100,334,100350,234,100086,234,100351,100,100076,100,100496,100,100039,100,100550,100,99967,100,100577,100,99962,100,100592,100,99933,100,100706,100,99861,100,100768,100,99849,100
2019-06-28 09:48:53.354592138,100138,338,100132,338,100315,234,100100,334,100350,234,100086,234,100351,100,100076,100,100496,100,100039,100,100550,100,99962,100,100577,100,99933,100,100592,100,99861,100,100706,100,99849,100,100768,100,99814,100
2019-06-28 09:49:00.000000000,100138,281,100132,281,100315,181,100100,281,100350,181,100086,181,100351,181,100076,181,100496,181,100039,181,100550,100,99962,100,100577,100,99933,100,100592,100,99861,100,100706,100,99849,100,100768,100,99814,100
2019-06-28 09:49:10.000000000,100138,606,100132,606,100315,100,100100,200,100350,100,100086,100,100351,100,100076,100,100496,100,100039,100,100550,100,99962,100,100577,100,99933,100,100592,100,99861,100,100706,100,99849,100,100768,100,99814,100
2019-06-28 09:49:11.992612642,100138,606,100132,606,100315,100,100100,200,100350,100,100086,100,100351,100,100076,100,100496,100,100039,100,100550,100,99962,100,100577,100,99933,100,100592,100,99861,100,100706,100,99849,100,100768,100,99814,100
2019-06-28 09:49:20.000000000,100138,403,100132,403,100315,303,100100,403,100350,100,100086,100,100351,100,100076,100,100496,100,100039,100,100550,100,99962,100,100577,100,99933,100,100592,100,99861,100,100706,100,99849,100,100768,100,99814,100
2019-06-28 09:49:30.000000000,100138,302,100132,302,100315,202,100100,302,100350,202,100086,202,100351,202,100076,202,100496,100,100039,100,100550,100,99962,100,100577,100,99933,100,100592,100,99861,100,100706,100,99849,100,100768,100,99814,100
2019-06-28 09:49:40.000000000,100138,403,100132,403,100315,303,100100,403,100350,100,100086,100,100351,100,100076,100,100496,100,100039,100,100550,100,99962,100,100577,100,99933,100,100592,100,99861,100,100706,100,99849,100,100768,100,99814,100
2019-06-28 09:49:40.859681823,100137,100,100132,403,100138,403,100100,403,100315,303,100086,100,100350,100,100076,100,100351,100,100039,100,100496,100,99962,100,100550,100,99933,100,100577,100,99861,100,100592,100,99849,100,100706,100,99814,100
2019-06-28 09:49:50.000000000,100137,303,100132,403,100138,403,100100,403,100315,100,100086,100,100350,100,100076,100,100351,100,100039,100,100496,100,99962,100,100550,100,99933,100,100577,100,99861,100,100592,100,99849,100,100706,100,99814,100
2019-06-28 09:49:54.475254042,100137,403,100132,403,100138,403,100100,403,100315,100,100086,100,100350,100,100076,100,100351,100,100039,100,100496,100,99962,100,100550,100,99933,100,100577,100,99861,100,100592,100,99849,100,100706,100,99814,100
2019-06-28 09:49:54.632126972,100137,403,100132,403,100138,303,100100,403,100315,100,100086,100,100350,100,100076,100,100351,100,100039,100,100496,100,99962,100,100550,100,99933,100,100577,100,99861,100,100592,100,99849,100,100706,100,99814,100
2019-06-28 09:49:58.270551341,100137,403,100132,403,100138,303,100100,403,100315,100,100086,100,100350,100,100076,100,100351,100,100039,100,100496,100,99962,100,100550,100,99933,100,100577,100,99861,100,100592,100,99849,100,100706,100,99814,100
2019-06-28 09:50:00.000000000,100137,338,100132,338,100138,234,100100,334,100315,234,100086,234,100350,100,100076,100,100351,100,100039,100,100496,100,99962,100,100550,100,99933,100,100577,100,99861,100,100592,100,99849,100,100706,100,99814,100
2019-06-28 09:50:10.000000000,100137,606,100132,606,100138,100,100100,200,100315,100,100086,100,100350,100,100076,100,100351,100,100039,100,100496,100,99962,100,100550,100,99933,100,100577,100,99861,100,100592,100,99849,100,100706,100,99814,100
2019-06-28 09:50:20.000000000,100137,403,100132,403,100138,303,100100,403,100315,100,100086,100,100350,100,100076,100,100351,100,100039,100,100496,100,99962,100,100550,100,99933,100,100577,100,99861,100,100592,100,99849,100,100706,100,99814,100
2019-06-28 09:50:25.076914990,100137,403,100132,403,100138,303,100100,403,100315,100,100086,100,100350,100,100076,100,100351,100,100039,100,100496,100,99962,100,100550,100,99933,100,100577,100,99861,100,100592,100,99849,100,100706,100,99814,100
2019-06-28 09:50:30.000000000,100137,606,100132,606,100138,100,100100,200,100315,100,100086,100,100350,100,100076,100,100351,100,100039,100,100496,100,99962,100,100550,100,99933,100,100577,100,99861,100,100592,100,99849,100,100706,100,99814,100
2019-06-28 09:50:38.417768956,100137,606,100132,606,100138,100,100100,200,100315,100,100086,100,100350,100,100076,100,100351,100,100039,100,100496,100,99962,100,100550,100,99933,100,100577,100,99861,100,100592,100,99849,100,100706,100,99814,100
2019-06-28 09:50:40.000000000,100137,606,100132,606,100138,100,100100,200,100315,100,100086,100,100350,100,100076,100,100351,100,100039,100,100496,100,99962,100,100550,100,99933,100,100577,100,99861,100,100592,100,99849,100,100706,100,99814,100
2019-06-28 09:50:44.826567093,100137,606,100132,506,100138,100,100100,200,100315,100,100086,100,100350,100,100076,100,100351,100,100039,100,100496,100,99962,100,100550,100,99933,100,100592,100,99861,100,100706,100,99849,100,100768,100,99814,100
2019-06-28 09:50:50.000000000,100137,338,100132,238,100138,234,100100,334,100315,234,100086,234,100350,100,100076,100,100351,100,100039,100,100496,100,99962,100,100550,100,99933,100,100592,100,99861,100,100706,100,99849,100,100768,100,99814,100
2019-06-28 09:51:00.000000000,100137,606,100132,506,100138,100,100100,200,100315,100,100086,100,100350,100,100076,100,100351,100,100039,100,100496,100,99962,100,100550,100,99933,100,100592,100,99861,100,100706,100,99849,100,100768,100,99814,100
2019-06-28 09:51:04.670576070,100137,606,100132,406,100138,100,100100,200,100315,100,100086,100,100350,100,100076,100,100351,100,100039,100,100496,100,99962,100,100550,100,99933,100,100592,100,99861,100,100706,100,99849,100,100768,100,99814,100
2019-06-28 09:51:10.000000000,100137,338,100100,338,100138,234,100086,234,100315,234,100076,234,100350,100,100039,100,100351,100,99962,100,100496,100,99933,100,100550,100,99861,100,100592,100,99849,100,100706,100,99814,100,100768,100,99813,100
2019-06-28 09:51:12.624743156,100132,100,100100,338,100137,338,100086,234,100138,234,100076,234,100315,234,100039,100,100350,100,99962,100,100351,100,99933,100,100496,100,99861,100,100550,100,99849,100,100592,100,99814,100,100706,100,99813,100
2019-06-28 09:51:20.000000000,100132,202,100100,302,100137,302,100086,202,100138,202,100076,202,100315,202,100039,202,100350,100,99962,100,100351,100,99933,100,100496,100,99861,100,100550,100,99849,100,100592,100,99814,100,100706,100,99813,100
2019-06-28 09:51:25.653482626,100132,202,100100,302,100137,202,100086,202,100138,202,100076,202,100315,202,100039,202,100350,100,99962,100,100351,100,99933,100,100496,100,99861,100,100550,100,99849,100,100592,100,99814,100,100706,100,99813,100
2019-06-28 09:51:30.000000000,100132,303,100100,403,100137,303,100086,303,100138,100,100076,100,100315,100,100039,100,100350,100,99962,100,100351,100,99933,100,100496,100,99861,100,100550,100,99849,100,100592,100,99814,100,100706,100,99813,100
2019-06-28 09:51:34.545826007,100132,303,100100,303,100137,303,100086,303,100138,100,100076,100,100315,100,100039,100,100350,100,99962,100,100351,100,99933,100,100496,100,99861,100,100550,100,99849,100,100592,100,99814,100,100706,100,99813,100
2019-06-28 09:51:39.906476222,100132,303,100100,203,100137,303,100086,303,100138,100,100076,100,100315,100,100039,100,100350,100,99962,100,100351,100,99861,100,100496,100,99849,100,100550,100,99814,100,100592,100,99813,100,100706,100,99790,100
2019-06-28 09:51:40.000000000,100132,238,100086,238,100137,234,100076,234,100138,234,100039,234,100315,100,99962,100,100350,100,99861,100,100351,100,99849,100,100496,100,99814,100,100550,100,99813,100,100592,100,99790,100,100706,100,99769,100
2019-06-28 09:51:50.000000000,100132,202,100086,202,100137,202,100076,202,100138,202,100039,202,100315,202,99962,202,100350,100,99861,100,100351,100,99849,100,100496,100,99814,100,100550,100,99813,100,100592,100,99790,100,100706,100,99769,100
2019-06-28 09:51:51.490463255,100100,100,100086,202,100132,202,100076,202,100137,202,100039,202,100138,202,99962,202,100315,202,99861,100,100350,100,99849,100,100351,100,99814,100,100496,100,99813,100,100550,100,99790,100,100592,100,99769,100
2019-06-28 09:51:57.883677380,100100,200,100086,202,100132,102,100076,202,100137,202,100039,202,100138,202,99962,202,100315,202,99861,100,100350,100,99849,100,100351,100,99814,100,100496,100,99813,100,100550,100,99790,100,100592,100,99769,100
2019-06-28 09:52:00.000000000,100100,606,100086,506,100137,100,100076,100,100138,100,100039,100,100315,100,99962,100,100350,100,99861,100,100351,100,99849,100,100496,100,99814,100,100550,100,99813,100,100592,100,99790,100,100706,100,99769,100
2019-06-28 09:52:10.000000000,100100,403,100086,303,100137,303,100076,303,100138,100,100039,100,100315,100,99962,100,100350,100,99861,100,100351,100,99849,100,100496,100,99814,100,100550,100,99813,100,100592,100,99790,100,100706,100,99769,100
2019-06-28 09:52:19.610831810,100100,503,100086,303,100137,303,100076,303,100138,100,100039,100,100315,100,99962,100,100350,100,99861,100,100351,100,99849,100,100496,100,99814,100,100550,100,99813,100,100592,100,99790,100,100706,100,99769,100
2019-06-28 09:52:20.000000000,100100,706,100086,506,100137,100,100076,100,100138,100,100039,100,100315,100,99962,100,100350,100,99861,100,100351,100,99849,100,100496,100,99814,100,100550,100,99813,100,100592,100,99790,100,100706,100,99769,100
2019-06-28 09:52:21.312592747,100100,806,100086,506,100137,100,100076,100,100138,100,100039,100,100315,100,99962,100,100350,100,99861,100,100351,100,99849,100,100496,100,99814,100,100550,100,99813,100,100592,100,99790,100,100706,100,99769,100
2019-06-28 09:52:26.238245863,100100,806,100086,406,100137,100,100076,100,100138,100,100039,100,100315,100,99962,100,100350,100,99861,100,100351,100,99849,100,100496,100,99814,100,100550,100,99790,100,100592,100,99769,100,100706,100,99684,100
2019-06-28 09:52:30.000000000,100100,538,100076,238,100137,234,100039,234,100138,234,99962,234,100315,100,99861,100,100350,100,99849,100,100351,100,99814,100,100496,100,99790,100,100550,100,99769,100,100592,100,99684,100,100706,100,99572,100
2019-06-28 09:52:30.820679592,100100,538,100076,238,100137,234,100039,234,100138,234,99962,234,100315,100,99861,100,100351,100,99849,100,100496,100,99814,100,100550,100,99790,100,100592,100,99769,100,100706,100,99684,100,100768,100,99663,100
2019-06-28 09:52:33.916165347,100100,538,100076,238,100137,234,100039,234,100138,234,99962,234,100315,100,99861,100,100351,100,99849,100,100496,100,99814,100,100550,100,99790,100,100592,100,99769,100,100706,100,99684,100,100768,100,99663,100
2019-06-28 09:52:40.000000000,100100,806,100076,506,100137,100,100039,100,100138,100,99962,100,100315,100,99861,100,100351,100,99849,100,100496,100,99814,100,100550,100,99790,100,100592,100,99769,100,100706,100,99684,100,100768,100,99663,100
2019-06-28 09:52:50.000000000,100100,806,100076,506,100137,100,100039,100,100138,100,99962,100,100315,100,99861,100,100351,100,99849,100,100496,100,99814,100,100550,100,99790,100,100592,100,99769,100,100706,100,99684,100,100768,100,99663,100
2019-06-28 09:52:53.450412124,100100,806,100076,406,100137,100,100039,100,100138,100,99861,100,100315,100,99849,100,100351,100,99814,100,100496,100,99790,100,100550,100,99769,100,100592,100,99684,100,100706,100,99663,100,100768,100,99630,100
2019-06-28 09:53:00.000000000,100100,502,100039,202,100137,202,99861,202,100138,202,99849,202,100315,202,99814,202,100351,100,99790,100,100496,100,99769,100,100550,100,99684,100,100592,100,99663,100,100706,100,99630,100,100768,100,99572,100
2019-06-28 09:53:10.000000000,100100,603,100039,303,100137,303,99861,303,100138,100,99849,100,100315,100,99814,100,100351,100,99790,100,100496,100,99769,100,100550,100,99684,100,100592,100,99663,100,100706,100,99630,100,100768,100,99572,100
2019-06-28 09:53:11.262291827,100100,603,100039,303,100137,303,99861,303,100138,100,99849,100,100315,100,99814,100,100351,100,99790,100,100496,100,99769,100,100550,100,99684,100,100592,100,99683,100,100706,100,99663,100,100768,100,99630,100
2019-06-28 09:53:20.000000000,100100,806,100039,506,100137,100,99861,100,100138,100,99849,100,100315,100,99814,100,100351,100,99790,100,100496,100,99769,100,100550,100,99684,100,100592,100,99683,100,100706,100,99663,100,100768,100,99630,100
2019-06-28 09:53:30.000000000,100100,806,100039,506,100137,100,99861,100,100138,100,99849,100,100315,100,99814,100,100351,100,99790,100,100496,100,99769,100,100550,100,99684,100,100592,100,99683,100,100706,100,99663,100,100768,100,99630,100
2019-06-28 09:53:31.522928002,100100,806,100039,506,100137,100,99861,100,100138,100,99849,100,100315,100,99814,100,100351,100,99790,100,100496,100,99769,100,100550,100,99720,100,100592,100,99684,100,100706,100,99683,100,100768,100,99663,100
2019-06-28 09:53:40.000000000,100100,502,100039,202,100137,202,99861,202,100138,202,99849,202,100315,202,99814,202,100351,100,99790,100,100496,100,99769,100,100550,100,99720,100,100592,100,99684,100,100706,100,99683,100,100768,100,99663,100
2019-06-28 09:53:40.972837810,100086,100,100039,202,100100,502,99861,202,100137,202,99849,202,100138,202,99814,202,100315,202,99790,100,100351,100,99769,100,100496,100,99720,100,100550,100,99684,100,100592,100,99683,100,100706,100,99663,100
2019-06-28 09:53:50.000000000,100086,202,100039,202,100100,502,99861,202,100137,202,99849,202,100138,202,99814,202,100315,100,99790,100,100351,100,99769,100,100496,100,99720,100,100550,100,99684,100,100592,100,99683,100,100706,100,99663,100
2019-06-28 09:53:54.183056631,100086,202,100039,202,100100,502,99861,202,100137,202,99849,202,100138,202,99814,202,100315,100,99790,100,100351,100,99769,100,100496,100,99720,100,100550,100,99684,100,100592,100,99683,100,100706,100,99663,100
2019-06-28 09:54:00.000000000,100086,181,100039,181,100100,481,99861,181,100137,181,99849,181,100138,181,99814,181,100315,181,99790,181,100351,100,99769,100,100496,100,99720,100,100550,100,99684,100,100592,100,99683,100,100706,100,99663,100
2019-06-28 09:54:10.000000000,100086,202,100039,202,100100,502,99861,202,100137,202,99849,202,100138,202,99814,202,100315,100,99790,100,100351,100,99769,100,100496,100,99720,100,100550,100,99684,100,100592,100,99683,100,100706,100,99663,100
2019-06-28 09:54:20.000000000,100086,181,100039,181,100100,481,99861,181,100137,181,99849,181,100138,181,99814,181,100315,181,99790,181,100351,100,99769,100,100496,100,99720,100,100550,100,99684,100,100592,100,99683,100,100706,100,99663,100
2019-06-28 09:54:30.000000000,100086,506,100039,506,100100,400,99861,100,100137,100,99849,100,100138,100,99814,100,100315,100,99790,100,100351,100,99769,100,100496,100,99720,100,100550,100,99684,100,100592,100,99683,100,100706,100,99663,100
2019-06-28 09:54:36.046891564,100086,606,100039,406,100100,400,99861,100,100137,100,99849,100,100138,100,99814,100,100315,100,99790,100,100351,100,99769,100,100496,100,99720,100,100550,100,99684,100,100592,100,99683,100,100706,100,99663,100
2019-06-28 09:54:40.000000000,100086,281,99861,181,100100,481,99849,181,100137,181,99814,181,100138,181,99790,181,100315,181,99769,181,100351,100,99720,100,100496,100,99684,100,100550,100,99683,100,100592,100,99663,100,100706,100,99630,100
2019-06-28 09:54:41.992397658,100086,281,99861,81,100100,481,99849,181,100137,181,99814,181,100138,181,99790,181,100315,181,99769,181,100351,100,99720,100,100496,100,99684,100,100550,100,99683,100,100592,100,99663,100,100706,100,99630,100
2019-06-28 09:54:50.000000000,100086,281,99849,181,100100,481,99814,181,100137,181,99790,181,100138,181,99769,181,100315,181,99720,181,100351,100,99684,100,100496,100,99683,100,100550,100,99663,100,100592,100,99630,100,100706,100,99572,100
2019-06-28 09:54:59.321768886,100086,281,99849,181,100100,481,99814,181,100137,181,99790,181,100138,181,99769,181,100315,181,99720,181,100351,100,99684,100,100496,100,99683,100,100550,100,99663,100,100592,100,99630,100,100706,100,99572,100
2019-06-28 09:54:59.684099823,100086,281,99849,81,100100,481,99814,181,100137,181,99790,181,100138,181,99769,181,100315,181,99720,181,100351,100,99684,100,100496,100,99683,100,100550,100,99663,100,100592,100,99630,100,100706,100,99572,100
2019-06-28 09:55:00.000000000,100086,338,99814,238,100100,534,99790,234,100137,234,99769,234,100138,100,99720,100,100315,100,99684,100,100351,100,99683,100,100496,100,99663,100,100550,100,99630,100,100592,100,99572,100,100706,100,99493,100
2019-06-28 09:55:01.482519093,100086,338,99814,138,100100,534,99790,234,100137,234,99769,234,100138,100,99720,100,100315,100,99684,100,100351,100,99683,100,100496,100,99663,100,100550,100,99630,100,100592,100,99572,100,100706,100,99493,100
2019-06-28 09:55:10.000000000,100086,338,99790,238,100100,534,99769,234,100137,234,99720,234,100138,100,99684,100,100315,100,99683,100,100351,100,99663,100,100496,100,99630,100,100550,100,99572,100,100592,100,99493,100,100706,100,99383,100
2019-06-28 09:55:11.476050041,100086,338,99790,238,100100,534,99769,234,100137,234,99720,234,100138,100,99683,100,100315,100,99663,100,100351,100,99630,100,100496,100,99572,100,100550,100,99493,100,100592,100,99441,100,100706,100,99383,100
2019-06-28 09:55:20.000000000,100086,403,99790,303,100100,603,99769,303,100137,100,99720,100,100138,100,99683,100,100315,100,99663,100,100351,100,99630,100,100496,100,99572,100,100550,100,99493,100,100592,100,99441,100,100706,100,99383,100
2019-06-28 09:55:23.633420042,100086,403,99790,303,100100,603,99769,303,100137,100,99720,100,100138,100,99683,100,100315,100,99663,100,100351,100,99630,100,100496,100,99572,100,100550,100,99493,100,100592,100,99441,100,100706,100,99383,100
2019-06-28 09:55:23.785075783,100086,403,99790,303,100100,603,99769,303,100137,100,99720,100,100138,100,99683,100,100315,100,99663,100,100351,100,99630,100,100496,100,99572,100,100550,100,99493,100,100592,100,99492,100,100706,100,99441,100
2019-06-28 09:55:30.000000000,100086,338,99790,238,100100,534,99769,234,100137,234,99720,234,100138,100,99683,100,100315,100,99663,100,100351,100,99630,100,100496,100,99572,100,100550,100,99493,100,100592,100,99492,100,100706,100,99441,100
2019-06-28 09:55:40.000000000,100086,403,99790,303,100100,603,99769,303,100137,100,99720,100,100138,100,99683,100,100315,100,99663,100,100351,100,99630,100,100496,100,99572,100,100550,100,99493,100,100592,100,99492,100,100706,100,99441,100
2019-06-28 09:55:40.609306781,100086,403,100014,100,100100,603,99790,303,100137,100,99769,303,100138,100,99720,100,100315,100,99683,100,100351,100,99663,100,100496,100,99630,100,100550,100,99572,100,100592,100,99493,100,100706,100,99492,100
2019-06-28 09:55:42.465529600,100086,403,100014,100,100100,603,99850,100,100137,100,99790,303,100138,100,99769,303,100315,100,99720,100,100351,100,99683,100,100496,100,99663,100,100550,100,99630,100,100592,100,99572,100,100706,100,99493,100
2019-06-28 09:55:45.591280229,100086,403,100014,100,100100,503,99850,200,100137,100,99790,303,100138,100,99769,303,100315,100,99720,100,100351,100,99683,100,100496,100,99663,100,100550,100,99630,100,100592,100,99572,100,100706,100,99493,100
2019-06-28 09:55:46.865884500,100086,403,100014,100,100100,503,99850,300,100137,100,99790,303,100138,100,99769,303,100315,100,99720,100,100351,100,99683,100,100496,100,99663,100,100550,100,99630,100,100592,100,99572,100,100706,100,99493,100
2019-06-28 09:55:50.000000000,100086,403,100014,303,100100,503,99850,503,100137,100,99790,100,100138,100,99769,100,100315,100,99720,100,100351,100,99683,100,100496,100,99663,100,100550,100,99630,100,100592,100,99572,100,100706,100,99493,100
2019-06-28 09:55:51.343521228,100086,403,100014,203,100100,503,99850,503,100137,100,99790,100,100138,100,99769,100,100315,100,99720,100,100351,100,99683,100,100496,100,99663,100,100550,100,99630,100,100592,100,99572,100,100706,100,99493,100
2019-06-28 09:56:00.000000000,100086,302,99850,402,100100,402,99790,202,100137,202,99769,202,100138,202,99720,202,100315,100,99683,100,100351,100,99663,100,100496,100,99630,100,100550,100,99572,100,100592,100,99493,100,100706,100,99492,100
2019-06-28 09:56:06.053945487,100086,302,99850,402,100100,402,99790,202,100129,100,99769,102,100137,202,99720,202,100138,202,99683,100,100315,100,99663,100,100351,100,99630,100,100496,100,99572,100,100550,100,99493,100,100592,100,99492,100
2019-06-28 09:56:10.000000000,100086,302,99850,402,100100,402,99790,202,100129,202,99720,202,100137,202,99683,202,100138,100,99663,100,100315,100,99630,100,100351,100,99572,100,100496,100,99493,100,100550,100,99492,100,100592,100,99441,100
2019-06-28 09:56:20.000000000,100086,403,99850,503,100100,503,99790,303,100129,100,99720,100,100137,100,99683,100,100138,100,99663,100,100315,100,99630,100,100351,100,99572,100,100496,100,99493,100,100550,100,99492,100,100592,100,99441,100
2019-06-28 09:56:30.000000000,100086,338,99850,438,100100,434,99790,234,100129,234,99720,234,100137,100,99683,100,100138,100,99663,100,100315,100,99630,100,100351,100,99572,100,100496,100,99493,100,100550,100,99492,100,100592,100,99441,100
2019-06-28 09:56:40.000000000,100086,403,99850,503,100100,503,99790,303,100129,100,99720,100,100137,100,99683,100,100138,100,99663,100,100315,100,99630,100,100351,100,99572,100,100496,100,99493,100,100550,100,99492,100,100592,100,99441,100
2019-06-28 09:56:45.672943315,100086,403,99850,403,100100,503,99790,303,100129,100,99720,100,100137,100,99683,100,100138,100,99663,100,100315,100,99630,100,100351,100,99572,100,100496,100,99493,100,100550,100,99492,100,100592,100,99441,100
2019-06-28 09:56:50.000000000,100086,302,99850,302,100100,402,99790,202,100129,202,99720,202,100137,202,99683,202,100138,100,99663,100,100315,100,99630,100,100351,100,99572,100,100496,100,99493,100,100550,100,99492,100,100592,100,99441,100
2019-06-28 09:56:51.408005746,100086,302,99850,302,100100,402,99790,202,100129,202,99720,202,100137,102,99683,202,100138,100,99663,100,100315,100,99630,100,100351,100,99572,100,100496,100,99493,100,100550,100,99492,100,100592,100,99441,100
2019-06-28 09:56:57.064401679,100086,302,100080,100,100100,402,99850,302,100129,202,99790,202,100137,102,99720,202,100138,100,99683,202,100315,100,99663,100,100351,100,99630,100,100496,100,99572,100,100550,100,99493,100,100592,100,99492,100
2019-06-28 09:57:00.000000000,100086,302,100080,202,100100,402,99850,302,100129,202,99790,202,100138,202,99720,202,100315,100,99683,100,100351,100,99663,100,100496,100,99630,100,100550,100,99572,100,100592,100,99493,100,100706,100,99492,100
2019-06-28 09:57:10.000000000,100086,302,100080,202,100100,402,99850,302,100129,202,99790,202,100138,202,99720,202,100315,100,99683,100,100351,100,99663,100,100496,100,99630,100,100550,100,99572,100,100592,100,99493,100,100706,100,99492,100
2019-06-28 09:57:20.000000000,100086,403,100080,303,100100,503,99850,403,100129,100,99790,100,100138,100,99720,100,100315,100,99683,100,100351,100,99663,100,100496,100,99630,100,100550,100,99572,100,100592,100,99493,100,100706,100,99492,100
2019-06-28 09:57:30.000000000,100086,302,100080,202,100100,402,99850,302,100129,202,99790,202,100138,202,99720,202,100315,100,99683,100,100351,100,99663,100,100496,100,99630,100,100550,100,99572,100,100592,100,99493,100,100706,100,99492,100
2019-06-28 09:57:40.000000000,100086,338,100080,238,100100,434,99850,334,100129,234,99790,234,100138,100,99720,100,100315,100,99683,100,100351,100,99663,100,100496,100,99630,100,100550,100,99572,100,100592,100,99493,100,100706,100,99492,100
2019-06-28 09:57:50.000000000,100086,281,100080,181,100100,381,99850,281,100129,181,99790,181,100138,181,99720,181,100315,181,99683,181,100351,100,99663,100,100496,100,99630,100,100550,100,99572,100,100592,100,99493,100,100706,100,99492,100
2019-06-28 09:58:00.000000000,100086,403,100080,303,100100,503,99850,403,100129,100,99790,100,100138,100,99720,100,100315,100,99683,100,100351,100,99663,100,100496,100,99630,100,100550,100,99572,100,100592,100,99493,100,100706,100,99492,100
2019-06-28 09:58:03.436284821,100086,403,100080,203,100100,503,99850,403,100129,100,99790,100,100138,100,99720,100,100315,100,99683,100,100351,100,99663,100,100496,100,99630,100,100550,100,99572,100,100592,100,99493,100,100706,100,99492,100
2019-06-28 09:58:04.706350209,100086,403,100080,103,100100,503,99850,403,100129,100,99790,100,100138,100,99720,100,100315,100,99683,100,100351,100,99663,100,100496,100,99630,100,100550,100,99572,100,100592,100,99493,100,100706,100,99492,100
2019-06-28 09:58:05.110881966,100086,403,100080,3,100100,503,99850,403,100129,100,99790,100,100138,100,99720,100,100315,100,99683,100,100351,100,99663,100,100496,100,99630,100,100550,100,99572,100,100592,100,99493,100,100706,100,99492,100
2019-06-28 09:58:05.672193730,100086,403,100080,3,100100,503,99850,403,100129,100,99790,100,100138,100,99720,100,100315,100,99683,100,100351,100,99663,100,100496,100,99630,100,100550,100,99572,100,100592,100,99493,100,100706,100,99492,100
2019-06-28 09:58:05.887472856,100086,403,100080,3,100100,503,99850,403,100129,100,99790,100,100138,100,99720,100,100315,100,99683,100,100351,100,99663,100,100496,100,99630,100,100550,100,99572,100,100592,100,99493,100,100706,100,99492,100
2019-06-28 09:58:10.000000000,100086,403,99850,403,100100,503,99790,303,100129,100,99720,100,100138,100,99683,100,100315,100,99663,100,100351,100,99630,100,100496,100,99572,100,100550,100,99493,100,100592,100,99492,100,100706,100,99441,100
2019-06-28 09:58:20.000000000,100086,302,99850,302,100100,402,99790,202,100129,202,99720,202,100138,202,99683,202,100315,100,99663,100,100351,100,99630,100,100496,100,99572,100,100550,100,99493,100,100592,100,99492,100,100706,100,99441,100
2019-06-28 09:58:30.000000000,100086,403,99850,403,100100,503,99790,303,100129,100,99720,100,100138,100,99683,100,100315,100,99663,100,100351,100,99630,100,100496,100,99572,100,100550,100,99493,100,100592,100,99492,100,100706,100,99441,100
2019-06-28 09:58:36.863995645,100086,403,99850,303,100100,503,99790,303,100129,100,99720,100,100138,100,99683,100,100315,100,99663,100,100351,100,99630,100,100496,100,99572,100,100550,100,99493,100,100592,100,99492,100,100706,100,99441,100
2019-06-28 09:58:40.000000000,100086,606,99850,506,100100,300,99790,100,100129,100,99720,100,100138,100,99683,100,100315,100,99663,100,100351,100,99630,100,100496,100,99572,100,100550,100,99493,100,100592,100,99492,100,100706,100,99441,100
2019-06-28 09:58:46.843100685,100086,606,99850,506,100100,300,99790,100,100129,100,99720,100,100138,100,99683,100,100315,100,99663,100,100351,100,99630,100,100496,100,99572,100,100550,100,99493,100,100592,100,99492,100,100706,100,99441,100
2019-06-28 09:58:50.000000000,100086,403,99850,303,100100,503,99790,303,100129,100,99720,100,100138,100,99683,100,100315,100,99663,100,100351,100,99630,100,100496,100,99572,100,100550,100,99493,100,100592,100,99492,100,100706,100,99441,100
2019-06-28 09:59:00.000000000,100086,606,99850,506,100100,300,99790,100,100129,100,99720,100,100138,100,99683,100,100315,100,99663,100,100351,100,99630,100,100496,100,99572,100,100550,100,99493,100,100592,100,99492,100,100706,100,99441,100
2019-06-28 09:59:03.616698359,100080,100,99850,506,100086,606,99790,100,100100,200,99720,100,100129,100,99683,100,100138,100,99663,100,100315,100,99630,100,100351,100,99572,100,100496,100,99493,100,100550,100,99492,100,100592,100,99441,100
2019-06-28 09:59:10.000000000,100080,238,99850,238,100086,334,99790,234,100100,334,99720,234,100129,100,99683,100,100138,100,99663,100,100315,100,99630,100,100351,100,99572,100,100496,100,99493,100,100550,100,99492,100,100592,100,99441,100
2019-06-28 09:59:20.000000000,100080,238,99850,238,100086,334,99790,234,100100,334,99720,234,100129,100,99683,100,100138,100,99663,100,100315,100,99630,100,100351,100,99572,100,100496,100,99493,100,100550,100,99492,100,100592,100,99441,100
2019-06-28 09:59:30.000000000,100080,181,99850,181,100086,281,99790,181,100100,281,99720,181,100129,181,99683,181,100138,181,99663,181,100315,100,99630,100,100351,100,99572,100,100496,100,99493,100,100550,100,99492,100,100592,100,99441,100
2019-06-28 09:59:39.403667617,100080,181,99850,181,100086,281,99790,181,100100,281,99720,181,100129,181,99683,181,100138,181,99663,181,100351,100,99630,100,100496,100,99572,100,100550,100,99539,100,100592,100,99493,100,100706,100,99492,100
2019-06-28 09:59:40.000000000,100080,181,99850,181,100086,281,99790,181,100100,281,99720,181,100129,181,99683,181,100138,181,99663,181,100351,100,99630,100,100496,100,99572,100,100550,100,99539,100,100592,100,99493,100,100706,100,99492,100
2019-06-28 09:59:50.000000000,100080,506,99850,506,100086,200,99790,100,100100,200,99720,100,100129,100,99683,100,100138,100,99663,100,100351,100,99630,100,100496,100,99572,100,100550,100,99539,100,100592,100,99493,100,100706,100,99492,100
2019-06-28 09:59:59.768041351,100080,506,99850,506,100086,300,99790,100,100100,200,99720,100,100129,100,99683,100,100138,100,99663,100,100351,100,99630,100,100496,100,99572,100,100550,100,99539,100,100592,100,99493,100,100706,100,99492,100
2019-06-28 10:00:00.000000000,100080,181,99850,181,100086,381,99790,181,100100,281,99720,181,100129,181,99683,181,100138,181,99663,181,100351,100,99630,100,100496,100,99572,100,100550,100,99539,100,100592,100,99493,100,100706,100,99492,100
2019-06-28 10:00:10.000000000,100080,506,99850,506,100086,300,99790,100,100100,200,99720,100,100129,100,99683,100,100138,100,99663,100,100351,100,99630,100,100496,100,99572,100,100550,100,99539,100,100592,100,99493,100,100706,100,99492,100
2019-06-28 10:00:14.890746956,100005,100,99850,506,100080,506,99790,100,100086,300,99720,100,100100,200,99683,100,100129,100,99663,100,100138,100,99630,100,100351,100,99572,100,100496,100,99539,100,100550,100,99493,100,100592,100,99492,100
2019-06-28 10:00:17.623033599,100005,100,99851,100,100080,506,99850,506,100086,300,99790,100,100100,200,99720,100,100129,100,99683,100,100138,100,99663,100,100351,100,99630,100,100496,100,99572,100,100550,100,99539,100,100592,100,99493,100
2019-06-28 10:00:20.000000000,100005,506,99851,506,100080,100,99850,100,100086,300,99790,100,100100,200,99720,100,100129,100,99683,100,100138,100,99663,100,100351,100,99630,100,100496,100,99572,100,100550,100,99539,100,100592,100,99493,100
2019-06-28 10:00:28.430476450,99954,100,99851,506,100005,506,99850,100,100080,100,99790,100,100086,300,99720,100,100100,200,99683,100,100129,100,99663,100,100138,100,99630,100,100351,100,99572,100,100496,100,99539,100,100550,100,99493,100
2019-06-28 10:00:30.000000000,99954,202,99851,202,100005,202,99850,202,100080,202,99790,202,100086,402,99720,202,100100,200,99683,100,100129,100,99663,100,100138,100,99630,100,100351,100,99572,100,100496,100,99539,100,100550,100,99493,100
2019-06-28 10:00:40.000000000,99954,181,99851,181,100005,181,99850,181,100080,181,99790,181,100086,381,99720,181,100100,281,99683,181,100129,100,99663,100,100138,100,99630,100,100351,100,99572,100,100496,100,99539,100,100550,100,99493,100
2019-06-28 10:00:45.197446850,99954,181,99851,181,100005,181,99850,181,100080,181,99790,181,100086,381,99778,100,100100,281,99720,181,100129,100,99683,181,100138,100,99663,100,100351,100,99630,100,100496,100,99572,100,100550,100,99539,100
2019-06-28 10:00:50.000000000,99954,238,99851,238,100005,234,99850,234,100080,234,99790,234,100086,300,99778,100,100100,200,99720,100,100129,100,99683,100,100138,100,99663,100,100351,100,99630,100,100496,100,99572,100,100550,100,99539,100
2019-06-28 10:01:00.000000000,99954,506,99851,506,100005,100,99850,100,100080,100,99790,100,100086,300,99778,100,100100,200,99720,100,100129,100,99683,100,100138,100,99663,100,100351,100,99630,100,100496,100,99572,100,100550,100,99539,100
2019-06-28 10:01:00.178863178,99954,506,99851,406,100005,100,99850,100,100080,100,99790,100,100086,300,99778,100,100100,200,99720,100,100129,100,99683,100,100138,100,99663,100,100351,100,99630,100,100496,100,99572,100,100550,100,99539,100
2019-06-28 10:01:06.374004241,99954,506,99851,306,100005,100,99850,100,100080,100,99790,100,100086,300,99778,100,100100,200,99720,100,100129,100,99683,100,100138,100,99663,100,100351,100,99630,100,100496,100,99572,100,100550,100,99539,100
2019-06-28 10:01:10.000000000,99954,303,99850,303,100005,303,99790,303,100080,100,99778,100,100086,300,99720,100,100100,200,99683,100,100129,100,99663,100,100138,100,99630,100,100351,100,99572,100,100496,100,99539,100,100550,100,99493,100
2019-06-28 10:01:20.000000000,99954,202,99850,202,100005,202,99790,202,100080,202,99778,202,100086,402,99720,202,100100,200,99683,100,100129,100,99663,100,100138,100,99630,100,100351,100,99572,100,100496,100,99539,100,100550,100,99493,100
2019-06-28 10:01:30.000000000,99954,238,99850,238,100005,234,99790,234,100080,234,99778,234,100086,300,99720,100,100100,200,99683,100,100129,100,99663,100,100138,100,99630,100,100351,100,99572,100,100496,100,99539,100,100550,100,99493,100
2019-06-28 10:01:40.000000000,99954,303,99850,303,100005,303,99790,303,100080,100,99778,100,100086,300,99720,100,100100,200,99683,100,100129,100,99663,100,100138,100,99630,100,100351,100,99572,100,100496,100,99539,100,100550,100,99493,100
2019-06-28 10:01:44.333822703,99954,303,99886,100,100005,303,99850,303,100080,100,99790,303,100086,200,99778,100,100100,200,99720,100,100129,100,99683,100,100138,100,99663,100,100351,100,99630,100,100496,100,99572,100,100550,100,99539,100
2019-06-28 10:01:50.000000000,99954,238,99886,238,100005,234,99850,234,100080,234,99790,234,100086,200,99778,100,100100,200,99720,100,100129,100,99683,100,100138,100,99663,100,100351,100,99630,100,100496,100,99572,100,100550,100,99539,100
2019-06-28 10:02:00.000000000,99954,303,99886,303,100005,303,99850,303,100080,100,99790,100,100086,200,99778,100,100100,200,99720,100,100129,100,99683,100,100138,100,99663,100,100351,100,99630,100,100496,100,99572,100,100550,100,99539,100
2019-06-28 10:02:10.000000000,99954,506,99886,506,100005,100,99850,100,100080,100,99790,100,100086,200,99778,100,100100,200,99720,100,100129,100,99683,100,100138,100,99663,100,100351,100,99630,100,100496,100,99572,100,100550,100,99539,100
2019-06-28 10:02:18.202324749,99954,406,99886,506,100005,100,99850,100,100080,100,99790,100,100086,200,99778,100,100100,200,99720,100,100129,100,99683,100,100138,100,99663,100,100351,100,99630,100,100496,100,99572,100,100550,100,99539,100
2019-06-28 10:02:20.000000000,100005,238,99886,238,100080,234,99850,234,100086,334,99790,234,100100,200,99778,100,100129,100,99720,100,100138,100,99683,100,100351,100,99663,100,100496,100,99630,100,100550,100,99572,100,100706,100,99539,100
2019-06-28 10:02:30.000000000,100005,506,99886,506,100080,100,99850,100,100086,200,99790,100,100100,200,99778,100,100129,100,99720,100,100138,100,99683,100,100351,100,99663,100,100496,100,99630,100,100550,100,99572,100,100706,100,99539,100
2019-06-28 10:02:40.000000000,100005,506,99886,506,100080,100,99850,100,100086,200,99790,100,100100,200,99778,100,100129,100,99720,100,100138,100,99683,100,100351,100,99663,100,100496,100,99630,100,100550,100,99572,100,100706,100,99539,100
2019-06-28 10:02:46.074683227,100005,406,99886,506,100080,100,99850,100,100086,200,99790,100,100100,200,99778,100,100138,100,99720,100,100351,100,99683,100,100496,100,99663,100,100550,100,99630,100,100706,100,99572,100,100974,100,99539,100
2019-06-28 10:02:50.000000000,100080,202,99886,202,100086,302,99850,202,100100,302,99790,202,100138,202,99778,202,100351,100,99720,100,100496,100,99683,100,100550,100,99663,100,100706,100,99630,100,100974,100,99572,100,101087,100,99539,100
2019-06-28 10:02:57.983542852,100080,202,99954,100,100086,302,99886,202,100100,302,99850,202,100138,202,99790,202,100351,100,99778,202,100496,100,99720,100,100550,100,99683,100,100706,100,99663,100,100974,100,99630,100,101087,100,99572,100
2019-06-28 10:03:00.000000000,100080,181,99954,181,100086,281,99886,181,100100,281,99850,181,100138,181,99790,181,100351,181,99778,181,100496,100,99720,100,100550,100,99683,100,100706,100,99663,100,100974,100,99630,100,101087,100,99572,100
2019-06-28 10:03:03.054084324,100080,181,99954,181,100086,281,99886,181,100100,281,99850,181,100138,181,99790,181,100351,181,99778,181,100496,100,99683,100,100550,100,99663,100,100571,100,99630,100,100706,100,99572,100,100974,100,99539,100
2019-06-28 10:03:10.000000000,100080,303,99954,303,100086,403,99886,303,100100,200,99850,100,100138,100,99790,100,100351,100,99778,100,100496,100,99683,100,100550,100,99663,100,100571,100,99630,100,100706,100,99572,100,100974,100,99539,100
2019-06-28 10:03:16.550198678,100080,303,99954,403,100086,403,99886,303,100100,200,99850,100,100138,100,99790,100,100351,100,99778,100,100496,100,99683,100,100550,100,99663,100,100571,100,99630,100,100706,100,99572,100,100974,100,99539,100
2019-06-28 10:03:20.000000000,100080,303,99954,403,100086,403,99886,303,100100,200,99850,100,100138,100,99790,100,100351,100,99778,100,100496,100,99683,100,100550,100,99663,100,100571,100,99630,100,100706,100,99572,100,100974,100,99539,100
2019-06-28 10:03:22.356663726,100080,303,99954,403,100086,403,99886,303,100100,200,99850,100,100138,100,99778,100,100351,100,99683,100,100462,100,99663,100,100496,100,99630,100,100550,100,99572,100,100571,100,99539,100,100706,100,99493,100
2019-06-28 10:03:30.000000000,100080,181,99954,281,100086,281,99886,181,100100,281,99850,181,100138,181,99778,181,100351,181,99683,181,100462,100,99663,100,100496,100,99630,100,100550,100,99572,100,100571,100,99539,100,100706,100,99493,100
2019-06-28 10:03:40.000000000,100080,506,99954,606,100086,200,99886,100,100100,200,99850,100,100138,100,99778,100,100351,100,99683,100,100462,100,99663,100,100496,100,99630,100,100550,100,99572,100,100571,100,99539,100,100706,100,99493,100
2019-06-28 10:03:45.123784698,100080,506,99954,606,100086,200,99886,100,100100,200,99850,100,100138,100,99778,100,100351,100,99683,100,100462,100,99663,100,100496,100,99630,100,100550,100,99572,100,100570,100,99539,100,100571,100,99493,100
2019-06-28 10:03:50.000000000,100080,181,99954,281,100086,281,99886,181,100100,281,99850,181,100138,181,99778,181,100351,181,99683,181,100462,100,99663,100,100496,100,99630,100,100550,100,99572,100,100570,100,99539,100,100571,100,99493,100
2019-06-28 10:03:51.791810478,100080,181,99954,281,100086,281,99886,181,100100,281,99850,181,100138,181,99778,181,100237,100,99683,181,100351,181,99663,100,100462,100,99630,100,100496,100,99572,100,100570,100,99539,100,100571,100,99493,100
2019-06-28 10:04:00.000000000,100080,202,99954,302,100086,302,99886,202,100100,302,99850,202,100138,202,99778,202,100237,100,99683,100,100351,100,99663,100,100462,100,99630,100,100496,100,99572,100,100570,100,99539,100,100571,100,99493,100
2019-06-28 10:04:00.957621963,100080,202,99954,302,100086,302,99886,202,100100,302,99850,202,100138,202,99778,202,100237,100,99683,100,100276,100,99663,100,100351,100,99630,100,100462,100,99572,100,100496,100,99539,100,100570,100,99493,100
2019-06-28 10:04:03.828665641,100080,102,99954,302,100086,302,99886,202,100100,302,99850,202,100138,202,99778,202,100237,100,99683,100,100276,100,99663,100,100351,100,99630,100,100462,100,99572,100,100496,100,99539,100,100570,100,99493,100
2019-06-28 10:04:08.569683882,100080,2,99954,302,100086,302,99886,202,100100,302,99850,202,100138,202,99778,202,100237,100,99683,100,100351,100,99663,100,100462,100,99630,100,100496,100,99572,100,100570,100,99539,100,100571,100,99493,100
2019-06-28 10:04:10.000000000,100086,403,99954,403,100100,403,99886,303,100138,100,99850,100,100237,100,99778,100,100351,100,99683,100,100462,100,99663,100,100496,100,99630,100,100570,100,99572,100,100571,100,99539,100,100706,100,99493,100
2019-06-28 10:04:20.000000000,100086,302,99954,302,100100,302,99886,202,100138,202,99850,202,100237,202,99778,202,100351,100,99683,100,100462,100,99663,100,100496,100,99630,100,100570,100,99572,100,100571,100,99539,100,100706,100,99493,100
2019-06-28 10:04:30.000000000,100086,403,99954,403,100100,403,99886,303,100138,100,99850,100,100237,100,99778,100,100351,100,99683,100,100462,100,99663,100,100496,100,99630,100,100570,100,99572,100,100571,100,99539,100,100706,100,99493,100
2019-06-28 10:04:31.149641550,100086,403,99954,403,100100,403,99886,303,100138,100,99850,100,100237,100,99778,100,100351,100,99709,100,100462,100,99683,100,100496,100,99663,100,100570,100,99630,100,100571,100,99572,100,100706,100,99539,100
2019-06-28 10:04:40.000000000,100086,281,99954,281,100100,281,99886,181,100138,181,99850,181,100237,181,99778,181,100351,181,99709,181,100462,100,99683,100,100496,100,99663,100,100570,100,99630,100,100571,100,99572,100,100706,100,99539,100
2019-06-28 10:04:46.459303812,100086,281,99954,281,100100,281,99886,181,100137,100,99850,181,100138,181,99778,181,100237,181,99709,181,100351,181,99683,100,100462,100,99663,100,100496,100,99630,100,100570,100,99572,100,100571,100,99539,100
2019-06-28 10:04:50.000000000,100086,281,99954,281,100100,281,99886,181,100137,181,99850,181,100138,181,99778,181,100237,181,99709,181,100351,100,99683,100,100462,100,99663,100,100496,100,99630,100,100570,100,99572,100,100571,100,99539,100
2019-06-28 10:04:55.412524786,100086,281,99954,281,100100,281,99886,181,100137,181,99850,181,100138,181,99778,181,100237,181,99709,181,100277,100,99683,100,100351,100,99663,100,100462,100,99630,100,100496,100,99572,100,100570,100,99539,100
