,ask_price_1,ask_size_1,bid_price_1,bid_size_1,ask_price_2,ask_size_2,bid_price_2,bid_size_2,ask_price_3,ask_size_3,bid_price_3,bid_size_3,ask_price_4,ask_size_4,bid_price_4,bid_size_4,ask_price_5,ask_size_5,bid_price_5,bid_size_5,ask_price_6,ask_size_6,bid_price_6,bid_size_6,ask_price_7,ask_size_7,bid_price_7,bid_size_7,ask_price_8,ask_size_8,bid_price_8,bid_size_8,ask_price_9,ask_size_9,bid_price_9,bid_size_9,ask_price_10,ask_size_10,bid_price_10,bid_size_10
2019-06-28 09:30:00.000000000,100013,100,,,,,,,,,,,,,,,,,,,,,,,,,,,,,,,,,,,,,,
2019-06-28 09:30:00.000000001,100013,100,,,100036,100,,,,,,,,,,,,,,,,,,,,,,,,,,,,,,,,,,
2019-06-28 09:30:00.000000007,100013,100,,,100036,100,,,100048,100,,,100188,100,,,,,,,,,,,,,,,,,,,,,,,,,,
2019-06-28 09:30:00.000000011,100013,100,,,100036,100,,,100048,100,,,100116,100,,,100188,100,,,,,,,,,,,,,,,,,,,,,,
2019-06-28 09:30:00.000000016,100013,100,99809,100,100036,100,,,100048,100,,,100116,100,,,100188,100,,,,,,,,,,,,,,,,,,,,,,
2019-06-28 09:30:00.000000019,100013,100,99969,100,100036,100,99809,100,100048,100,,,100116,100,,,100188,100,,,,,,,,,,,,,,,,,,,,,,
2019-06-28 09:30:00.000000020,99984,100,99969,100,100013,100,99809,100,100036,100,,,100048,100,,,100116,100,,,100188,100,,,,,,,,,,,,,,,,,,
2019-06-28 09:30:00.000000021,99984,100,99969,100,100013,100,99931,100,100036,100,99809,100,100048,100,,,100116,100,,,100188,100,,,,,,,,,,,,,,,,,,
2019-06-28 09:30:00.000000022,99971,100,99969,100,99984,100,99931,200,100013,100,99809,100,100021,100,,,100036,100,,,100048,100,,,100116,100,,,100188,100,,,,,,,,,,
2019-06-28 09:30:00.000000023,99971,100,99970,100,99984,100,99969,100,100013,100,99931,200,100021,100,99908,100,100036,100,99809,100,100048,100,,,100116,100,,,100188,100,,,,,,,,,,
2019-06-28 09:30:00.000000032,99984,100,99970,100,100013,100,99969,100,100021,100,99931,200,100036,100,99908,100,100048,100,99809,100,100103,100,,,100116,100,,,100188,100,,,,,,,,,,
2019-06-28 09:30:00.000000035,99984,100,99969,100,100013,100,99931,200,100021,100,99908,100,100036,100,99809,100,100048,100,,,100103,100,,,100116,100,,,100188,100,,,,,,,,,,
2019-06-28 09:30:00.000000039,99984,100,99969,100,100013,100,99931,200,100021,100,99929,100,100036,100,99908,100,100048,100,99809,100,100103,100,,,100116,100,,,100188,100,,,,,,,,,,
2019-06-28 09:30:00.000000040,99984,100,99969,100,100013,100,99931,200,100021,100,99929,100,100036,100,99908,200,100048,100,99809,100,100103,100,,,100116,100,,,100188,100,,,,,,,,,,
2019-06-28 09:30:00.000000045,99984,100,99969,100,100013,100,99944,100,100021,100,99931,200,100036,100,99929,100,100048,100,99908,200,100103,100,99809,100,100116,100,,,100188,100,,,,,,,,,,
2019-06-28 09:30:00.000000046,99984,100,99969,100,100013,100,99946,100,100021,100,99944,100,100036,100,99931,200,100048,100,99929,100,100103,100,99908,200,100116,100,99809,100,100188,100,,,,,,,,,,
2019-06-28 09:30:00.000000049,100013,100,99969,100,100021,100,99946,100,100036,100,99944,100,100048,100,99931,200,100103,100,99929,100,100116,100,99908,200,100188,100,99809,100,,,,,,,,,,,,
2019-06-28 09:30:00.000000051,100013,100,99969,100,100021,100,99946,100,100036,100,99944,100,100048,100,99931,200,100082,100,99929,100,100103,100,99908,200,100116,100,99809,100,100188,100,,,,,,,,,,
2019-06-28 09:30:00.000000052,100013,100,99969,100,100021,100,99946,100,100028,100,99944,100,100036,100,99931,200,100048,100,99929,100,100082,100,99908,200,100103,100,99809,100,100116,100,,,100188,100,,,,,,
2019-06-28 09:30:00.000000054,100013,100,99969,100,100021,100,99956,100,100028,100,99946,100,100036,100,99944,100,100048,100,99931,200,100082,100,99929,100,100103,100,99908,200,100116,100,99809,100,100188,100,,,,,,
2019-06-28 09:30:00.000000056,99984,100,99969,100,100011,100,99956,100,100013,100,99949,100,100021,100,99946,100,100028,100,99944,100,100036,100,99931,200,100048,100,99929,100,100082,100,99908,200,100103,100,99809,100,100116,100,,
2019-06-28 09:30:00.000000057,99984,200,99976,100,100011,100,99970,100,100013,100,99969,100,100021,100,99956,100,100028,100,99949,100,100036,100,99946,100,100048,100,99944,100,100082,100,99931,200,100103,100,99929,100,100116,100,99908,200
2019-06-28 09:30:00.000000058,99984,200,99976,100,100011,100,99970,200,100013,100,99969,100,100021,100,99956,100,100028,100,99949,100,100036,100,99946,100,100048,100,99944,100,100082,100,99931,200,100103,100,99929,100,100116,100,99908,200
2019-06-28 09:30:00.000000059,99984,200,99976,100,100011,100,99970,200,100013,100,99969,100,100021,100,99956,100,100028,100,99949,100,100036,100,99946,100,100048,100,99944,100,100082,100,99931,200,100103,100,99929,100,100116,100,99908,200
2019-06-28 09:30:00.000000060,99984,200,99976,100,100011,100,99970,300,100013,100,99969,100,100021,100,99956,100,100028,100,99949,100,100036,100,99946,100,100048,100,99944,100,100082,100,99931,200,100103,100,99929,100,100116,100,99908,200
2019-06-28 09:30:00.000000061,99984,200,99976,100,100011,100,99970,300,100013,100,99969,100,100021,100,99956,100,100028,100,99949,100,100036,100,99946,100,100048,100,99944,200,100082,100,99931,200,100103,100,99929,100,100116,100,99908,200
2019-06-28 09:30:00.000000063,99984,200,99976,100,100011,100,99970,300,100013,100,99969,100,100021,100,99956,100,100028,100,99949,100,100036,100,99946,100,100048,100,99944,200,100059,100,99931,200,100082,100,99929,100,100103,100,99908,200
2019-06-28 09:30:00.000000064,99984,200,99976,100,100011,100,99970,300,100013,100,99969,100,100021,100,99956,100,100028,100,99949,100,100036,100,99946,100,100048,100,99944,200,100059,100,99931,200,100082,100,99929,100,100094,100,99908,200
2019-06-28 09:30:00.000000065,99984,200,99976,100,100011,100,99970,400,100013,100,99969,100,100021,100,99956,100,100028,100,99949,100,100036,100,99946,100,100048,100,99944,200,100059,100,99931,200,100082,100,99929,100,100094,100,99908,200
2019-06-28 09:30:00.000000068,99984,100,99976,100,100011,100,99970,400,100013,100,99969,100,100021,100,99956,100,100028,100,99949,100,100036,100,99946,100,100048,100,99944,200,100059,100,99931,200,100082,100,99929,100,100094,100,99908,200
2019-06-28 09:30:00.000000069,99983,100,99976,100,99984,100,99970,400,100011,100,99969,100,100013,100,99956,100,100021,100,99949,100,100028,100,99946,100,100036,100,99944,200,100048,100,99931,200,100059,100,99929,100,100082,100,99908,200
2019-06-28 09:30:00.000000070,99984,100,99976,100,100000,100,99970,400,100011,100,99969,100,100013,100,99956,100,100021,100,99949,100,100028,100,99946,100,100036,100,99944,200,100048,100,99931,200,100059,100,99929,100,100082,100,99908,200
2019-06-28 09:30:00.000000072,100000,100,99976,100,100011,100,99970,400,100013,100,99969,100,100021,100,99956,100,100028,100,99949,100,100036,100,99946,100,100048,100,99944,200,100059,100,99931,200,100082,100,99929,100,100094,100,99908,200
2019-06-28 09:30:00.000000073,100000,100,99976,100,100011,100,99970,400,100013,100,99969,100,100021,100,99956,100,100022,100,99949,100,100028,100,99946,100,100036,100,99944,200,100048,100,99931,200,100059,100,99929,100,100076,100,99908,200
2019-06-28 09:30:00.000000074,100000,100,99983,100,100011,100,99976,100,100013,100,99970,400,100021,100,99969,100,100022,100,99956,100,100028,100,99949,100,100036,100,99946,100,100048,100,99944,200,100059,100,99931,200,100076,100,99929,100
2019-06-28 09:30:00.000000079,100000,100,99976,100,100011,100,99970,400,100013,100,99969,100,100021,100,99956,100,100022,100,99949,100,100028,100,99946,100,100036,100,99944,200,100048,100,99941,100,100059,100,99931,200,100076,100,99929,100
2019-06-28 09:30:00.000000082,100000,100,99976,100,100011,100,99970,400,100013,100,99969,100,100021,100,99956,100,100022,100,99949,100,100025,100,99946,100,100028,100,99944,200,100036,100,99941,100,100048,100,99931,200,100059,100,99929,100
2019-06-28 09:30:00.000000090,100000,100,99976,100,100011,100,99970,400,100013,100,99969,100,100021,100,99956,100,100022,100,99949,100,100025,100,99946,100,100028,100,99944,200,100036,100,99941,100,100048,100,99931,200,100059,100,99929,100
2019-06-28 09:30:00.000000091,100000,100,99976,100,100011,100,99970,400,100013,100,99969,100,100021,100,99956,100,100022,100,99949,100,100025,100,99946,100,100028,100,99944,200,100036,100,99941,100,100048,100,99931,200,100059,100,99929,100
2019-06-28 09:30:00.000000092,99979,100,99976,100,100000,200,99970,400,100011,100,99969,100,100013,100,99956,100,100021,100,99949,100,100022,100,99946,100,100025,100,99944,200,100028,100,99941,100,100036,100,99931,200,100048,100,99929,100
2019-06-28 09:30:00.000000095,99999,100,99976,100,100000,200,99970,400,100011,100,99969,100,100013,100,99956,100,100021,100,99949,100,100022,100,99946,100,100025,100,99944,200,100028,100,99941,100,100036,100,99931,200,100048,100,99929,100
2019-06-28 09:30:00.000000096,99999,100,99976,100,100000,200,99970,400,100011,100,99969,100,100013,100,99956,100,100021,100,99949,100,100022,100,99946,100,100025,100,99944,200,100028,100,99941,100,100036,100,99931,200,100048,100,99929,100
2019-06-28 09:30:00.000000097,99999,100,99976,100,100000,200,99970,400,100011,100,99969,100,100013,100,99956,100,100021,100,99949,100,100022,100,99946,100,100025,100,99944,200,100028,100,99941,100,100036,100,99931,200,100048,100,99929,100
2019-06-28 09:30:00.000000098,100000,200,99976,100,100011,100,99970,400,100013,100,99969,100,100021,100,99956,100,100022,100,99949,100,100025,100,99946,100,100028,100,99944,200,100036,100,99941,100,100048,100,99931,200,100059,100,99929,100
2019-06-28 09:30:00.000000099,100000,200,99976,100,100011,100,99970,400,100013,100,99969,100,100021,100,99956,100,100022,100,99949,100,100025,100,99947,100,100028,100,99946,100,100036,100,99944,200,100048,100,99941,100,100059,100,99931,200
2019-06-28 09:30:10.000000000,100000,354,99976,254,100011,250,99970,550,100013,250,99969,250,100021,100,99956,100,100022,100,99949,100,100025,100,99947,100,100028,100,99946,100,100036,100,99944,200,100048,100,99941,100,100059,100,99931,200
2019-06-28 09:30:20.000000000,100000,314,99976,214,100011,214,99970,514,100013,214,99969,214,100021,214,99956,214,100022,100,99949,100,100025,100,99947,100,100028,100,99946,100,100036,100,99944,200,100048,100,99941,100,100059,100,99931,200
2019-06-28 09:30:27.297181630,100000,314,99976,214,100011,214,99970,514,100013,214,99969,214,100021,214,99956,214,100022,100,99949,100,100025,100,99947,100,100028,100,99946,100,100036,100,99944,200,100048,100,99941,100,100059,100,99931,200
2019-06-28 09:30:30.000000000,100000,354,99976,254,100011,250,99970,550,100013,250,99969,250,100021,100,99956,100,100022,100,99949,100,100025,100,99947,100,100028,100,99946,100,100036,100,99944,200,100048,100,99941,100,100059,100,99931,200
2019-06-28 09:30:30.522762907,100000,254,99976,254,100011,250,99970,550,100013,250,99969,250,100021,100,99956,100,100022,100,99949,100,100025,100,99947,100,100028,100,99946,100,100036,100,99944,200,100048,100,99941,100,100059,100,99931,200
2019-06-28 09:30:36.333338593,100000,254,99976,254,100011,250,99970,550,100013,250,99969,250,100021,100,99956,100,100022,100,99949,100,100025,100,99947,100,100028,100,99946,100,100036,100,99944,200,100048,100,99941,100,100059,100,99931,200
2019-06-28 09:30:40.000000000,100000,554,99976,554,100011,100,99970,400,100013,100,99969,100,100021,100,99956,100,100022,100,99949,100,100025,100,99947,100,100028,100,99946,100,100036,100,99944,200,100048,100,99941,100,100059,100,99931,200
2019-06-28 09:30:50.000000000,100000,191,99976,191,100011,191,99970,491,100013,191,99969,191,100021,191,99956,191,100022,191,99949,191,100025,100,99947,100,100028,100,99946,100,100036,100,99944,200,100048,100,99941,100,100059,100,99931,200
2019-06-28 09:31:00.000000000,100000,327,99976,327,100011,327,99970,627,100013,100,99969,100,100021,100,99956,100,100022,100,99949,100,100025,100,99947,100,100028,100,99946,100,100036,100,99944,200,100048,100,99941,100,100059,100,99931,200
2019-06-28 09:31:07.619289207,100000,327,99976,227,100011,327,99970,627,100013,100,99969,100,100021,100,99956,100,100022,100,99949,100,100025,100,99947,100,100028,100,99946,100,100036,100,99944,200,100048,100,99941,100,100059,100,99931,200
2019-06-28 09:31:10.000000000,100000,191,99970,491,100011,191,99969,191,100013,191,99956,191,100021,191,99949,191,100022,191,99947,191,100025,100,99946,100,100028,100,99944,200,100036,100,99941,100,100048,100,99931,200,100059,100,99929,100
2019-06-28 09:31:18.619593002,99999,100,99970,491,100000,191,99969,191,100011,191,99956,191,100013,191,99949,191,100021,191,99947,191,100022,191,99946,100,100025,100,99944,200,100028,100,99941,100,100048,100,99931,200,100059,100,99929,100
2019-06-28 09:31:20.000000000,99999,191,99970,491,100000,191,99969,191,100011,191,99956,191,100013,191,99949,191,100021,191,99947,191,100022,100,99946,100,100025,100,99944,200,100028,100,99941,100,100048,100,99931,200,100059,100,99929,100
2019-06-28 09:31:30.000000000,99999,191,99970,491,100000,191,99969,191,100011,191,99956,191,100013,191,99949,191,100021,191,99947,191,100022,100,99946,100,100025,100,99944,200,100028,100,99941,100,100048,100,99931,200,100059,100,99929,100
2019-06-28 09:31:40.000000000,99999,254,99970,554,100000,250,99969,250,100011,250,99956,250,100013,100,99949,100,100021,100,99947,100,100022,100,99946,100,100025,100,99944,200,100028,100,99941,100,100048,100,99931,200,100059,100,99929,100
2019-06-28 09:31:44.928374920,99999,254,99970,554,100000,250,99969,250,100011,250,99956,250,100013,100,99949,100,100021,100,99947,100,100022,100,99946,100,100025,100,99944,200,100028,100,99941,100,100048,100,99931,200,100059,100,99929,100
2019-06-28 09:31:50.000000000,99999,191,99970,491,100000,191,99969,191,100011,191,99956,191,100013,191,99949,191,100021,191,99947,191,100022,100,99946,100,100025,100,99944,200,100028,100,99941,100,100048,100,99931,200,100059,100,99929,100
2019-06-28 09:32:00.000000000,99999,327,99970,627,100000,327,99969,327,100011,100,99956,100,100013,100,99949,100,100021,100,99947,100,100022,100,99946,100,100025,100,99944,200,100028,100,99941,100,100048,100,99931,200,100059,100,99929,100
2019-06-28 09:32:10.000000000,99999,191,99970,491,100000,191,99969,191,100011,191,99956,191,100013,191,99949,191,100021,191,99947,191,100022,100,99946,100,100025,100,99944,200,100028,100,99941,100,100048,100,99931,200,100059,100,99929,100
2019-06-28 09:32:20.000000000,99999,214,99970,514,100000,214,99969,214,100011,214,99956,214,100013,214,99949,214,100021,100,99947,100,100022,100,99946,100,100025,100,99944,200,100028,100,99941,100,100048,100,99931,200,100059,100,99929,100
2019-06-28 09:32:30.000000000,99999,191,99970,491,100000,191,99969,191,100011,191,99956,191,100013,191,99949,191,100021,191,99947,191,100022,100,99946,100,100025,100,99944,200,100028,100,99941,100,100048,100,99931,200,100059,100,99929,100
2019-06-28 09:32:40.000000000,99999,254,99970,554,100000,250,99969,250,100011,250,99956,250,100013,100,99949,100,100021,100,99947,100,100022,100,99946,100,100025,100,99944,200,100028,100,99941,100,100048,100,99931,200,100059,100,99929,100
2019-06-28 09:32:50.000000000,99999,554,99970,854,100000,100,99969,100,100011,100,99956,100,100013,100,99949,100,100021,100,99947,100,100022,100,99946,100,100025,100,99944,200,100028,100,99941,100,100048,100,99931,200,100059,100,99929,100
2019-06-28 09:33:00.000000000,99999,191,99970,491,100000,191,99969,191,100011,191,99956,191,100013,191,99949,191,100021,191,99947,191,100022,100,99946,100,100025,100,99944,200,100028,100,99941,100,100048,100,99931,200,100059,100,99929,100
2019-06-28 09:33:10.000000000,99999,327,99970,627,100000,327,99969,327,100011,100,99956,100,100013,100,99949,100,100021,100,99947,100,100022,100,99946,100,100025,100,99944,200,100028,100,99941,100,100048,100,99931,200,100059,100,99929,100
2019-06-28 09:33:20.000000000,99999,214,99970,514,100000,214,99969,214,100011,214,99956,214,100013,214,99949,214,100021,100,99947,100,100022,100,99946,100,100025,100,99944,200,100028,100,99941,100,100048,100,99931,200,100059,100,99929,100
2019-06-28 09:33:20.762884102,99999,214,99970,514,100000,214,99969,214,100011,214,99956,214,100013,214,99949,214,100022,100,99947,100,100025,100,99946,100,100028,100,99944,200,100048,100,99941,100,100059,100,99931,200,100071,100,99929,100
2019-06-28 09:33:30.000000000,99999,191,99970,491,100000,191,99969,191,100011,191,99956,191,100013,191,99949,191,100022,191,99947,191,100025,100,99946,100,100028,100,99944,200,100048,100,99941,100,100059,100,99931,200,100071,100,99929,100
2019-06-28 09:33:35.947513545,99999,191,99970,491,100000,191,99969,191,100011,191,99956,191,100013,191,99949,191,100022,191,99947,191,100025,100,99946,100,100028,100,99944,200,100048,100,99941,100,100059,100,99931,200,100071,100,99929,100
2019-06-28 09:33:36.539567952,99999,191,99970,491,100000,191,99969,191,100011,191,99956,191,100013,191,99949,191,100022,191,99947,191,100025,100,99946,100,100028,100,99944,200,100048,100,99941,100,100059,100,99931,200,100071,100,99929,100
2019-06-28 09:33:40.000000000,99999,254,99970,554,100000,250,99969,250,100011,250,99956,250,100013,100,99949,100,100022,100,99947,100,100025,100,99946,100,100028,100,99944,200,100048,100,99941,100,100059,100,99931,200,100071,100,99929,100
2019-06-28 09:33:50.000000000,99999,327,99970,627,100000,327,99969,327,100011,100,99956,100,100013,100,99949,100,100022,100,99947,100,100025,100,99946,100,100028,100,99944,200,100048,100,99941,100,100059,100,99931,200,100071,100,99929,100
2019-06-28 09:34:00.000000000,99999,191,99970,491,100000,191,99969,191,100011,191,99956,191,100013,191,99949,191,100022,191,99947,191,100025,100,99946,100,100028,100,99944,200,100048,100,99941,100,100059,100,99931,200,100071,100,99929,100
2019-06-28 09:34:05.570817505,99999,191,99970,391,100000,191,99969,191,100011,191,99956,191,100013,191,99949,191,100022,191,99947,191,100025,100,99946,100,100028,100,99944,200,100048,100,99941,100,100059,100,99931,200,100071,100,99929,100
2019-06-28 09:34:09.309302619,99999,191,99970,291,100000,191,99969,191,100011,191,99956,191,100013,191,99949,191,100022,191,99947,191,100025,100,99946,100,100028,100,99944,100,100048,100,99941,100,100059,100,99931,200,100071,100,99929,100
2019-06-28 09:34:10.000000000,99999,327,99970,427,100000,327,99969,327,100011,100,99956,100,100013,100,99949,100,100022,100,99947,100,100025,100,99946,100,100028,100,99944,100,100048,100,99941,100,100059,100,99931,200,100071,100,99929,100
2019-06-28 09:34:13.737720149,99999,327,99970,427,100000,327,99969,327,100011,100,99956,100,100013,100,99949,100,100022,100,99947,100,100025,100,99946,100,100028,100,99944,100,100048,100,99941,100,100059,100,99931,100,100071,100,99929,100
2019-06-28 09:34:20.000000000,99999,254,99970,354,100000,250,99969,250,100011,250,99956,250,100013,100,99949,100,100022,100,99947,100,100025,100,99946,100,100028,100,99944,100,100048,100,99941,100,100059,100,99931,100,100071,100,99929,100
2019-06-28 09:34:25.423251591,99999,254,99970,254,100000,250,99969,250,100011,250,99956,250,100013,100,99949,100,100022,100,99947,100,100025,100,99946,100,100028,100,99944,100,100048,100,99941,100,100059,100,99931,100,100071,100,99929,100
2019-06-28 09:34:30.000000000,99999,254,99970,254,100000,250,99969,250,100011,250,99956,250,100013,100,99949,100,100022,100,99947,100,100025,100,99946,100,100028,100,99944,100,100048,100,99941,100,100059,100,99931,100,100071,100,99929,100
2019-06-28 09:34:40.000000000,99999,254,99970,254,100000,250,99969,250,100011,250,99956,250,100013,100,99949,100,100022,100,99947,100,100025,100,99946,100,100028,100,99944,100,100048,100,99941,100,100059,100,99931,100,100071,100,99929,100
2019-06-28 09:34:50.000000000,99999,254,99970,254,100000,250,99969,250,100011,250,99956,250,100013,100,99949,100,100022,100,99947,100,100025,100,99946,100,100028,100,99944,100,100048,100,99941,100,100059,100,99931,100,100071,100,99929,100
2019-06-28 09:35:00.000000000,99999,327,99970,327,100000,327,99969,327,100011,100,99956,100,100013,100,99949,100,100022,100,99947,100,100025,100,99946,100,100028,100,99944,100,100048,100,99941,100,100059,100,99931,100,100071,100,99929,100
2019-06-28 09:35:10.000000000,99999,254,99970,254,100000,250,99969,250,100011,250,99956,250,100013,100,99949,100,100022,100,99947,100,100025,100,99946,100,100028,100,99944,100,100048,100,99941,100,100059,100,99931,100,100071,100,99929,100
2019-06-28 09:35:12.062174653,99999,254,99970,154,100000,250,99969,250,100011,250,99956,250,100013,100,99949,100,100022,100,99947,100,100025,100,99946,100,100028,100,99944,100,100048,100,99941,100,100059,100,99931,100,100071,100,99929,100
2019-06-28 09:35:12.535482232,99999,254,99970,154,100000,250,99969,250,100011,250,99956,250,100013,100,99949,100,100022,100,99947,100,100025,100,99944,100,100028,100,99941,100,100048,100,99931,100,100059,100,99929,100,100071,100,99911,100
2019-06-28 09:35:20.000000000,99999,191,99969,191,100000,191,99956,191,100011,191,99949,191,100013,191,99947,191,100022,191,99944,191,100025,100,99941,100,100028,100,99931,100,100048,100,99929,100,100059,100,99911,100,100071,100,99908,100
2019-06-28 09:35:25.665464147,99970,100,99969,191,99999,191,99956,191,100000,191,99949,191,100011,191,99947,191,100013,191,99944,191,100022,191,99941,100,100025,100,99931,100,100028,100,99929,100,100048,100,99911,100,100059,100,99908,100
2019-06-28 09:35:29.916414009,99970,200,99969,191,99999,191,99956,191,100000,91,99949,191,100011,191,99947,191,100013,191,99944,191,100022,191,99941,100,100025,100,99931,100,100028,100,99929,100,100048,100,99911,100,100059,100,99908,100
2019-06-28 09:35:30.000000000,99970,291,99969,191,99999,191,99956,191,100011,191,99949,191,100013,191,99947,191,100022,191,99944,191,100025,100,99941,100,100028,100,99931,100,100048,100,99929,100,100059,100,99911,100,100071,100,99908,100
2019-06-28 09:35:40.000000000,99970,654,99969,554,99999,100,99956,100,100011,100,99949,100,100013,100,99947,100,100022,100,99944,100,100025,100,99941,100,100028,100,99931,100,100048,100,99929,100,100059,100,99911,100,100071,100,99908,100
2019-06-28 09:35:50.000000000,99970,314,99969,214,99999,214,99956,214,100011,214,99949,214,100013,214,99947,214,100022,100,99944,100,100025,100,99941,100,100028,100,99931,100,100048,100,99929,100,100059,100,99911,100,100071,100,99908,100
2019-06-28 09:35:54.322930962,99970,414,99969,214,99999,214,99956,214,100011,214,99949,214,100013,214,99947,214,100022,100,99944,100,100025,100,99941,100,100028,100,99931,100,100048,100,99929,100,100059,100,99911,100,100071,100,99908,100
2019-06-28 09:35:58.244685918,99970,514,99969,214,99999,214,99956,214,100011,214,99949,214,100013,214,99947,214,100022,100,99944,100,100025,100,99941,100,100028,100,99931,100,100048,100,99929,100,100059,100,99911,100,100071,100,99908,100
2019-06-28 09:36:00.000000000,99970,554,99969,254,99999,250,99956,250,100011,250,99949,250,100013,100,99947,100,100022,100,99944,100,100025,100,99941,100,100028,100,99931,100,100048,100,99929,100,100059,100,99911,100,100071,100,99908,100
2019-06-28 09:36:06.123329036,99970,554,99969,154,99999,250,99956,250,100011,250,99949,250,100022,100,99947,100,100025,100,99944,100,100028,100,99941,100,100048,100,99931,100,100059,100,99929,100,100071,100,99911,100,100076,100,99908,100
2019-06-28 09:36:08.318997313,99970,554,99969,54,99999,250,99956,250,100011,250,99949,250,100022,100,99947,100,100025,100,99944,100,100028,100,99941,100,100048,100,99931,100,100059,100,99929,100,100071,100,99911,100,100076,100,99908,100
2019-06-28 09:36:10.000000000,99970,491,99956,191,99999,191,99949,191,100011,191,99947,191,100022,191,99944,191,100025,191,99941,191,100028,100,99931,100,100048,100,99929,100,100059,100,99911,100,100071,100,99908,100,100076,100,99891,100
2019-06-28 09:36:16.465664587,99969,100,99956,191,99970,491,99949,191,99999,191,99947,191,100011,191,99944,191,100022,191,99941,191,100025,191,99931,100,100028,100,99929,100,100048,100,99911,100,100059,100,99908,100,100071,100,99891,100
2019-06-28 09:36:20.000000000,99969,254,99956,254,99970,550,99949,250,99999,250,99947,250,100011,100,99944,100,100022,100,99941,100,100025,100,99931,100,100028,100,99929,100,100048,100,99911,100,100059,100,99908,100,100071,100,99891,100
2019-06-28 09:36:30.000000000,99969,554,99956,554,99970,400,99949,100,99999,100,99947,100,100011,100,99944,100,100022,100,99941,100,100025,100,99931,100,100028,100,99929,100,100048,100,99911,100,100059,100,99908,100,100071,100,99891,100
2019-06-28 09:36:40.000000000,99969,554,99956,554,99970,400,99949,100,99999,100,99947,100,100011,100,99944,100,100022,100,99941,100,100025,100,99931,100,100028,100,99929,100,100048,100,99911,100,100059,100,99908,100,100071,100,99891,100
2019-06-28 09:36:40.335395177,99969,654,99956,554,99970,400,99949,100,99999,100,99947,100,100011,100,99944,100,100022,100,99941,100,100025,100,99931,100,100028,100,99929,100,100048,100,99911,100,100059,100,99908,100,100071,100,99891,100
2019-06-28 09:36:50.000000000,99969,354,99956,254,99970,550,99949,250,99999,250,99947,250,100011,100,99944,100,100022,100,99941,100,100025,100,99931,100,100028,100,99929,100,100048,100,99911,100,100059,100,99908,100,100071,100,99891,100
2019-06-28 09:36:51.977733678,99969,354,99956,154,99970,550,99949,250,99999,250,99947,250,100011,100,99944,100,100022,100,99941,100,100025,100,99931,100,100028,100,99929,100,100048,100,99911,100,100059,100,99908,100,100071,100,99891,100
2019-06-28 09:36:55.118794531,99969,354,99956,54,99970,550,99949,250,99999,250,99947,250,100011,100,99944,100,100022,100,99941,100,100025,100,99931,100,100028,100,99929,100,100048,100,99911,100,100059,100,99908,100,100071,100,99891,100
2019-06-28 09:37:00.000000000,99969,427,99949,327,99970,627,99947,327,99999,100,99944,100,100011,100,99941,100,100022,100,99931,100,100025,100,99929,100,100028,100,99911,100,100048,100,99908,100,100059,100,99891,100,100071,100,99871,100
2019-06-28 09:37:10.000000000,99969,291,99949,191,99970,491,99947,191,99999,191,99944,191,100011,191,99941,191,100022,191,99931,191,100025,100,99929,100,100028,100,99911,100,100048,100,99908,100,100059,100,99891,100,100071,100,99871,100
2019-06-28 09:37:17.284293146,99969,291,99949,91,99970,491,99947,191,99999,191,99944,191,100011,191,99941,191,100022,191,99931,91,100025,100,99929,100,100028,100,99911,100,100048,100,99908,100,100059,100,99891,100,100071,100,99871,100
2019-06-28 09:37:20.000000000,99969,314,99947,214,99970,514,99944,214,99999,214,99941,214,100011,214,99929,214,100022,100,99911,100,100025,100,99908,100,100028,100,99891,100,100048,100,99871,100,100059,100,99858,100,100071,100,99849,100
2019-06-28 09:37:26.600164228,99969,314,99947,114,99970,514,99944,214,99999,214,99941,214,100011,214,99929,214,100022,100,99911,100,100025,100,99908,100,100028,100,99891,100,100048,100,99871,100,100059,100,99858,100,100071,100,99849,100
2019-06-28 09:37:30.000000000,99969,314,99944,214,99970,514,99941,214,99999,214,99929,214,100011,214,99911,214,100022,100,99908,100,100025,100,99891,100,100028,100,99871,100,100048,100,99858,100,100059,100,99849,100,100071,100,99809,100
2019-06-28 09:37:40.000000000,99969,314,99944,214,99970,514,99941,214,99999,214,99929,214,100011,214,99911,214,100022,100,99908,100,100025,100,99891,100,100028,100,99871,100,100048,100,99858,100,100059,100,99849,100,100071,100,99809,100
2019-06-28 09:37:50.000000000,99969,654,99944,554,99970,400,99941,100,99999,100,99929,100,100011,100,99911,100,100022,100,99908,100,100025,100,99891,100,100028,100,99871,100,100048,100,99858,100,100059,100,99849,100,100071,100,99809,100
2019-06-28 09:38:00.000000000,99969,427,99944,327,99970,627,99941,327,99999,100,99929,100,100011,100,99911,100,100022,100,99908,100,100025,100,99891,100,100028,100,99871,100,100048,100,99858,100,100059,100,99849,100,100071,100,99809,100
2019-06-28 09:38:10.000000000,99969,291,99944,191,99970,491,99941,191,99999,191,99929,191,100011,191,99911,191,100022,191,99908,191,100025,100,99891,100,100028,100,99871,100,100048,100,99858,100,100059,100,99849,100,100071,100,99809,100
2019-06-28 09:38:20.000000000,99969,291,99944,191,99970,491,99941,191,99999,191,99929,191,100011,191,99911,191,100022,191,99908,191,100025,100,99891,100,100028,100,99871,100,100048,100,99858,100,100059,100,99849,100,100071,100,99809,100
2019-06-28 09:38:25.824869149,99969,291,99944,91,99970,491,99941,191,99999,191,99929,191,100011,191,99911,191,100022,191,99908,191,100025,100,99891,100,100028,100,99871,100,100048,100,99858,100,100059,100,99849,100,100071,100,99809,100
2019-06-28 09:38:30.000000000,99969,354,99941,254,99970,550,99929,250,99999,250,99911,250,100011,100,99908,100,100022,100,99891,100,100025,100,99871,100,100028,100,99858,100,100048,100,99849,100,100059,100,99809,100,100071,100,99615,100
2019-06-28 09:38:30.485952169,99969,354,99941,254,99970,550,99929,250,99999,250,99911,250,100011,100,99908,100,100022,100,99891,100,100025,100,99871,100,100028,100,99858,100,100048,100,99849,100,100059,100,99809,100,100071,100,99615,100
2019-06-28 09:38:40.000000000,99969,427,99941,327,99970,627,99929,327,99999,100,99911,100,100011,100,99908,100,100022,100,99891,100,100025,100,99871,100,100028,100,99858,100,100048,100,99849,100,100059,100,99809,100,100071,100,99615,100
2019-06-28 09:38:47.830997714,99947,100,99941,327,99969,427,99929,327,99970,527,99911,100,99999,100,99908,100,100011,100,99891,100,100022,100,99871,100,100025,100,99858,100,100028,100,99849,100,100048,100,99809,100,100059,100,99615,100
2019-06-28 09:38:50.000000000,99947,327,99941,327,99969,427,99929,327,99970,300,99911,100,99999,100,99908,100,100011,100,99891,100,100022,100,99871,100,100025,100,99858,100,100028,100,99849,100,100048,100,99809,100,100059,100,99615,100
2019-06-28 09:39:00.000000000,99947,254,99941,254,99969,350,99929,250,99970,450,99911,250,99999,100,99908,100,100011,100,99891,100,100022,100,99871,100,100025,100,99858,100,100028,100,99849,100,100048,100,99809,100,100059,100,99615,100
2019-06-28 09:39:00.043514798,99947,254,99941,154,99969,350,99929,250,99970,450,99911,250,99999,100,99908,100,100011,100,99891,100,100022,100,99871,100,100025,100,99858,100,100028,100,99849,100,100048,100,99809,100,100059,100,99615,100
2019-06-28 09:39:10.000000000,99947,554,99929,554,99969,200,99911,100,99970,300,99908,100,99999,100,99891,100,100011,100,99871,100,100022,100,99858,100,100025,100,99849,100,100028,100,99809,100,100048,100,99615,100,100059,100,99529,100
2019-06-28 09:39:20.000000000,99947,254,99929,254,99969,350,99911,250,99970,450,99908,250,99999,100,99891,100,100011,100,99871,100,100022,100,99858,100,100025,100,99849,100,100028,100,99809,100,100048,100,99615,100,100059,100,99529,100
2019-06-28 09:39:30.000000000,99947,327,99929,327,99969,427,99911,327,99970,300,99908,100,99999,100,99891,100,100011,100,99871,100,100022,100,99858,100,100025,100,99849,100,100028,100,99809,100,100048,100,99615,100,100059,100,99529,100
2019-06-28 09:39:40.000000000,99947,191,99929,191,99969,291,99911,191,99970,391,99908,191,99999,191,99891,191,100011,191,99871,191,100022,100,99858,100,100025,100,99849,100,100028,100,99809,100,100048,100,99615,100,100059,100,99529,100
2019-06-28 09:39:48.533239434,99947,191,99929,191,99969,291,99911,191,99970,391,99908,191,99999,191,99891,191,100011,191,99871,191,100022,100,99858,100,100025,100,99849,100,100028,100,99809,100,100048,100,99615,100,100059,100,99529,100
2019-06-28 09:39:50.000000000,99947,191,99929,191,99969,291,99911,191,99970,391,99908,191,99999,191,99891,191,100011,191,99871,191,100022,100,99858,100,100025,100,99849,100,100028,100,99809,100,100048,100,99615,100,100059,100,99529,100
2019-06-28 09:40:00.000000000,99947,191,99929,191,99969,291,99911,191,99970,391,99908,191,99999,191,99891,191,100011,191,99871,191,100022,100,99858,100,100025,100,99849,100,100028,100,99809,100,100048,100,99615,100,100059,100,99529,100
2019-06-28 09:40:10.000000000,99947,191,99929,191,99969,291,99911,191,99970,391,99908,191,99999,191,99891,191,100011,191,99871,191,100022,100,99858,100,100025,100,99849,100,100028,100,99809,100,100048,100,99615,100,100059,100,99529,100
2019-06-28 09:40:18.662919966,99947,191,99929,91,99969,291,99911,91,99970,391,99908,191,99999,191,99891,191,100011,191,99871,191,100022,100,99858,100,100025,100,99849,100,100028,100,99809,100,100048,100,99615,100,100059,100,99529,100
2019-06-28 09:40:19.499876189,99929,9,99911,91,99947,191,99908,191,99969,291,99891,191,99970,391,99871,191,99999,191,99858,100,100011,191,99849,100,100022,100,99809,100,100025,100,99615,100,100028,100,99529,100,100048,100,99470,100
2019-06-28 09:40:20.000000000,99929,236,99908,327,99947,327,99891,327,99969,200,99871,100,99970,300,99858,100,99999,100,99849,100,100011,100,99809,100,100022,100,99615,100,100025,100,99529,100,100028,100,99470,100,100048,100,99382,100
2019-06-28 09:40:29.809654183,99929,236,99908,227,99947,327,99891,327,99969,200,99871,100,99970,300,99858,100,99999,100,99849,100,100011,100,99809,100,100022,100,99615,100,100025,100,99529,100,100028,100,99470,100,100048,100,99382,100
2019-06-28 09:40:30.000000000,99929,236,99891,327,99947,327,99871,327,99969,200,99858,100,99970,300,99849,100,99999,100,99809,100,100011,100,99615,100,100022,100,99529,100,100025,100,99470,100,100028,100,99382,100,100048,100,99259,100
2019-06-28 09:40:30.218374893,99929,236,99891,327,99947,327,99871,327,99969,200,99858,100,99970,300,99849,100,99999,100,99809,100,100011,100,99615,100,100022,100,99529,100,100025,100,99470,100,100028,100,99382,100,100048,100,99259,100
2019-06-28 09:40:40.000000000,99929,236,99891,327,99947,327,99871,327,99969,200,99858,100,99970,300,99849,100,99999,100,99809,100,100011,100,99615,100,100022,100,99529,100,100025,100,99470,100,100028,100,99382,100,100048,100,99259,100
2019-06-28 09:40:50.000000000,99929,163,99891,254,99947,250,99871,250,99969,350,99858,250,99970,300,99849,100,99999,100,99809,100,100011,100,99615,100,100022,100,99529,100,100025,100,99470,100,100028,100,99382,100,100048,100,99259,100
2019-06-28 09:41:00.000000000,99929,236,99891,327,99947,327,99871,327,99969,200,99858,100,99970,300,99849,100,99999,100,99809,100,100011,100,99615,100,100022,100,99529,100,100025,100,99470,100,100028,100,99382,100,100048,100,99259,100
2019-06-28 09:41:01.454227103,99929,236,99891,327,99947,327,99871,327,99969,200,99858,100,99970,300,99849,100,99999,100,99809,100,100011,100,99638,100,100022,100,99615,100,100025,100,99529,100,100028,100,99470,100,100048,100,99382,100
2019-06-28 09:41:01.979041807,99929,236,99891,327,99947,327,99871,327,99969,200,99858,100,99970,300,99849,100,99999,100,99809,100,100011,100,99638,100,100022,100,99615,100,100025,100,99567,100,100028,100,99529,100,100048,100,99470,100
2019-06-28 09:41:10.000000000,99929,463,99891,554,99947,100,99871,100,99969,200,99858,100,99970,300,99849,100,99999,100,99809,100,100011,100,99638,100,100022,100,99615,100,100025,100,99567,100,100028,100,99529,100,100048,100,99470,100
2019-06-28 09:41:20.000000000,99929,236,99891,327,99947,327,99871,327,99969,200,99858,100,99970,300,99849,100,99999,100,99809,100,100011,100,99638,100,100022,100,99615,100,100025,100,99567,100,100028,100,99529,100,100048,100,99470,100
2019-06-28 09:41:25.923631645,99929,236,99891,227,99947,327,99871,327,99969,200,99858,100,99970,300,99849,100,99999,100,99809,100,100011,100,99638,100,100022,100,99615,100,100025,100,99567,100,100028,100,99529,100,100048,100,99470,100
2019-06-28 09:41:30.000000000,99929,123,99871,214,99947,214,99858,214,99969,314,99849,214,99970,414,99809,214,99999,100,99638,100,100011,100,99615,100,100022,100,99567,100,100025,100,99529,100,100028,100,99470,100,100048,100,99382,100
2019-06-28 09:41:39.417045812,99929,123,99871,214,99947,214,99858,214,99969,314,99849,214,99970,414,99809,214,99999,100,99715,100,100011,100,99638,100,100022,100,99615,100,100025,100,99567,100,100028,100,99529,100,100048,100,99470,100
2019-06-28 09:41:40.000000000,99929,163,99871,254,99947,250,99858,250,99969,350,99849,250,99970,300,99809,100,99999,100,99715,100,100011,100,99638,100,100022,100,99615,100,100025,100,99567,100,100028,100,99529,100,100048,100,99470,100
2019-06-28 09:41:45.058979625,99929,163,99871,254,99947,250,99858,250,99969,350,99849,250,99970,300,99809,100,99999,100,99715,100,100011,100,99638,100,100022,100,99615,100,100025,100,99567,100,100028,100,99529,100,100048,100,99470,100
2019-06-28 09:41:50.000000000,99929,100,99871,191,99947,191,99858,191,99969,291,99849,191,99970,391,99809,191,99999,191,99715,191,100011,100,99638,100,100022,100,99615,100,100025,100,99567,100,100028,100,99529,100,100048,100,99470,100
2019-06-28 09:42:00.000000000,99929,123,99871,214,99947,214,99858,214,99969,314,99849,214,99970,414,99809,214,99999,100,99715,100,100011,100,99638,100,100022,100,99615,100,100025,100,99567,100,100028,100,99529,100,100048,100,99470,100
2019-06-28 09:42:10.000000000,99929,163,99871,254,99947,250,99858,250,99969,350,99849,250,99970,300,99809,100,99999,100,99715,100,100011,100,99638,100,100022,100,99615,100,100025,100,99567,100,100028,100,99529,100,100048,100,99470,100
2019-06-28 09:42:12.699183436,99929,63,99871,254,99947,250,99858,250,99969,350,99849,250,99970,300,99809,100,99999,100,99715,100,100011,100,99638,100,100022,100,99615,100,100025,100,99567,100,100028,100,99529,100,100048,100,99470,100
2019-06-28 09:42:20.000000000,99947,254,99871,254,99969,350,99858,250,99970,450,99849,250,99999,100,99809,100,100011,100,99715,100,100022,100,99638,100,100025,100,99615,100,100028,100,99567,100,100048,100,99529,100,100071,100,99470,100
2019-06-28 09:42:25.672666909,99947,254,99871,254,99969,350,99858,250,99970,450,99849,250,99999,100,99809,100,100011,100,99715,100,100022,100,99652,100,100025,100,99638,100,100028,100,99615,100,100048,100,99567,100,100071,100,99529,100
2019-06-28 09:42:25.985026785,99947,254,99871,154,99969,350,99858,250,99970,450,99849,250,99999,100,99809,100,100011,100,99715,100,100022,100,99652,100,100025,100,99638,100,100028,100,99615,100,100048,100,99567,100,100071,100,99529,100
2019-06-28 09:42:30.000000000,99947,554,99858,554,99969,200,99849,100,99970,300,99809,100,99999,100,99715,100,100011,100,99652,100,100022,100,99638,100,100025,100,99615,100,100028,100,99567,100,100048,100,99529,100,100071,100,99470,100
2019-06-28 09:42:37.069051085,99947,554,99858,554,99969,200,99849,100,99970,300,99809,100,99999,100,99715,100,100011,100,99652,100,100022,100,99638,100,100025,100,99615,100,100028,100,99567,100,100048,100,99529,100,100071,100,99470,100
2019-06-28 09:42:38.140913420,99947,554,99858,554,99969,200,99849,100,99970,300,99809,100,99999,100,99715,100,100011,100,99652,100,100025,100,99638,100,100028,100,99615,100,100048,100,99567,100,100071,100,99529,100,100082,100,99470,100
2019-06-28 09:42:40.000000000,99947,327,99858,327,99969,427,99849,327,99970,300,99809,100,99999,100,99715,100,100011,100,99652,100,100025,100,99638,100,100028,100,99615,100,100048,100,99567,100,100071,100,99529,100,100082,100,99470,100
2019-06-28 09:42:43.205347777,99947,327,99872,100,99969,427,99858,327,99970,300,99849,327,99999,100,99809,100,100011,100,99715,100,100025,100,99652,100,100028,100,99638,100,100048,100,99615,100,100071,100,99567,100,100082,100,99529,100
2019-06-28 09:42:46.855168834,99947,227,99872,100,99969,427,99858,327,99970,300,99849,327,99999,100,99809,100,100011,100,99715,100,100025,100,99652,100,100028,100,99638,100,100048,100,99615,100,100071,100,99567,100,100082,100,99529,100
2019-06-28 09:42:50.000000000,99969,291,99872,191,99970,391,99858,191,99999,191,99849,191,100011,191,99809,191,100025,191,99715,191,100028,100,99652,100,100048,100,99638,100,100071,100,99615,100,100082,100,99567,100,100099,100,99529,100
2019-06-28 09:43:00.000000000,99969,427,99872,327,99970,527,99858,327,99999,100,99849,100,100011,100,99809,100,100025,100,99715,100,100028,100,99652,100,100048,100,99638,100,100071,100,99615,100,100082,100,99567,100,100099,100,99529,100
2019-06-28 09:43:09.889492912,99969,427,99872,327,99970,427,99858,327,99999,100,99849,100,100011,100,99809,100,100025,100,99715,100,100028,100,99652,100,100048,100,99638,100,100071,100,99615,100,100082,100,99567,100,100099,100,99529,100
2019-06-28 09:43:10.000000000,99969,314,99872,214,99970,314,99858,214,99999,214,99849,214,100011,214,99809,214,100025,100,99715,100,100028,100,99652,100,100048,100,99638,100,100071,100,99615,100,100082,100,99567,100,100099,100,99529,100
2019-06-28 09:43:11.248079269,99969,314,99872,214,99970,314,99858,214,99999,214,99849,214,100011,214,99809,214,100025,100,99799,100,100028,100,99715,100,100048,100,99652,100,100071,100,99638,100,100082,100,99615,100,100099,100,99567,100
2019-06-28 09:43:15.053982174,99969,314,99873,100,99970,314,99872,214,99999,214,99858,214,100011,214,99849,214,100025,100,99809,214,100028,100,99799,100,100071,100,99715,100,100082,100,99652,100,100099,100,99638,100,100103,100,99615,100
2019-06-28 09:43:20.000000000,99969,314,99873,214,99970,314,99872,214,99999,214,99858,214,100011,214,99849,214,100025,100,99809,100,100028,100,99799,100,100071,100,99715,100,100082,100,99652,100,100099,100,99638,100,100103,100,99615,100
2019-06-28 09:43:21.020356136,99969,214,99873,214,99970,314,99872,214,99999,214,99858,214,100011,214,99849,214,100025,100,99809,100,100028,100,99799,100,100071,100,99715,100,100082,100,99652,100,100099,100,99638,100,100103,100,99615,100
2019-06-28 09:43:21.770378848,99969,214,99873,214,99970,314,99872,114,99999,214,99858,214,100011,214,99849,214,100025,100,99809,100,100028,100,99799,100,100071,100,99715,100,100082,100,99652,100,100099,100,99638,100,100103,100,99615,100
2019-06-28 09:43:30.000000000,99969,327,99873,327,99970,427,99858,327,99999,100,99849,100,100011,100,99809,100,100025,100,99799,100,100028,100,99715,100,100071,100,99652,100,100082,100,99638,100,100099,100,99615,100,100103,100,99567,100
2019-06-28 09:43:40.000000000,99969,554,99873,554,99970,200,99858,100,99999,100,99849,100,100011,100,99809,100,100025,100,99799,100,100028,100,99715,100,100071,100,99652,100,100082,100,99638,100,100099,100,99615,100,100103,100,99567,100
2019-06-28 09:43:50.000000000,99969,214,99873,214,99970,314,99858,214,99999,214,99849,214,100011,214,99809,214,100025,100,99799,100,100028,100,99715,100,100071,100,99652,100,100082,100,99638,100,100099,100,99615,100,100103,100,99567,100
2019-06-28 09:43:56.243608285,99969,214,99873,214,99970,314,99858,214,99999,214,99849,214,100011,214,99809,214,100025,100,99799,100,100028,100,99715,100,100071,100,99652,100,100082,100,99615,100,100099,100,99567,100,100103,100,99529,100
2019-06-28 09:44:00.000000000,99969,254,99873,254,99970,350,99858,250,99999,250,99849,250,100011,100,99809,100,100025,100,99799,100,100028,100,99715,100,100071,100,99652,100,100082,100,99615,100,100099,100,99567,100,100103,100,99529,100
2019-06-28 09:44:04.099592159,99969,254,99947,100,99970,350,99873,254,99999,250,99858,250,100011,100,99849,250,100025,100,99809,100,100028,100,99799,100,100071,100,99715,100,100082,100,99652,100,100099,100,99615,100,100103,100,99567,100
2019-06-28 09:44:05.976786754,99969,154,99947,100,99970,350,99873,254,99999,250,99858,250,100011,100,99849,250,100025,100,99809,100,100028,100,99799,100,100071,100,99715,100,100082,100,99652,100,100099,100,99615,100,100103,100,99567,100
2019-06-28 09:44:10.000000000,99970,314,99947,214,99999,214,99873,214,100011,214,99858,214,100025,214,99849,214,100028,100,99809,100,100071,100,99799,100,100082,100,99715,100,100099,100,99652,100,100103,100,99615,100,100106,100,99567,100
2019-06-28 09:44:20.000000000,99970,291,99947,191,99999,191,99873,191,100011,191,99858,191,100025,191,99849,191,100028,191,99809,191,100071,100,99799,100,100082,100,99715,100,100099,100,99652,100,100103,100,99615,100,100106,100,99567,100
2019-06-28 09:44:30.000000000,99970,354,99947,254,99999,250,99873,250,100011,250,99858,250,100025,100,99849,100,100028,100,99809,100,100071,100,99799,100,100082,100,99715,100,100099,100,99652,100,100103,100,99615,100,100106,100,99567,100
2019-06-28 09:44:30.778311441,99970,354,99947,254,99999,250,99873,250,100011,250,99858,250,100025,100,99849,100,100028,100,99809,100,100071,100,99799,100,100082,100,99715,100,100099,100,99615,100,100103,100,99567,100,100106,100,99529,100
2019-06-28 09:44:40.000000000,99970,354,99947,254,99999,250,99873,250,100011,250,99858,250,100025,100,99849,100,100028,100,99809,100,100071,100,99799,100,100082,100,99715,100,100099,100,99615,100,100103,100,99567,100,100106,100,99529,100
2019-06-28 09:44:40.573637695,99970,254,99947,254,99999,250,99873,250,100011,250,99858,250,100025,100,99849,100,100028,100,99809,100,100071,100,99715,100,100082,100,99615,100,100099,100,99567,100,100103,100,99529,100,100106,100,99470,100
2019-06-28 09:44:50.000000000,99970,191,99947,191,99999,191,99873,191,100011,191,99858,191,100025,191,99849,191,100028,191,99809,191,100071,100,99715,100,100082,100,99615,100,100099,100,99567,100,100103,100,99529,100,100106,100,99470,100
2019-06-28 09:44:57.141342246,99970,191,99969,100,99999,191,99947,191,100011,191,99873,191,100025,191,99858,191,100028,191,99849,191,100071,100,99809,191,100082,100,99715,100,100099,100,99615,100,100103,100,99567,100,100106,100,99529,100
2019-06-28 09:45:00.000000000,99970,214,99969,214,99999,214,99947,214,100011,214,99873,214,100025,214,99858,214,100028,100,99849,100,100071,100,99809,100,100082,100,99715,100,100099,100,99615,100,100103,100,99567,100,100106,100,99529,100
2019-06-28 09:45:10.000000000,99970,191,99969,191,99999,191,99947,191,100011,191,99873,191,100025,191,99858,191,100028,191,99849,191,100071,100,99809,100,100082,100,99715,100,100099,100,99615,100,100103,100,99567,100,100106,100,99529,100
2019-06-28 09:45:20.000000000,99970,327,99969,327,99999,327,99947,327,100011,100,99873,100,100025,100,99858,100,100028,100,99849,100,100071,100,99809,100,100082,100,99715,100,100099,100,99615,100,100103,100,99567,100,100106,100,99529,100
2019-06-28 09:45:21.083390225,99970,227,99969,327,99999,327,99947,327,100011,100,99873,100,100025,100,99858,100,100028,100,99849,100,100071,100,99809,100,100082,100,99715,100,100099,100,99615,100,100103,100,99567,100,100106,100,99529,100
2019-06-28 09:45:30.000000000,99999,554,99969,554,100011,100,99947,100,100025,100,99873,100,100028,100,99858,100,100071,100,99849,100,100082,100,99809,100,100099,100,99715,100,100103,100,99615,100,100106,100,99567,100,100114,100,99529,100
2019-06-28 09:45:34.269210052,99999,554,99969,554,100011,100,99947,100,100025,100,99873,100,100028,100,99858,100,100071,100,99849,100,100082,100,99809,100,100099,100,99715,100,100103,100,99615,100,100106,100,99567,100,100114,100,99529,100
2019-06-28 09:45:40.000000000,99999,327,99969,327,100011,327,99947,327,100025,100,99873,100,100028,100,99858,100,100071,100,99849,100,100082,100,99809,100,100099,100,99715,100,100103,100,99615,100,100106,100,99567,100,100114,100,99529,100
2019-06-28 09:45:50.000000000,99999,327,99969,327,100011,327,99947,327,100025,100,99873,100,100028,100,99858,100,100071,100,99849,100,100082,100,99809,100,100099,100,99715,100,100103,100,99615,100,100106,100,99567,100,100114,100,99529,100
2019-06-28 09:46:00.000000000,99999,554,99969,554,100011,100,99947,100,100025,100,99873,100,100028,100,99858,100,100071,100,99849,100,100082,100,99809,100,100099,100,99715,100,100103,100,99615,100,100106,100,99567,100,100114,100,99529,100
2019-06-28 09:46:01.568639448,99999,554,99970,100,100011,100,99969,554,100025,100,99947,100,100028,100,99873,100,100071,100,99858,100,100082,100,99849,100,100099,100,99809,100,100103,100,99715,100,100106,100,99615,100,100114,100,99567,100
2019-06-28 09:46:05.589859625,99999,554,99970,100,100011,100,99969,554,100025,100,99947,100,100028,100,99873,100,100071,100,99858,100,100082,100,99849,100,100099,100,99809,100,100103,100,99715,100,100114,100,99615,100,100116,100,99567,100
2019-06-28 09:46:10.000000000,99999,214,99970,214,100011,214,99969,214,100025,214,99947,214,100028,214,99873,214,100071,100,99858,100,100082,100,99849,100,100099,100,99809,100,100103,100,99715,100,100114,100,99615,100,100116,100,99567,100
2019-06-28 09:46:20.000000000,99999,214,99970,214,100011,214,99969,214,100025,214,99947,214,100028,214,99873,214,100071,100,99858,100,100082,100,99849,100,100099,100,99809,100,100103,100,99715,100,100114,100,99615,100,100116,100,99567,100
2019-06-28 09:46:30.000000000,99999,254,99970,254,100011,250,99969,250,100025,250,99947,250,100028,100,99873,100,100071,100,99858,100,100082,100,99849,100,100099,100,99809,100,100103,100,99715,100,100114,100,99615,100,100116,100,99567,100
2019-06-28 09:46:40.000000000,99999,254,99970,254,100011,250,99969,250,100025,250,99947,250,100028,100,99873,100,100071,100,99858,100,100082,100,99849,100,100099,100,99809,100,100103,100,99715,100,100114,100,99615,100,100116,100,99567,100
2019-06-28 09:46:44.416104750,99999,254,99970,354,100011,250,99969,250,100025,250,99947,250,100028,100,99873,100,100071,100,99858,100,100082,100,99849,100,100099,100,99809,100,100103,100,99715,100,100114,100,99615,100,100116,100,99567,100
2019-06-28 09:46:46.548470978,99999,154,99970,354,100011,250,99969,250,100025,250,99947,250,100028,100,99873,100,100071,100,99858,100,100082,100,99809,100,100099,100,99715,100,100103,100,99615,100,100114,100,99567,100,100116,100,99529,100
2019-06-28 09:46:50.000000000,100011,191,99970,291,100025,191,99969,191,100028,191,99947,191,100071,191,99873,191,100082,191,99858,191,100099,100,99809,100,100103,100,99715,100,100114,100,99615,100,100116,100,99567,100,100139,100,99529,100
2019-06-28 09:46:59.706009717,100011,191,99970,291,100025,191,99969,191,100028,191,99947,191,100071,191,99873,191,100082,191,99858,191,100099,100,99809,100,100103,100,99715,100,100114,100,99567,100,100116,100,99529,100,100139,100,99470,100
2019-06-28 09:47:00.000000000,100011,191,99970,291,100025,191,99969,191,100028,191,99947,191,100071,191,99873,191,100082,191,99858,191,100099,100,99809,100,100103,100,99715,100,100114,100,99567,100,100116,100,99529,100,100139,100,99470,100
2019-06-28 09:47:10.000000000,100011,254,99970,354,100025,250,99969,250,100028,250,99947,250,100071,100,99873,100,100082,100,99858,100,100099,100,99809,100,100103,100,99715,100,100114,100,99567,100,100116,100,99529,100,100139,100,99470,100
2019-06-28 09:47:12.601086426,100011,154,99970,354,100025,250,99969,250,100028,250,99947,250,100071,100,99873,100,100082,100,99858,100,100099,100,99809,100,100103,100,99715,100,100114,100,99567,100,100116,100,99529,100,100139,100,99470,100
2019-06-28 09:47:20.000000000,100025,214,99970,314,100028,214,99969,214,100071,214,99947,214,100082,214,99873,214,100099,100,99858,100,100103,100,99809,100,100114,100,99715,100,100116,100,99567,100,100139,100,99529,100,100212,100,99470,100
2019-06-28 09:47:30.000000000,100025,214,99970,314,100028,214,99969,214,100071,214,99947,214,100082,214,99873,214,100099,100,99858,100,100103,100,99809,100,100114,100,99715,100,100116,100,99567,100,100139,100,99529,100,100212,100,99470,100
2019-06-28 09:47:40.000000000,100025,254,99970,354,100028,250,99969,250,100071,250,99947,250,100082,100,99873,100,100099,100,99858,100,100103,100,99809,100,100114,100,99715,100,100116,100,99567,100,100139,100,99529,100,100212,100,99470,100
2019-06-28 09:47:44.626056267,100025,154,99970,354,100028,250,99969,250,100071,250,99947,250,100082,100,99873,100,100099,100,99858,100,100103,100,99809,100,100114,100,99715,100,100116,100,99567,100,100139,100,99529,100,100212,100,99470,100
2019-06-28 09:47:50.000000000,100028,191,99970,291,100071,191,99969,191,100082,191,99947,191,100099,191,99873,191,100103,191,99858,191,100114,100,99809,100,100116,100,99715,100,100139,100,99567,100,100212,100,99529,100,100317,100,99470,100
2019-06-28 09:48:00.000000000,100028,214,99970,314,100071,214,99969,214,100082,214,99947,214,100099,214,99873,214,100103,100,99858,100,100114,100,99809,100,100116,100,99715,100,100139,100,99567,100,100212,100,99529,100,100317,100,99470,100
2019-06-28 09:48:10.000000000,100028,254,99970,354,100071,250,99969,250,100082,250,99947,250,100099,100,99873,100,100103,100,99858,100,100114,100,99809,100,100116,100,99715,100,100139,100,99567,100,100212,100,99529,100,100317,100,99470,100
2019-06-28 09:48:20.000000000,100028,327,99970,427,100071,327,99969,327,100082,100,99947,100,100099,100,99873,100,100103,100,99858,100,100114,100,99809,100,100116,100,99715,100,100139,100,99567,100,100212,100,99529,100,100317,100,99470,100
2019-06-28 09:48:24.598719670,100028,327,100011,100,100071,327,99970,427,100082,100,99969,327,100099,100,99947,100,100103,100,99873,100,100114,100,99858,100,100116,100,99809,100,100139,100,99715,100,100212,100,99567,100,100317,100,99529,100
2019-06-28 09:48:30.000000000,100028,254,100011,254,100071,250,99970,350,100082,250,99969,250,100099,100,99947,100,100103,100,99873,100,100114,100,99858,100,100116,100,99809,100,100139,100,99715,100,100212,100,99567,100,100317,100,99529,100
2019-06-28 09:48:40.000000000,100028,214,100011,214,100071,214,99970,314,100082,214,99969,214,100099,214,99947,214,100103,100,99873,100,100114,100,99858,100,100116,100,99809,100,100139,100,99715,100,100212,100,99567,100,100317,100,99529,100
2019-06-28 09:48:40.130187211,100028,214,100011,214,100071,214,99970,314,100082,214,99969,214,100099,114,99947,214,100103,100,99873,100,100114,100,99858,100,100116,100,99809,100,100139,100,99715,100,100212,100,99567,100,100317,100,99529,100
2019-06-28 09:48:50.000000000,100028,214,100011,214,100071,214,99970,314,100082,214,99969,214,100103,214,99947,214,100114,100,99873,100,100116,100,99858,100,100139,100,99809,100,100212,100,99715,100,100317,100,99567,100,100343,100,99529,100
2019-06-28 09:49:00.000000000,100028,327,100011,327,100071,327,99970,427,100082,100,99969,100,100103,100,99947,100,100114,100,99873,100,100116,100,99858,100,100139,100,99809,100,100212,100,99715,100,100317,100,99567,100,100343,100,99529,100
2019-06-28 09:49:10.000000000,100028,327,100011,327,100071,327,99970,427,100082,100,99969,100,100103,100,99947,100,100114,100,99873,100,100116,100,99858,100,100139,100,99809,100,100212,100,99715,100,100317,100,99567,100,100343,100,99529,100
2019-06-28 09:49:20.000000000,100028,191,100011,191,100071,191,99970,291,100082,191,99969,191,100103,191,99947,191,100114,191,99873,191,100116,100,99858,100,100139,100,99809,100,100212,100,99715,100,100317,100,99567,100,100343,100,99529,100
2019-06-28 09:49:30.000000000,100028,191,100011,191,100071,191,99970,291,100082,191,99969,191,100103,191,99947,191,100114,191,99873,191,100116,100,99858,100,100139,100,99809,100,100212,100,99715,100,100317,100,99567,100,100343,100,99529,100
2019-06-28 09:49:40.000000000,100028,327,100011,327,100071,327,99970,427,100082,100,99969,100,100103,100,99947,100,100114,100,99873,100,100116,100,99858,100,100139,100,99809,100,100212,100,99715,100,100317,100,99567,100,100343,100,99529,100
2019-06-28 09:49:50.000000000,100028,554,100011,554,100071,100,99970,200,100082,100,99969,100,100103,100,99947,100,100114,100,99873,100,100116,100,99858,100,100139,100,99809,100,100212,100,99715,100,100317,100,99567,100,100343,100,99529,100
2019-06-28 09:50:00.000000000,100028,254,100011,254,100071,250,99970,350,100082,250,99969,250,100103,100,99947,100,100114,100,99873,100,100116,100,99858,100,100139,100,99809,100,100212,100,99715,100,100317,100,99567,100,100343,100,99529,100
2019-06-28 09:50:02.622312225,100028,254,100011,254,100071,250,99970,350,100082,250,99969,250,100103,100,99947,100,100114,100,99873,100,100116,100,99858,100,100139,100,99809,100,100212,100,99715,100,100317,100,99567,100,100343,100,99529,100
2019-06-28 09:50:10.000000000,100028,214,100011,214,100071,214,99970,314,100082,214,99969,214,100103,214,99947,214,100114,100,99873,100,100116,100,99858,100,100139,100,99809,100,100212,100,99715,100,100317,100,99567,100,100343,100,99529,100
2019-06-28 09:50:20.000000000,100028,191,100011,191,100071,191,99970,291,100082,191,99969,191,100103,191,99947,191,100114,191,99873,191,100116,100,99858,100,100139,100,99809,100,100212,100,99715,100,100317,100,99567,100,100343,100,99529,100
2019-06-28 09:50:30.000000000,100028,554,100011,554,100071,100,99970,200,100082,100,99969,100,100103,100,99947,100,100114,100,99873,100,100116,100,99858,100,100139,100,99809,100,100212,100,99715,100,100317,100,99567,100,100343,100,99529,100
2019-06-28 09:50:40.000000000,100028,554,100011,554,100071,100,99970,200,100082,100,99969,100,100103,100,99947,100,100114,100,99873,100,100116,100,99858,100,100139,100,99809,100,100212,100,99715,100,100317,100,99567,100,100343,100,99529,100
2019-06-28 09:50:42.705990868,100028,554,100011,554,100071,100,99970,200,100082,100,99969,100,100103,100,99947,100,100114,100,99873,100,100116,100,99858,100,100139,100,99809,100,100212,100,99715,100,100317,100,99567,100,100343,100,99529,100
2019-06-28 09:50:47.083003605,100028,554,100011,554,100071,100,99970,200,100082,100,99969,100,100103,100,99947,100,100114,100,99873,100,100116,100,99858,100,100139,100,99809,100,100212,100,99715,100,100317,100,99529,100,100343,100,99259,100
2019-06-28 09:50:50.000000000,100028,214,100011,214,100071,214,99970,314,100082,214,99969,214,100103,214,99947,214,100114,100,99873,100,100116,100,99858,100,100139,100,99809,100,100212,100,99715,100,100317,100,99529,100,100343,100,99259,100
2019-06-28 09:50:59.498967962,100028,214,100011,314,100071,214,99970,214,100082,214,99969,214,100103,214,99947,214,100114,100,99873,100,100116,100,99858,100,100139,100,99809,100,100212,100,99715,100,100317,100,99529,100,100343,100,99259,100
2019-06-28 09:51:00.000000000,100028,327,100011,427,100071,327,99970,327,100082,100,99969,100,100103,100,99947,100,100114,100,99873,100,100116,100,99858,100,100139,100,99809,100,100212,100,99715,100,100317,100,99529,100,100343,100,99259,100
2019-06-28 09:51:03.518580446,100028,327,100011,527,100071,327,99970,327,100082,100,99969,100,100103,100,99947,100,100114,100,99873,100,100116,100,99858,100,100139,100,99809,100,100212,100,99715,100,100317,100,99529,100,100343,100,99259,100
2019-06-28 09:51:10.000000000,100028,191,100011,391,100071,191,99970,191,100082,191,99969,191,100103,191,99947,191,100114,191,99873,191,100116,100,99858,100,100139,100,99809,100,100212,100,99715,100,100317,100,99529,100,100343,100,99259,100
2019-06-28 09:51:16.409016734,100028,191,100011,391,100071,191,99970,191,100082,191,99969,191,100103,191,99947,191,100114,191,99873,191,100116,100,99858,100,100139,100,99809,100,100212,100,99715,100,100317,100,99529,100,100343,100,99259,100
2019-06-28 09:51:20.000000000,100028,254,100011,454,100071,250,99970,250,100082,250,99969,250,100103,100,99947,100,100114,100,99873,100,100116,100,99858,100,100139,100,99809,100,100212,100,99715,100,100317,100,99529,100,100343,100,99259,100
2019-06-28 09:51:30.000000000,100028,254,100011,454,100071,250,99970,250,100082,250,99969,250,100103,100,99947,100,100114,100,99873,100,100116,100,99858,100,100139,100,99809,100,100212,100,99715,100,100317,100,99529,100,100343,100,99259,100
2019-06-28 09:51:33.059011893,100028,254,100011,454,100071,250,99970,250,100082,250,99969,250,100103,100,99947,100,100114,100,99873,100,100116,100,99858,100,100139,100,99809,100,100212,100,99715,100,100317,100,99529,100,100343,100,99259,100
2019-06-28 09:51:34.499393703,100028,154,100011,454,100071,250,99970,250,100082,250,99969,250,100103,100,99947,100,100114,100,99873,100,100116,100,99858,100,100139,100,99809,100,100212,100,99715,100,100317,100,99529,100,100343,100,99259,100
2019-06-28 09:51:40.000000000,100071,191,100011,391,100082,191,99970,191,100103,191,99969,191,100114,191,99947,191,100116,191,99873,191,100139,100,99858,100,100212,100,99809,100,100317,100,99715,100,100343,100,99529,100,100345,100,99259,100
2019-06-28 09:51:50.000000000,100071,214,100011,414,100082,214,99970,214,100103,214,99969,214,100114,214,99947,214,100116,100,99873,100,100139,100,99858,100,100212,100,99809,100,100317,100,99715,100,100343,100,99529,100,100345,100,99259,100
2019-06-28 09:52:00.000000000,100071,191,100011,391,100082,191,99970,191,100103,191,99969,191,100114,191,99947,191,100116,191,99873,191,100139,100,99858,100,100212,100,99809,100,100317,100,99715,100,100343,100,99529,100,100345,100,99259,100
2019-06-28 09:52:10.000000000,100071,254,100011,454,100082,250,99970,250,100103,250,99969,250,100114,100,99947,100,100116,100,99873,100,100139,100,99858,100,100212,100,99809,100,100317,100,99715,100,100343,100,99529,100,100345,100,99259,100
2019-06-28 09:52:17.247048266,100071,254,100025,100,100082,250,100011,454,100103,250,99970,250,100114,100,99969,250,100116,100,99947,100,100139,100,99873,100,100212,100,99858,100,100317,100,99809,100,100343,100,99715,100,100345,100,99529,100
2019-06-28 09:52:20.000000000,100071,327,100025,327,100082,327,100011,527,100103,100,99970,100,100114,100,99969,100,100116,100,99947,100,100139,100,99873,100,100212,100,99858,100,100317,100,99809,100,100343,100,99715,100,100345,100,99529,100
2019-06-28 09:52:20.310066644,100071,327,100025,427,100082,327,100011,527,100103,100,99970,100,100114,100,99969,100,100116,100,99947,100,100139,100,99873,100,100212,100,99858,100,100317,100,99809,100,100343,100,99715,100,100345,100,99529,100
2019-06-28 09:52:25.086882095,100071,327,100025,427,100082,327,100011,527,100103,100,99970,100,100114,100,99969,100,100116,100,99947,100,100139,100,99873,100,100212,100,99858,100,100317,100,99809,100,100343,100,99715,100,100345,100,99529,100
2019-06-28 09:52:30.000000000,100071,554,100025,654,100082,100,100011,300,100103,100,99970,100,100114,100,99969,100,100116,100,99947,100,100139,100,99873,100,100212,100,99858,100,100317,100,99809,100,100343,100,99715,100,100345,100,99529,100
2019-06-28 09:52:40.000000000,100071,214,100025,314,100082,214,100011,414,100103,214,99970,214,100114,214,99969,214,100116,100,99947,100,100139,100,99873,100,100212,100,99858,100,100317,100,99809,100,100343,100,99715,100,100345,100,99529,100
2019-06-28 09:52:50.000000000,100071,191,100025,291,100082,191,100011,391,100103,191,99970,191,100114,191,99969,191,100116,191,99947,191,100139,100,99873,100,100212,100,99858,100,100317,100,99809,100,100343,100,99715,100,100345,100,99529,100
2019-06-28 09:53:00.000000000,100071,554,100025,654,100082,100,100011,300,100103,100,99970,100,100114,100,99969,100,100116,100,99947,100,100139,100,99873,100,100212,100,99858,100,100317,100,99809,100,100343,100,99715,100,100345,100,99529,100
2019-06-28 09:53:10.000000000,100071,214,100025,314,100082,214,100011,414,100103,214,99970,214,100114,214,99969,214,100116,100,99947,100,100139,100,99873,100,100212,100,99858,100,100317,100,99809,100,100343,100,99715,100,100345,100,99529,100
2019-06-28 09:53:12.545211589,100071,214,100025,214,100082,214,100011,414,100103,214,99970,214,100114,214,99969,214,100116,100,99947,100,100139,100,99873,100,100212,100,99858,100,100317,100,99809,100,100343,100,99715,100,100345,100,99529,100
2019-06-28 09:53:14.427053827,100071,214,100025,114,100082,214,100011,414,100103,214,99970,214,100114,214,99969,214,100116,100,99947,100,100139,100,99873,100,100212,100,99858,100,100317,100,99809,100,100343,100,99715,100,100345,100,99529,100
2019-06-28 09:53:20.000000000,100071,214,100011,414,100082,214,99970,214,100103,214,99969,214,100114,214,99947,214,100116,100,99873,100,100139,100,99858,100,100212,100,99809,100,100317,100,99715,100,100343,100,99529,100,100345,100,99259,100
2019-06-28 09:53:30.000000000,100071,191,100011,391,100082,191,99970,191,100103,191,99969,191,100114,191,99947,191,100116,191,99873,191,100139,100,99858,100,100212,100,99809,100,100317,100,99715,100,100343,100,99529,100,100345,100,99259,100
2019-06-28 09:53:32.218549831,100025,100,100011,391,100071,191,99970,191,100082,191,99969,191,100103,191,99947,191,100114,191,99873,191,100116,191,99858,100,100139,100,99809,100,100212,100,99715,100,100317,100,99529,100,100343,100,99259,100
2019-06-28 09:53:36.008804385,100025,100,100011,391,100071,191,99970,191,100082,191,99969,191,100103,191,99947,191,100114,191,99873,191,100116,191,99858,100,100139,100,99809,100,100212,100,99715,100,100317,100,99529,100,100343,100,99259,100
2019-06-28 09:53:40.000000000,100025,327,100011,527,100071,327,99970,327,100082,100,99969,100,100103,100,99947,100,100114,100,99873,100,100116,100,99858,100,100139,100,99809,100,100212,100,99715,100,100317,100,99529,100,100343,100,99259,100
2019-06-28 09:53:50.000000000,100025,214,100011,414,100071,214,99970,214,100082,214,99969,214,100103,214,99947,214,100114,100,99873,100,100116,100,99858,100,100139,100,99809,100,100212,100,99715,100,100317,100,99529,100,100343,100,99259,100
2019-06-28 09:53:54.709565555,100025,214,100011,414,100071,214,99970,214,100082,214,99969,214,100103,214,99947,214,100114,100,99873,100,100116,100,99858,100,100139,100,99809,100,100212,100,99715,100,100317,100,99529,100,100343,100,99320,100
2019-06-28 09:53:57.663632554,100025,214,100011,414,100071,214,99970,214,100082,214,99969,214,100103,214,99947,214,100114,100,99873,100,100116,100,99858,100,100139,100,99809,100,100212,100,99715,100,100317,100,99705,100,100343,100,99529,100
2019-06-28 09:54:00.000000000,100025,191,100011,391,100071,191,99970,191,100082,191,99969,191,100103,191,99947,191,100114,191,99873,191,100116,100,99858,100,100139,100,99809,100,100212,100,99715,100,100317,100,99705,100,100343,100,99529,100
2019-06-28 09:54:00.283119779,100025,191,100011,391,100071,191,99970,191,100082,191,99969,191,100103,191,99947,191,100114,191,99873,191,100116,100,99858,100,100139,100,99809,100,100212,100,99715,100,100317,100,99705,100,100343,100,99529,100
2019-06-28 09:54:10.000000000,100025,327,100011,527,100071,327,99970,327,100082,100,99969,100,100103,100,99947,100,100114,100,99873,100,100116,100,99858,100,100139,100,99809,100,100212,100,99715,100,100317,100,99705,100,100343,100,99529,100
2019-06-28 09:54:20.000000000,100025,327,100011,527,100071,327,99970,327,100082,100,99969,100,100103,100,99947,100,100114,100,99873,100,100116,100,99858,100,100139,100,99809,100,100212,100,99715,100,100317,100,99705,100,100343,100,99529,100
2019-06-28 09:54:30.000000000,100025,254,100011,454,100071,250,99970,250,100082,250,99969,250,100103,100,99947,100,100114,100,99873,100,100116,100,99858,100,100139,100,99809,100,100212,100,99715,100,100317,100,99705,100,100343,100,99529,100
2019-06-28 09:54:33.373769428,100025,254,100011,454,100071,250,99970,250,100082,250,99969,250,100103,100,99947,100,100114,100,99873,100,100116,100,99858,100,100139,100,99809,100,100212,100,99715,100,100317,100,99529,100,100343,100,99501,100
2019-06-28 09:54:34.653043295,100025,254,100011,454,100071,250,99970,150,100082,250,99969,250,100103,100,99947,100,100114,100,99873,100,100116,100,99858,100,100139,100,99809,100,100212,100,99715,100,100317,100,99529,100,100343,100,99501,100
2019-06-28 09:54:40.000000000,100025,327,100011,527,100071,327,99969,327,100082,100,99947,100,100103,100,99873,100,100114,100,99858,100,100116,100,99809,100,100139,100,99715,100,100212,100,99529,100,100317,100,99501,100,100343,100,99393,100
2019-06-28 09:54:46.186239742,100025,327,100011,427,100071,327,99969,327,100082,100,99947,100,100103,100,99873,100,100114,100,99858,100,100116,100,99809,100,100139,100,99715,100,100212,100,99529,100,100317,100,99501,100,100343,100,99393,100
2019-06-28 09:54:50.000000000,100025,191,100011,291,100071,191,99969,191,100082,191,99947,191,100103,191,99873,191,100114,191,99858,191,100116,100,99809,100,100139,100,99715,100,100212,100,99529,100,100317,100,99501,100,100343,100,99393,100
2019-06-28 09:54:50.373890369,100024,100,100011,291,100025,191,99969,191,100071,191,99947,191,100082,191,99873,191,100103,191,99858,191,100114,191,99809,100,100116,100,99715,100,100139,100,99529,100,100212,100,99501,100,100317,100,99393,100
2019-06-28 09:55:00.000000000,100024,554,100011,654,100025,100,99969,100,100071,100,99947,100,100082,100,99873,100,100103,100,99858,100,100114,100,99809,100,100116,100,99715,100,100139,100,99529,100,100212,100,99501,100,100317,100,99393,100
2019-06-28 09:55:10.000000000,100024,327,100011,427,100025,327,99969,327,100071,100,99947,100,100082,100,99873,100,100103,100,99858,100,100114,100,99809,100,100116,100,99715,100,100139,100,99529,100,100212,100,99501,100,100317,100,99393,100
2019-06-28 09:55:20.000000000,100024,254,100011,354,100025,250,99969,250,100071,250,99947,250,100082,100,99873,100,100103,100,99858,100,100114,100,99809,100,100116,100,99715,100,100139,100,99529,100,100212,100,99501,100,100317,100,99393,100
2019-06-28 09:55:29.605074157,100024,254,100011,354,100025,250,99969,250,100071,250,99947,250,100082,100,99873,100,100103,100,99858,100,100114,100,99809,100,100116,100,99715,100,100139,100,99529,100,100212,100,99501,100,100317,100,99393,100
2019-06-28 09:55:30.000000000,100024,214,100011,314,100025,214,99969,214,100071,214,99947,214,100082,214,99873,214,100103,100,99858,100,100114,100,99809,100,100116,100,99715,100,100139,100,99529,100,100212,100,99501,100,100317,100,99393,100
2019-06-28 09:55:31.874057824,100024,214,100011,214,100025,214,99969,214,100071,214,99947,214,100082,214,99873,214,100103,100,99858,100,100114,100,99809,100,100116,100,99715,100,100139,100,99529,100,100212,100,99501,100,100317,100,99393,100
2019-06-28 09:55:40.000000000,100024,554,100011,554,100025,100,99969,100,100071,100,99947,100,100082,100,99873,100,100103,100,99858,100,100114,100,99809,100,100116,100,99715,100,100139,100,99529,100,100212,100,99501,100,100317,100,99393,100
2019-06-28 09:55:50.000000000,100024,214,100011,214,100025,214,99969,214,100071,214,99947,214,100082,214,99873,214,100103,100,99858,100,100114,100,99809,100,100116,100,99715,100,100139,100,99529,100,100212,100,99501,100,100317,100,99393,100
2019-06-28 09:55:54.927845408,100024,314,100011,214,100025,214,99969,214,100071,214,99947,214,100082,214,99873,214,100103,100,99858,100,100114,100,99809,100,100116,100,99715,100,100139,100,99529,100,100212,100,99501,100,100317,100,99393,100
2019-06-28 09:56:00.000000000,100024,427,100011,327,100025,327,99969,327,100071,100,99947,100,100082,100,99873,100,100103,100,99858,100,100114,100,99809,100,100116,100,99715,100,100139,100,99529,100,100212,100,99501,100,100317,100,99393,100
2019-06-28 09:56:03.945826840,100024,427,100011,227,100025,327,99969,327,100071,100,99947,100,100082,100,99873,100,100103,100,99858,100,100114,100,99809,100,100116,100,99715,100,100139,100,99529,100,100212,100,99501,100,100317,100,99393,100
2019-06-28 09:56:10.000000000,100024,427,99969,327,100025,327,99947,327,100071,100,99873,100,100082,100,99858,100,100103,100,99809,100,100114,100,99715,100,100116,100,99529,100,100139,100,99501,100,100212,100,99393,100,100317,100,99320,100
2019-06-28 09:56:18.052595003,100024,427,99969,327,100025,327,99947,327,100071,100,99873,100,100082,100,99858,100,100103,100,99809,100,100114,100,99715,100,100116,100,99529,100,100212,100,99501,100,100317,100,99393,100,100343,100,99320,100
2019-06-28 09:56:19.278284657,100024,427,99969,227,100025,327,99947,327,100071,100,99873,100,100082,100,99858,100,100103,100,99809,100,100114,100,99715,100,100116,100,99529,100,100212,100,99501,100,100317,100,99393,100,100343,100,99320,100
2019-06-28 09:56:19.999511346,100024,427,99969,127,100025,327,99947,327,100071,100,99873,100,100082,100,99858,100,100103,100,99809,100,100114,100,99715,100,100116,100,99529,100,100212,100,99501,100,100317,100,99393,100,100343,100,99320,100
2019-06-28 09:56:20.000000000,100024,427,99947,327,100025,327,99873,327,100071,100,99858,100,100082,100,99809,100,100103,100,99715,100,100114,100,99529,100,100116,100,99501,100,100212,100,99393,100,100317,100,99320,100,100343,100,99259,100
2019-06-28 09:56:30.000000000,100024,314,99947,214,100025,214,99873,214,100071,214,99858,214,100082,214,99809,214,100103,100,99715,100,100114,100,99529,100,100116,100,99501,100,100212,100,99393,100,100317,100,99320,100,100343,100,99259,100
2019-06-28 09:56:40.000000000,100024,427,99947,327,100025,327,99873,327,100071,100,99858,100,100082,100,99809,100,100103,100,99715,100,100114,100,99529,100,100116,100,99501,100,100212,100,99393,100,100317,100,99320,100,100343,100,99259,100
2019-06-28 09:56:50.000000000,100024,427,99947,327,100025,327,99873,327,100071,100,99858,100,100082,100,99809,100,100103,100,99715,100,100114,100,99529,100,100116,100,99501,100,100212,100,99393,100,100317,100,99320,100,100343,100,99259,100
2019-06-28 09:56:51.289282879,100024,427,99947,227,100025,327,99873,327,100082,100,99858,100,100103,100,99809,100,100114,100,99715,100,100116,100,99529,100,100212,100,99501,100,100317,100,99393,100,100343,100,99320,100,100430,100,99259,100
2019-06-28 09:56:52.090212751,100024,427,99947,227,100025,327,99873,327,100082,100,99858,100,100103,100,99809,100,100114,100,99715,100,100116,100,99529,100,100212,100,99523,100,100317,100,99501,100,100343,100,99393,100,100430,100,99320,100
2019-06-28 09:56:53.961672804,100024,427,99947,127,100025,327,99873,327,100082,100,99858,100,100103,100,99809,100,100114,100,99715,100,100116,100,99529,100,100212,100,99523,100,100317,100,99501,100,100343,100,99393,100,100430,100,99320,100
2019-06-28 09:57:00.000000000,100024,654,99873,554,100025,100,99858,100,100082,100,99809,100,100103,100,99715,100,100114,100,99529,100,100116,100,99523,100,100212,100,99501,100,100317,100,99393,100,100343,100,99320,100,100430,100,99259,100
2019-06-28 09:57:10.000000000,100024,291,99873,191,100025,191,99858,191,100082,191,99809,191,100103,191,99715,191,100114,191,99529,191,100116,100,99523,100,100212,100,99501,100,100317,100,99393,100,100343,100,99320,100,100430,100,99259,100
2019-06-28 09:57:20.000000000,100024,654,99873,554,100025,100,99858,100,100082,100,99809,100,100103,100,99715,100,100114,100,99529,100,100116,100,99523,100,100212,100,99501,100,100317,100,99393,100,100343,100,99320,100,100430,100,99259,100
2019-06-28 09:57:30.000000000,100024,654,99873,554,100025,100,99858,100,100082,100,99809,100,100103,100,99715,100,100114,100,99529,100,100116,100,99523,100,100212,100,99501,100,100317,100,99393,100,100343,100,99320,100,100430,100,99259,100
2019-06-28 09:57:40.000000000,100024,291,99873,191,100025,191,99858,191,100082,191,99809,191,100103,191,99715,191,100114,191,99529,191,100116,100,99523,100,100212,100,99501,100,100317,100,99393,100,100343,100,99320,100,100430,100,99259,100
2019-06-28 09:57:50.000000000,100024,291,99873,191,100025,191,99858,191,100082,191,99809,191,100103,191,99715,191,100114,191,99529,191,100116,100,99523,100,100212,100,99501,100,100317,100,99393,100,100343,100,99320,100,100430,100,99259,100
2019-06-28 09:57:58.055620579,100024,291,99873,191,100025,191,99858,191,100082,191,99809,191,100103,191,99715,191,100114,191,99529,191,100212,100,99523,100,100317,100,99501,100,100343,100,99393,100,100430,100,99360,100,100958,100,99320,100
2019-06-28 09:57:58.332512548,100024,291,99873,191,100025,191,99858,191,100082,191,99809,191,100103,191,99715,191,100114,191,99529,191,100212,100,99523,100,100317,100,99501,100,100343,100,99360,100,100430,100,99320,100,100958,100,99259,100
2019-06-28 09:58:00.000000000,100024,314,99873,214,100025,214,99858,214,100082,214,99809,214,100103,214,99715,214,100114,100,99529,100,100212,100,99523,100,100317,100,99501,100,100343,100,99360,100,100430,100,99320,100,100958,100,99259,100
2019-06-28 09:58:10.000000000,100024,354,99873,254,100025,250,99858,250,100082,250,99809,250,100103,100,99715,100,100114,100,99529,100,100212,100,99523,100,100317,100,99501,100,100343,100,99360,100,100430,100,99320,100,100958,100,99259,100
2019-06-28 09:58:20.000000000,100024,654,99873,554,100025,100,99858,100,100082,100,99809,100,100103,100,99715,100,100114,100,99529,100,100212,100,99523,100,100317,100,99501,100,100343,100,99360,100,100430,100,99320,100,100958,100,99259,100
2019-06-28 09:58:30.000000000,100024,427,99873,327,100025,327,99858,327,100082,100,99809,100,100103,100,99715,100,100114,100,99529,100,100212,100,99523,100,100317,100,99501,100,100343,100,99360,100,100430,100,99320,100,100958,100,99259,100
2019-06-28 09:58:33.739349964,99947,100,99873,327,100024,427,99858,327,100025,327,99809,100,100082,100,99715,100,100103,100,99529,100,100114,100,99523,100,100212,100,99501,100,100317,100,99360,100,100343,100,99320,100,100430,100,99259,100
2019-06-28 09:58:40.000000000,99947,254,99873,254,100024,350,99858,250,100025,250,99809,250,100082,100,99715,100,100103,100,99529,100,100114,100,99523,100,100212,100,99501,100,100317,100,99360,100,100343,100,99320,100,100430,100,99259,100
2019-06-28 09:58:50.000000000,99947,554,99873,554,100024,200,99858,100,100025,100,99809,100,100082,100,99715,100,100103,100,99529,100,100114,100,99523,100,100212,100,99501,100,100317,100,99360,100,100343,100,99320,100,100430,100,99259,100
2019-06-28 09:59:00.000000000,99947,327,99873,327,100024,427,99858,327,100025,100,99809,100,100082,100,99715,100,100103,100,99529,100,100114,100,99523,100,100212,100,99501,100,100317,100,99360,100,100343,100,99320,100,100430,100,99259,100
2019-06-28 09:59:10.000000000,99947,327,99873,327,100024,427,99858,327,100025,100,99809,100,100082,100,99715,100,100103,100,99529,100,100114,100,99523,100,100212,100,99501,100,100317,100,99360,100,100343,100,99320,100,100430,100,99259,100
2019-06-28 09:59:15.201357655,99947,327,99873,327,100024,427,99858,327,100025,100,99809,100,100082,100,99786,100,100103,100,99715,100,100114,100,99529,100,100212,100,99523,100,100317,100,99501,100,100343,100,99360,100,100430,100,99320,100
2019-06-28 09:59:20.000000000,99947,254,99873,254,100024,350,99858,250,100025,250,99809,250,100082,100,99786,100,100103,100,99715,100,100114,100,99529,100,100212,100,99523,100,100317,100,99501,100,100343,100,99360,100,100430,100,99320,100
2019-06-28 09:59:20.113928074,99947,254,99873,254,99964,100,99858,250,100024,350,99809,250,100025,250,99786,100,100082,100,99715,100,100103,100,99529,100,100114,100,99523,100,100212,100,99501,100,100317,100,99360,100,100343,100,99320,100
2019-06-28 09:59:24.027248515,99947,254,99873,254,99964,100,99858,250,100024,350,99809,250,100025,250,99786,100,100082,100,99715,100,100103,100,99586,100,100114,100,99529,100,100212,100,99523,100,100317,100,99501,100,100343,100,99360,100
2019-06-28 09:59:30.000000000,99947,191,99873,191,99964,191,99858,191,100024,291,99809,191,100025,191,99786,191,100082,191,99715,191,100103,100,99586,100,100114,100,99529,100,100212,100,99523,100,100317,100,99501,100,100343,100,99360,100
2019-06-28 09:59:40.000000000,99947,214,99873,214,99964,214,99858,214,100024,314,99809,214,100025,214,99786,214,100082,100,99715,100,100103,100,99586,100,100114,100,99529,100,100212,100,99523,100,100317,100,99501,100,100343,100,99360,100
2019-06-28 09:59:50.000000000,99947,214,99873,214,99964,214,99858,214,100024,314,99809,214,100025,214,99786,214,100082,100,99715,100,100103,100,99586,100,100114,100,99529,100,100212,100,99523,100,100317,100,99501,100,100343,100,99360,100
2019-06-28 10:00:00.000000000,99947,254,99873,254,99964,250,99858,250,100024,350,99809,250,100025,100,99786,100,100082,100,99715,100,100103,100,99586,100,100114,100,99529,100,100212,100,99523,100,100317,100,99501,100,100343,100,99360,100
2019-06-28 10:00:10.000000000,99947,214,99873,214,99964,214,99858,214,100024,314,99809,214,100025,214,99786,214,100082,100,99715,100,100103,100,99586,100,100114,100,99529,100,100212,100,99523,100,100317,100,99501,100,100343,100,99360,100
2019-06-28 10:00:19.069203358,99947,214,99873,114,99964,214,99858,214,100024,314,99809,214,100025,214,99786,214,100082,100,99715,100,100103,100,99586,100,100114,100,99529,100,100212,100,99523,100,100317,100,99501,100,100343,100,99360,100
2019-06-28 10:00:20.000000000,99947,191,99858,191,99964,191,99809,191,100024,291,99786,191,100025,191,99715,191,100082,191,99586,191,100103,100,99529,100,100114,100,99523,100,100212,100,99501,100,100317,100,99360,100,100343,100,99320,100
2019-06-28 10:00:30.000000000,99947,554,99858,554,99964,100,99809,100,100024,200,99786,100,100025,100,99715,100,100082,100,99586,100,100103,100,99529,100,100114,100,99523,100,100212,100,99501,100,100317,100,99360,100,100343,100,99320,100
2019-06-28 10:00:40.000000000,99947,254,99858,254,99964,250,99809,250,100024,350,99786,250,100025,100,99715,100,100082,100,99586,100,100103,100,99529,100,100114,100,99523,100,100212,100,99501,100,100317,100,99360,100,100343,100,99320,100
2019-06-28 10:00:50.000000000,99947,214,99858,214,99964,214,99809,214,100024,314,99786,214,100025,214,99715,214,100082,100,99586,100,100103,100,99529,100,100114,100,99523,100,100212,100,99501,100,100317,100,99360,100,100343,100,99320,100
2019-06-28 10:01:00.000000000,99947,214,99858,214,99964,214,99809,214,100024,314,99786,214,100025,214,99715,214,100082,100,99586,100,100103,100,99529,100,100114,100,99523,100,100212,100,99501,100,100317,100,99360,100,100343,100,99320,100
2019-06-28 10:01:01.470310695,99946,100,99858,214,99947,214,99809,214,99964,214,99786,214,100024,314,99715,214,100025,214,99586,100,100082,100,99529,100,100103,100,99523,100,100114,100,99501,100,100212,100,99360,100,100317,100,99320,100
2019-06-28 10:01:01.710746081,99946,200,99858,214,99947,214,99809,214,99964,214,99786,214,100024,314,99715,214,100025,214,99586,100,100082,100,99529,100,100103,100,99523,100,100114,100,99501,100,100212,100,99360,100,100317,100,99320,100
2019-06-28 10:01:02.387727811,99946,200,99858,114,99947,214,99809,214,99964,214,99786,214,100024,314,99715,114,100025,214,99586,100,100082,100,99529,100,100103,100,99523,100,100114,100,99501,100,100212,100,99360,100,100317,100,99320,100
2019-06-28 10:01:06.423302739,99946,200,99858,114,99947,214,99809,214,99964,214,99786,214,100024,314,99715,114,100025,214,99586,100,100082,100,99529,100,100103,100,99523,100,100114,100,99501,100,100212,100,99360,100,100317,100,99320,100
2019-06-28 10:01:10.000000000,99946,654,99809,554,99947,100,99786,100,99964,100,99586,100,100024,200,99529,100,100025,100,99523,100,100082,100,99501,100,100103,100,99360,100,100114,100,99320,100,100212,100,99259,100,100317,100,99256,100
2019-06-28 10:01:20.000000000,99946,354,99809,254,99947,250,99786,250,99964,250,99586,250,100024,200,99529,100,100025,100,99523,100,100082,100,99501,100,100103,100,99360,100,100114,100,99320,100,100212,100,99259,100,100317,100,99256,100
2019-06-28 10:01:25.107804961,99873,100,99809,254,99946,254,99786,250,99947,250,99586,250,99964,250,99529,100,100024,200,99523,100,100025,100,99501,100,100082,100,99360,100,100103,100,99320,100,100114,100,99259,100,100212,100,99256,100
2019-06-28 10:01:28.721617841,99873,100,99809,154,99946,254,99786,250,99947,250,99586,250,99964,250,99529,100,100024,200,99523,100,100025,100,99501,100,100082,100,99360,100,100103,100,99320,100,100114,100,99259,100,100212,100,99256,100
2019-06-28 10:01:30.000000000,99873,327,99786,327,99946,327,99586,327,99947,100,99529,100,99964,100,99523,100,100024,200,99501,100,100025,100,99360,100,100082,100,99320,100,100103,100,99259,100,100114,100,99256,100,100212,100,99083,100
2019-06-28 10:01:40.000000000,99873,191,99786,191,99946,191,99586,191,99947,191,99529,191,99964,191,99523,191,100024,291,99501,191,100025,100,99360,100,100082,100,99320,100,100103,100,99259,100,100114,100,99256,100,100212,100,99083,100
2019-06-28 10:01:43.241688488,99858,100,99786,191,99873,191,99586,191,99946,191,99529,191,99947,191,99523,191,99964,191,99501,191,100024,291,99360,100,100025,100,99320,100,100082,100,99259,100,100103,100,99256,100,100114,100,99083,100
2019-06-28 10:01:50.000000000,99858,191,99786,191,99873,191,99586,191,99946,191,99529,191,99947,191,99523,191,99964,191,99501,191,100024,200,99360,100,100025,100,99320,100,100082,100,99259,100,100103,100,99256,100,100114,100,99083,100
2019-06-28 10:01:51.606923958,99858,191,99786,191,99873,191,99586,191,99946,191,99529,191,99947,191,99523,191,99964,191,99501,191,100024,200,99360,100,100025,100,99320,100,100082,100,99259,100,100103,100,99256,100,100212,100,99083,100
2019-06-28 10:02:00.000000000,99858,191,99786,191,99873,191,99586,191,99946,191,99529,191,99947,191,99523,191,99964,191,99501,191,100024,200,99360,100,100025,100,99320,100,100082,100,99259,100,100103,100,99256,100,100212,100,99083,100
2019-06-28 10:02:01.906507460,99858,291,99786,191,99873,191,99586,191,99946,191,99529,191,99947,191,99523,191,99964,191,99501,191,100024,200,99360,100,100025,100,99320,100,100082,100,99259,100,100103,100,99256,100,100212,100,99083,100
2019-06-28 10:02:10.000000000,99858,654,99786,554,99873,100,99586,100,99946,100,99529,100,99947,100,99523,100,99964,100,99501,100,100024,200,99360,100,100025,100,99320,100,100082,100,99259,100,100103,100,99256,100,100212,100,99083,100
2019-06-28 10:02:15.256055069,99858,654,99786,454,99873,100,99586,100,99946,100,99529,100,99947,100,99523,100,99964,100,99501,100,100024,200,99360,100,100025,100,99320,100,100082,100,99259,100,100103,100,99256,100,100212,100,99083,100
2019-06-28 10:02:20.000000000,99858,314,99586,214,99873,214,99529,214,99946,214,99523,214,99947,214,99501,214,99964,100,99360,100,100024,200,99320,100,100025,100,99259,100,100082,100,99256,100,100103,100,99083,100,100212,100,98943,100
2019-06-28 10:02:28.324865191,99858,314,99586,214,99873,214,99529,214,99946,214,99523,214,99947,214,99501,214,99964,100,99454,100,100024,200,99360,100,100025,100,99320,100,100082,100,99259,100,100103,100,99256,100,100212,100,99083,100
2019-06-28 10:02:30.000000000,99858,354,99586,254,99873,250,99529,250,99946,250,99523,250,99947,100,99501,100,99964,100,99454,100,100024,200,99360,100,100025,100,99320,100,100082,100,99259,100,100103,100,99256,100,100212,100,99083,100
2019-06-28 10:02:40.000000000,99858,354,99586,254,99873,250,99529,250,99946,250,99523,250,99947,100,99501,100,99964,100,99454,100,100024,200,99360,100,100025,100,99320,100,100082,100,99259,100,100103,100,99256,100,100212,100,99083,100
2019-06-28 10:02:45.755270224,99809,100,99586,254,99858,254,99529,250,99873,250,99523,250,99946,250,99501,100,99947,100,99454,100,99964,100,99360,100,100024,200,99320,100,100025,100,99259,100,100082,100,99256,100,100103,100,99083,100
2019-06-28 10:02:50.000000000,99809,191,99586,191,99858,191,99529,191,99873,191,99523,191,99946,191,99501,191,99947,191,99454,191,99964,100,99360,100,100024,200,99320,100,100025,100,99259,100,100082,100,99256,100,100103,100,99083,100
2019-06-28 10:02:54.303011815,99809,191,99586,91,99858,191,99529,191,99873,191,99523,191,99946,191,99501,191,99947,191,99454,191,99964,100,99360,100,100024,200,99320,100,100025,100,99259,100,100082,100,99256,100,100103,100,99083,100
2019-06-28 10:03:00.000000000,99809,554,99529,554,99858,100,99523,100,99873,100,99501,100,99946,100,99454,100,99947,100,99360,100,99964,100,99320,100,100024,200,99259,100,100025,100,99256,100,100082,100,99083,100,100103,100,98943,100
2019-06-28 10:03:10.000000000,99809,554,99529,554,99858,100,99523,100,99873,100,99501,100,99946,100,99454,100,99947,100,99360,100,99964,100,99320,100,100024,200,99259,100,100025,100,99256,100,100082,100,99083,100,100103,100,98943,100
2019-06-28 10:03:20.000000000,99809,191,99529,191,99858,191,99523,191,99873,191,99501,191,99946,191,99454,191,99947,191,99360,191,99964,100,99320,100,100024,200,99259,100,100025,100,99256,100,100082,100,99083,100,100103,100,98943,100
2019-06-28 10:03:29.459289673,99809,191,99529,91,99858,191,99523,191,99873,191,99501,191,99946,191,99454,191,99947,191,99360,191,99964,100,99320,100,100024,200,99259,100,100025,100,99256,100,100082,100,99083,100,100103,100,98943,100
2019-06-28 10:03:30.000000000,99809,327,99523,327,99858,327,99501,327,99873,100,99454,100,99946,100,99360,100,99947,100,99320,100,99964,100,99259,100,100024,200,99256,100,100025,100,99083,100,100082,100,98943,100,100103,100,98804,100
2019-06-28 10:03:40.000000000,99809,191,99523,191,99858,191,99501,191,99873,191,99454,191,99946,191,99360,191,99947,191,99320,191,99964,100,99259,100,100024,200,99256,100,100025,100,99083,100,100082,100,98943,100,100103,100,98804,100
2019-06-28 10:03:41.995949434,99809,191,99523,191,99858,191,99501,191,99873,191,99454,191,99946,91,99360,191,99947,191,99320,191,99964,100,99259,100,100024,200,99256,100,100025,100,99083,100,100082,100,98943,100,100103,100,98804,100
2019-06-28 10:03:50.000000000,99809,554,99523,554,99858,100,99501,100,99873,100,99454,100,99947,100,99360,100,99964,100,99320,100,100024,200,99259,100,100025,100,99256,100,100082,100,99083,100,100103,100,98943,100,100212,100,98804,100
2019-06-28 10:04:00.000000000,99809,554,99523,554,99858,100,99501,100,99873,100,99454,100,99947,100,99360,100,99964,100,99320,100,100024,200,99259,100,100025,100,99256,100,100082,100,99083,100,100103,100,98943,100,100212,100,98804,100
2019-06-28 10:04:10.000000000,99809,214,99523,214,99858,214,99501,214,99873,214,99454,214,99947,214,99360,214,99964,100,99320,100,100024,200,99259,100,100025,100,99256,100,100082,100,99083,100,100103,100,98943,100,100212,100,98804,100
2019-06-28 10:04:17.599490366,99746,100,99523,214,99809,214,99501,214,99858,214,99454,214,99873,214,99360,214,99947,214,99320,100,99964,100,99259,100,100024,200,99256,100,100025,100,99083,100,100082,100,98943,100,100103,100,98804,100
2019-06-28 10:04:18.338067835,99746,100,99523,214,99809,214,99501,214,99858,214,99454,214,99873,214,99360,214,99947,214,99320,100,99964,100,99259,100,100024,200,99256,100,100025,100,99083,100,100082,100,98943,100,100212,100,98804,100
2019-06-28 10:04:20.000000000,99746,554,99523,554,99809,100,99501,100,99858,100,99454,100,99873,100,99360,100,99947,100,99320,100,99964,100,99259,100,100024,200,99256,100,100025,100,99083,100,100082,100,98943,100,100212,100,98804,100
2019-06-28 10:04:30.000000000,99746,254,99523,254,99809,250,99501,250,99858,250,99454,250,99873,100,99360,100,99947,100,99320,100,99964,100,99259,100,100024,200,99256,100,100025,100,99083,100,100082,100,98943,100,100212,100,98804,100
2019-06-28 10:04:40.000000000,99746,554,99523,554,99809,100,99501,100,99858,100,99454,100,99873,100,99360,100,99947,100,99320,100,99964,100,99259,100,100024,200,99256,100,100025,100,99083,100,100082,100,98943,100,100212,100,98804,100
2019-06-28 10:04:42.174117265,99604,100,99523,554,99746,554,99501,100,99809,100,99454,100,99858,100,99360,100,99873,100,99320,100,99947,100,99259,100,99964,100,99256,100,100024,200,99083,100,100025,100,98943,100,100082,100,98804,100
2019-06-28 10:04:50.000000000,99604,254,99523,254,99746,250,99501,250,99809,250,99454,250,99858,100,99360,100,99873,100,99320,100,99947,100,99259,100,99964,100,99256,100,100024,200,99083,100,100025,100,98943,100,100082,100,98804,100
2019-06-28 10:04:50.825984981,99586,100,99523,254,99604,254,99501,250,99746,250,99454,250,99809,250,99360,100,99858,100,99320,100,99873,100,99259,100,99947,100,99256,100,99964,100,99083,100,100024,200,98943,100,100082,100,98804,100
2019-06-28 10:04:57.863773738,99586,100,99523,254,99604,254,99501,250,99746,250,99454,250,99801,100,99360,100,99809,250,99320,100,99858,100,99259,100,99873,100,99256,100,99947,100,99083,100,99964,100,98943,100,100024,200,98804,100
2019-06-28 10:05:00.000000000,99586,214,99523,214,99604,214,99501,214,99746,214,99454,214,99801,214,99360,214,99809,100,99320,100,99858,100,99259,100,99873,100,99256,100,99947,100,99083,100,99964,100,98943,100,100024,200,98804,100
2019-06-28 10:05:10.000000000,99586,191,99523,191,99604,191,99501,191,99746,191,99454,191,99801,191,99360,191,99809,191,99320,191,99858,100,99259,100,99873,100,99256,100,99947,100,99083,100,99964,100,98943,100,100024,200,98804,100
2019-06-28 10:05:13.499938264,99586,191,99523,191,99604,191,99501,191,99728,100,99454,191,99746,191,99360,191,99801,191,99320,191,99809,191,99259,100,99858,100,99256,100,99873,100,99083,100,99947,100,98943,100,99964,100,98804,100
2019-06-28 10:05:14.719140185,99586,191,99523,191,99604,191,99501,191,99728,100,99454,191,99746,191,99360,191,99755,100,99320,191,99801,191,99259,100,99809,191,99256,100,99858,100,99083,100,99873,100,98943,100,99947,100,98804,100
2019-06-28 10:05:20.000000000,99586,254,99523,254,99604,250,99501,250,99728,250,99454,250,99746,100,99360,100,99755,100,99320,100,99801,100,99259,100,99809,100,99256,100,99858,100,99083,100,99873,100,98943,100,99947,100,98804,100
2019-06-28 10:05:24.288943702,99586,254,99523,254,99604,250,99501,250,99728,250,99454,250,99746,100,99429,100,99755,100,99360,100,99801,100,99320,100,99809,100,99259,100,99858,100,99256,100,99873,100,99083,100,99947,100,98943,100
2019-06-28 10:05:30.000000000,99586,554,99523,554,99604,100,99501,100,99728,100,99454,100,99746,100,99429,100,99755,100,99360,100,99801,100,99320,100,99809,100,99259,100,99858,100,99256,100,99873,100,99083,100,99947,100,98943,100
2019-06-28 10:05:40.000000000,99586,327,99523,327,99604,327,99501,327,99728,100,99454,100,99746,100,99429,100,99755,100,99360,100,99801,100,99320,100,99809,100,99259,100,99858,100,99256,100,99873,100,99083,100,99947,100,98943,100
2019-06-28 10:05:45.248019172,99586,327,99523,327,99604,327,99501,327,99728,100,99454,100,99746,100,99429,100,99755,100,99360,100,99801,100,99320,100,99809,100,99259,100,99858,100,99256,100,99873,100,99083,100,99947,100,98943,100
2019-06-28 10:05:50.000000000,99586,554,99523,554,99604,100,99501,100,99728,100,99454,100,99746,100,99429,100,99755,100,99360,100,99801,100,99320,100,99809,100,99259,100,99858,100,99256,100,99873,100,99083,100,99947,100,98943,100
2019-06-28 10:05:57.208126877,99586,454,99523,554,99604,100,99501,100,99728,100,99454,100,99746,100,99429,100,99755,100,99360,100,99801,100,99320,100,99809,100,99259,100,99858,100,99256,100,99873,100,99083,100,99947,100,98943,100
2019-06-28 10:06:00.000000000,99604,327,99523,327,99728,327,99501,327,99746,100,99454,100,99755,100,99429,100,99801,100,99360,100,99809,100,99320,100,99858,100,99259,100,99873,100,99256,100,99947,100,99083,100,99950,100,98943,100
2019-06-28 10:06:03.947193314,99604,327,99530,100,99728,327,99523,327,99746,100,99501,327,99755,100,99454,100,99801,100,99429,100,99809,100,99360,100,99858,100,99320,100,99873,100,99259,100,99947,100,99256,100,99950,100,99083,100
2019-06-28 10:06:10.000000000,99604,327,99530,327,99728,327,99523,327,99746,100,99501,100,99755,100,99454,100,99801,100,99429,100,99809,100,99360,100,99858,100,99320,100,99873,100,99259,100,99947,100,99256,100,99950,100,99083,100
2019-06-28 10:06:20.000000000,99604,214,99530,214,99728,214,99523,214,99746,214,99501,214,99755,214,99454,214,99801,100,99429,100,99809,100,99360,100,99858,100,99320,100,99873,100,99259,100,99947,100,99256,100,99950,100,99083,100
2019-06-28 10:06:30.000000000,99604,554,99530,554,99728,100,99523,100,99746,100,99501,100,99755,100,99454,100,99801,100,99429,100,99809,100,99360,100,99858,100,99320,100,99873,100,99259,100,99947,100,99256,100,99950,100,99083,100
2019-06-28 10:06:40.000000000,99604,554,99530,554,99728,100,99523,100,99746,100,99501,100,99755,100,99454,100,99801,100,99429,100,99809,100,99360,100,99858,100,99320,100,99873,100,99259,100,99947,100,99256,100,99950,100,99083,100
2019-06-28 10:06:44.431599492,99604,554,99530,554,99728,100,99523,100,99746,100,99501,100,99755,100,99454,100,99801,100,99429,100,99809,100,99415,100,99858,100,99360,100,99873,100,99320,100,99947,100,99259,100,99950,100,99256,100
2019-06-28 10:06:48.250970034,99604,554,99530,554,99728,100,99523,100,99746,100,99501,100,99755,100,99454,100,99801,100,99429,100,99809,100,99415,100,99858,100,99360,100,99873,100,99320,100,99947,100,99259,100,99950,100,99256,100
2019-06-28 10:06:50.000000000,99604,191,99530,191,99728,191,99523,191,99746,191,99501,191,99755,191,99454,191,99801,191,99429,191,99809,100,99415,100,99858,100,99360,100,99873,100,99320,100,99947,100,99259,100,99950,100,99256,100
2019-06-28 10:07:00.000000000,99604,327,99530,327,99728,327,99523,327,99746,100,99501,100,99755,100,99454,100,99801,100,99429,100,99809,100,99415,100,99858,100,99360,100,99873,100,99320,100,99947,100,99259,100,99950,100,99256,100
2019-06-28 10:07:10.000000000,99604,191,99530,191,99728,191,99523,191,99746,191,99501,191,99755,191,99454,191,99801,191,99429,191,99809,100,99415,100,99858,100,99360,100,99873,100,99320,100,99947,100,99259,100,99950,100,99256,100
2019-06-28 10:07:12.520612287,99604,191,99530,191,99728,191,99523,191,99746,191,99501,191,99755,191,99454,191,99801,191,99429,191,99809,100,99415,100,99858,100,99360,100,99873,100,99339,100,99947,100,99320,100,99950,100,99259,100
2019-06-28 10:07:13.745076507,99604,191,99530,191,99687,100,99523,191,99728,191,99501,191,99746,191,99454,191,99755,91,99429,191,99801,191,99415,100,99809,100,99360,100,99858,100,99339,100,99873,100,99320,100,99947,100,99259,100
2019-06-28 10:07:20.000000000,99604,554,99530,554,99687,100,99523,100,99728,100,99501,100,99746,100,99454,100,99801,100,99429,100,99809,100,99415,100,99858,100,99360,100,99873,100,99339,100,99947,100,99320,100,99950,100,99259,100
2019-06-28 10:07:22.326622811,99604,554,99530,554,99687,100,99523,100,99728,100,99501,100,99746,100,99454,100,99801,100,99429,100,99809,100,99415,100,99858,100,99360,100,99873,100,99339,100,99947,100,99320,100,99950,100,99259,100
2019-06-28 10:07:30.000000000,99604,254,99530,254,99687,250,99523,250,99728,250,99501,250,99746,100,99454,100,99801,100,99429,100,99809,100,99415,100,99858,100,99360,100,99873,100,99339,100,99947,100,99320,100,99950,100,99259,100
2019-06-28 10:07:30.311786219,99585,100,99530,154,99604,254,99523,250,99687,250,99501,250,99728,250,99454,100,99746,100,99429,100,99801,100,99415,100,99809,100,99360,100,99858,100,99339,100,99873,100,99320,100,99947,100,99259,100
2019-06-28 10:07:31.411746905,99585,100,99530,254,99604,254,99523,250,99687,250,99501,250,99728,250,99454,100,99746,100,99429,100,99801,100,99415,100,99809,100,99360,100,99858,100,99339,100,99873,100,99320,100,99947,100,99259,100
2019-06-28 10:07:40.000000000,99585,254,99530,254,99604,250,99523,250,99687,250,99501,250,99728,100,99454,100,99746,100,99429,100,99801,100,99415,100,99809,100,99360,100,99858,100,99339,100,99873,100,99320,100,99947,100,99259,100
2019-06-28 10:07:41.651547086,99585,254,99530,254,99604,250,99523,250,99618,100,99501,250,99687,250,99429,100,99728,100,99415,100,99746,100,99360,100,99801,100,99339,100,99809,100,99320,100,99858,100,99259,100,99873,100,99256,100
2019-06-28 10:07:50.000000000,99585,327,99530,327,99604,327,99523,327,99618,100,99501,100,99687,100,99429,100,99728,100,99415,100,99746,100,99360,100,99801,100,99339,100,99809,100,99320,100,99858,100,99259,100,99873,100,99256,100
2019-06-28 10:08:00.000000000,99585,327,99530,327,99604,327,99523,327,99618,100,99501,100,99687,100,99429,100,99728,100,99415,100,99746,100,99360,100,99801,100,99339,100,99809,100,99320,100,99858,100,99259,100,99873,100,99256,100
2019-06-28 10:08:03.529065094,99549,100,99530,327,99585,327,99523,327,99604,327,99501,100,99618,100,99429,100,99687,100,99415,100,99728,100,99360,100,99746,100,99339,100,99801,100,99320,100,99809,100,99259,100,99858,100,99256,100
2019-06-28 10:08:10.000000000,99549,254,99530,254,99585,250,99523,250,99604,250,99501,250,99618,100,99429,100,99687,100,99415,100,99728,100,99360,100,99746,100,99339,100,99801,100,99320,100,99809,100,99259,100,99858,100,99256,100
2019-06-28 10:08:10.395802874,99549,254,99530,254,99585,250,99523,250,99588,100,99501,250,99604,250,99429,100,99618,100,99415,100,99687,100,99360,100,99728,100,99339,100,99746,100,99320,100,99801,100,99259,100,99809,100,99256,100
2019-06-28 10:08:10.668365318,99549,254,99530,254,99585,250,99523,250,99588,100,99501,250,99604,250,99429,100,99618,100,99415,100,99687,100,99360,100,99728,100,99339,100,99746,100,99320,100,99801,100,99259,100,99809,100,99256,100
2019-06-28 10:08:11.472383906,99549,254,99530,254,99585,250,99523,250,99588,100,99501,250,99604,250,99429,100,99618,100,99415,100,99687,100,99360,100,99728,100,99339,100,99746,100,99320,100,99801,100,99259,100,99809,100,99256,100
2019-06-28 10:08:20.000000000,99549,191,99530,191,99585,191,99523,191,99588,191,99501,191,99604,191,99429,191,99618,191,99415,191,99687,100,99360,100,99728,100,99339,100,99746,100,99320,100,99801,100,99259,100,99809,100,99256,100
2019-06-28 10:08:25.739661550,99549,91,99530,191,99585,191,99523,191,99588,191,99501,191,99604,191,99429,191,99618,191,99415,191,99687,100,99360,100,99728,100,99320,100,99746,100,99259,100,99801,100,99256,100,99809,100,99083,100
2019-06-28 10:08:29.836771379,99549,91,99530,191,99585,191,99523,191,99588,191,99501,191,99604,191,99429,191,99618,191,99415,191,99687,100,99360,100,99728,100,99320,100,99746,100,99259,100,99770,100,99256,100,99801,100,99083,100
2019-06-28 10:08:30.000000000,99585,554,99530,554,99588,100,99523,100,99604,100,99501,100,99618,100,99429,100,99687,100,99415,100,99728,100,99360,100,99746,100,99320,100,99770,100,99259,100,99801,100,99256,100,99809,100,99083,100
