,ask_price_1,ask_size_1,bid_price_1,bid_size_1,ask_price_2,ask_size_2,bid_price_2,bid_size_2,ask_price_3,ask_size_3,bid_price_3,bid_size_3,ask_price_4,ask_size_4,bid_price_4,bid_size_4,ask_price_5,ask_size_5,bid_price_5,bid_size_5,ask_price_6,ask_size_6,bid_price_6,bid_size_6,ask_price_7,ask_size_7,bid_price_7,bid_size_7,ask_price_8,ask_size_8,bid_price_8,bid_size_8,ask_price_9,ask_size_9,bid_price_9,bid_size_9,ask_price_10,ask_size_10,bid_price_10,bid_size_10
2019-06-28 09:30:00.000000000,,,99968,100,,,99951,100,,,,,,,,,,,,,,,,,,,,,,,,,,,,,,,,
2019-06-28 09:30:00.000000002,,,99968,100,,,99962,100,,,99951,100,,,,,,,,,,,,,,,,,,,,,,,,,,,,
2019-06-28 09:30:00.000000005,,,99994,100,,,99968,100,,,99965,100,,,99962,100,,,99951,100,,,,,,,,,,,,,,,,,,,,
2019-06-28 09:30:00.000000008,,,99994,100,,,99968,100,,,99965,100,,,99962,100,,,99951,100,,,99833,100,,,,,,,,,,,,,,,,
2019-06-28 09:30:00.000000009,,,99994,100,,,99968,100,,,99965,100,,,99962,100,,,99951,200,,,99833,100,,,,,,,,,,,,,,,,
2019-06-28 09:30:00.000000011,100121,100,99994,100,,,99970,100,,,99968,100,,,99965,100,,,99962,100,,,99951,200,,,99904,100,,,99902,100,,,99833,100,,,,
2019-06-28 09:30:00.000000013,100121,100,99970,100,,,99968,100,,,99965,100,,,99962,100,,,99951,200,,,99904,100,,,99902,100,,,99833,100,,,,,,,,
2019-06-28 09:30:00.000000014,99996,100,99970,100,100121,100,99968,100,,,99965,100,,,99962,100,,,99951,200,,,99904,100,,,99902,100,,,99833,100,,,,,,,,
2019-06-28 09:30:00.000000016,99996,100,99970,100,100121,100,99968,100,,,99965,100,,,99962,200,,,99951,200,,,99904,100,,,99902,100,,,99833,100,,,,,,,,
2019-06-28 09:30:00.000000020,99996,100,99970,100,100121,100,99968,100,,,99965,100,,,99962,200,,,99951,200,,,99904,100,,,99902,100,,,99885,100,,,99833,100,,,,
2019-06-28 09:30:00.000000022,99996,100,99970,100,100032,100,99968,100,100121,100,99965,100,,,99962,200,,,99951,200,,,99945,100,,,99904,100,,,99902,100,,,99893,100,,,99885,100
2019-06-28 09:30:00.000000025,99996,100,99970,100,100032,100,99968,100,100121,100,99965,100,,,99962,200,,,99951,200,,,99945,100,,,99904,100,,,99902,100,,,99893,100,,,99888,100
2019-06-28 09:30:00.000000026,99996,100,99970,100,100032,100,99968,100,100121,100,99965,100,,,99962,300,,,99951,200,,,99945,100,,,99904,100,,,99902,100,,,99893,100,,,99888,100
2019-06-28 09:30:00.000000027,99996,100,99970,100,100032,100,99968,100,100121,100,99965,100,,,99962,300,,,99951,200,,,99945,100,,,99917,100,,,99904,100,,,99902,100,,,99893,100
2019-06-28 09:30:00.000000031,99996,100,99970,100,100029,100,99968,100,100032,100,99965,100,100038,100,99962,300,100121,100,99951,200,,,99945,100,,,99917,100,,,99904,100,,,99902,100,,,99893,100
2019-06-28 09:30:00.000000032,99996,100,99970,100,100029,100,99968,100,100032,100,99965,100,100038,100,99962,300,100121,100,99951,200,,,99945,100,,,99935,100,,,99917,100,,,99904,100,,,99902,100
2019-06-28 09:30:00.000000038,99996,100,99970,100,100006,100,99968,100,100029,100,99965,100,100032,100,99962,300,100038,100,99951,200,100121,100,99945,100,,,99935,100,,,99917,100,,,99904,100,,,99902,100
2019-06-28 09:30:00.000000040,99996,100,99970,100,100006,100,99968,100,100029,100,99965,100,100032,100,99962,300,100038,100,99960,100,100121,100,99951,200,,,99945,100,,,99935,100,,,99917,100,,,99904,100
2019-06-28 09:30:00.000000041,100006,100,99979,100,100029,100,99970,100,100032,100,99968,100,100038,100,99965,100,100121,100,99962,300,,,99960,100,,,99951,200,,,99945,100,,,99935,100,,,99917,100
2019-06-28 09:30:00.000000044,99996,100,99979,100,100006,100,99970,100,100029,100,99968,100,100032,100,99965,100,100038,100,99962,300,100083,100,99960,100,100121,100,99951,200,,,99945,100,,,99935,100,,,99917,100
2019-06-28 09:30:00.000000045,99996,100,99979,100,100006,100,99970,100,100028,100,99968,100,100029,100,99965,100,100032,100,99962,300,100038,100,99960,100,100083,100,99951,200,100121,100,99945,100,100133,100,99935,100,,,99917,100
2019-06-28 09:30:00.000000046,99996,100,99985,100,100006,100,99979,100,100028,100,99970,100,100029,100,99968,100,100032,100,99965,100,100038,100,99962,300,100083,100,99960,100,100121,100,99951,200,100133,100,99945,100,,,99935,100
2019-06-28 09:30:00.000000047,99996,100,99985,100,100006,100,99979,100,100028,100,99970,100,100029,100,99968,100,100032,100,99965,100,100038,100,99962,300,100083,100,99960,100,100121,100,99951,200,100133,100,99945,100,,,99935,100
2019-06-28 09:30:00.000000051,99996,100,99994,100,100006,100,99985,100,100028,100,99979,100,100029,100,99970,100,100032,100,99968,100,100038,100,99965,100,100082,100,99962,300,100083,100,99960,100,100121,100,99951,200,100133,100,99945,100
2019-06-28 09:30:00.000000052,99996,100,99994,200,100006,100,99985,100,100028,100,99979,100,100029,100,99970,100,100032,100,99968,100,100038,100,99965,100,100082,100,99962,300,100083,100,99960,100,100121,100,99951,200,100133,100,99945,100
2019-06-28 09:30:00.000000054,99996,100,99994,300,100006,100,99985,100,100028,100,99979,100,100029,100,99970,100,100032,100,99968,100,100038,100,99965,100,100048,100,99962,300,100082,100,99960,100,100083,100,99951,200,100121,100,99945,100
2019-06-28 09:30:00.000000059,99996,100,99994,300,100006,100,99985,100,100028,100,99979,100,100029,100,99970,100,100032,100,99968,100,100038,100,99965,100,100048,100,99962,300,100082,100,99960,100,100083,100,99951,200,100121,100,99945,100
2019-06-28 09:30:00.000000062,99996,100,99994,200,100006,100,99985,100,100028,100,99979,100,100029,100,99970,100,100032,100,99968,100,100038,100,99965,100,100048,100,99962,300,100082,100,99960,100,100083,100,99951,200,100121,100,99945,100
2019-06-28 09:30:00.000000063,99995,100,99994,200,99996,100,99985,100,100006,100,99979,100,100028,100,99970,100,100029,100,99968,100,100032,100,99965,100,100038,100,99962,300,100048,100,99960,100,100082,100,99951,200,100083,100,99945,100
2019-06-28 09:30:00.000000065,99995,100,99994,200,99996,100,99985,100,100006,100,99979,100,100028,100,99970,100,100029,100,99968,100,100032,100,99965,100,100038,100,99962,300,100048,100,99960,100,100072,100,99951,200,100082,100,99945,100
2019-06-28 09:30:00.000000068,99995,100,99994,200,99996,100,99985,100,100006,100,99979,100,100028,100,99970,100,100029,100,99968,100,100032,100,99965,100,100038,100,99962,300,100048,100,99960,100,100061,100,99951,200,100072,100,99945,100
2019-06-28 09:30:00.000000069,99995,100,99994,200,99996,100,99985,100,100006,100,99979,100,100011,100,99970,100,100028,100,99968,100,100029,100,99965,100,100032,100,99962,300,100038,100,99960,100,100048,100,99951,200,100061,100,99945,100
2019-06-28 09:30:00.000000071,99996,100,99994,200,100006,100,99985,100,100011,100,99979,100,100028,100,99970,100,100029,100,99968,100,100032,100,99965,100,100038,100,99962,300,100048,100,99960,100,100061,100,99951,200,100072,100,99945,100
2019-06-28 09:30:00.000000072,99996,100,99994,200,100006,100,99985,100,100011,100,99979,100,100028,100,99970,100,100029,100,99968,100,100032,100,99965,100,100038,100,99962,300,100048,100,99960,100,100061,100,99951,200,100072,100,99945,200
2019-06-28 09:30:00.000000075,99996,100,99995,100,100006,100,99994,200,100011,100,99985,100,100028,100,99979,100,100029,100,99970,100,100032,100,99968,100,100038,100,99965,100,100048,100,99962,300,100061,100,99960,100,100072,100,99951,200
2019-06-28 09:30:00.000000076,99996,100,99995,100,100006,100,99994,200,100011,100,99985,100,100028,100,99979,100,100029,100,99970,100,100032,100,99968,100,100038,100,99965,100,100048,100,99962,300,100061,100,99960,100,100072,100,99951,200
2019-06-28 09:30:00.000000078,99996,100,99995,100,100006,100,99994,200,100011,100,99985,100,100028,100,99979,200,100029,100,99970,100,100032,100,99968,100,100038,100,99965,100,100048,100,99962,300,100061,100,99960,100,100072,100,99951,200
2019-06-28 09:30:00.000000080,99996,200,99995,100,100006,100,99994,200,100011,100,99985,100,100028,100,99979,200,100029,100,99970,100,100032,100,99968,100,100038,100,99965,100,100048,100,99962,300,100061,100,99960,100,100072,100,99951,200
2019-06-28 09:30:00.000000084,99996,200,99994,200,100006,100,99985,100,100011,100,99979,200,100028,100,99970,100,100029,100,99968,100,100032,100,99965,100,100038,100,99962,300,100048,100,99960,100,100061,100,99952,100,100072,100,99951,200
2019-06-28 09:30:00.000000085,99996,100,99994,200,100006,100,99985,100,100011,100,99979,200,100028,100,99970,100,100029,100,99968,100,100032,100,99965,100,100038,100,99962,300,100048,100,99960,100,100061,100,99952,100,100065,100,99951,200
2019-06-28 09:30:00.000000088,99996,100,99995,100,100006,100,99994,200,100011,100,99985,100,100028,100,99979,200,100029,100,99970,100,100032,100,99968,100,100038,100,99965,100,100048,100,99962,300,100061,100,99960,100,100065,100,99952,100
2019-06-28 09:30:00.000000091,100006,100,99995,100,100011,100,99994,200,100028,100,99985,100,100029,100,99983,100,100032,100,99979,200,100038,100,99970,100,100048,100,99968,100,100061,100,99965,100,100065,100,99962,300,100072,100,99960,100
2019-06-28 09:30:00.000000093,100006,100,99995,100,100011,100,99994,200,100028,100,99985,100,100029,100,99983,100,100032,100,99979,200,100038,100,99970,100,100048,100,99968,100,100061,100,99965,100,100065,100,99962,300,100072,100,99960,100
2019-06-28 09:30:00.000000094,100006,100,99995,100,100011,100,99994,200,100028,100,99985,100,100029,100,99983,100,100032,100,99979,200,100038,100,99970,100,100048,100,99968,100,100061,100,99965,100,100065,100,99962,300,100072,100,99960,100
2019-06-28 09:30:00.000000095,100006,100,99995,100,100011,100,99994,200,100028,100,99985,100,100029,100,99983,100,100032,100,99979,200,100038,100,99970,100,100048,100,99968,100,100061,100,99965,100,100065,100,99962,300,100072,100,99960,100
2019-06-28 09:30:10.000000000,100006,202,99995,202,100011,202,99994,302,100028,202,99985,202,100029,202,99983,202,100032,100,99979,200,100038,100,99970,100,100048,100,99968,100,100061,100,99965,100,100065,100,99962,300,100072,100,99960,100
2019-06-28 09:30:10.111703998,100006,202,99995,102,100011,202,99994,302,100028,202,99985,202,100029,202,99983,202,100032,100,99979,200,100038,100,99970,100,100048,100,99968,100,100061,100,99965,100,100065,100,99962,300,100072,100,99960,100
2019-06-28 09:30:20.000000000,100006,202,99994,302,100011,202,99985,202,100028,202,99983,202,100029,202,99979,302,100032,100,99970,100,100038,100,99968,100,100048,100,99965,100,100061,100,99962,300,100065,100,99960,100,100072,100,99953,100
2019-06-28 09:30:20.774639779,100006,202,99994,302,100011,202,99985,202,100028,202,99983,202,100029,202,99979,302,100032,100,99970,100,100038,100,99968,100,100048,100,99965,100,100061,100,99962,300,100065,100,99960,100,100072,100,99953,100
2019-06-28 09:30:24.875649067,99996,100,99994,302,100006,202,99985,202,100011,202,99983,202,100028,202,99979,302,100029,202,99970,100,100032,100,99968,100,100038,100,99965,100,100048,100,99962,300,100061,100,99960,100,100065,100,99953,100
2019-06-28 09:30:30.000000000,99996,182,99994,282,100006,182,99985,182,100011,182,99983,182,100028,182,99979,282,100029,182,99970,182,100032,100,99968,100,100038,100,99965,100,100048,100,99962,300,100061,100,99960,100,100065,100,99953,100
2019-06-28 09:30:40.000000000,99996,304,99994,404,100006,304,99985,304,100011,100,99983,100,100028,100,99979,200,100029,100,99970,100,100032,100,99968,100,100038,100,99965,100,100048,100,99962,300,100061,100,99960,100,100065,100,99953,100
2019-06-28 09:30:44.246802351,99996,304,99994,404,100006,304,99985,304,100011,100,99983,100,100028,100,99979,100,100029,100,99970,100,100032,100,99968,100,100037,100,99965,100,100038,100,99962,300,100048,100,99960,100,100061,100,99953,100
2019-06-28 09:30:50.000000000,99996,239,99994,339,100006,235,99985,235,100011,235,99983,235,100028,100,99979,100,100029,100,99970,100,100032,100,99968,100,100037,100,99965,100,100038,100,99962,300,100048,100,99960,100,100061,100,99953,100
2019-06-28 09:31:00.000000000,99996,508,99994,608,100006,100,99985,100,100011,100,99983,100,100028,100,99979,100,100029,100,99970,100,100032,100,99968,100,100037,100,99965,100,100038,100,99962,300,100048,100,99960,100,100061,100,99953,100
2019-06-28 09:31:10.000000000,99996,202,99994,302,100006,202,99985,202,100011,202,99983,202,100028,202,99979,202,100029,100,99970,100,100032,100,99968,100,100037,100,99965,100,100038,100,99962,300,100048,100,99960,100,100061,100,99953,100
2019-06-28 09:31:10.445270022,99996,102,99994,302,100006,202,99985,202,100011,202,99983,202,100028,202,99979,202,100029,100,99970,100,100032,100,99968,100,100037,100,99962,300,100038,100,99960,100,100048,100,99953,100,100061,100,99952,100
2019-06-28 09:31:13.067114670,99995,100,99994,302,99996,102,99985,202,100006,202,99983,202,100011,202,99979,202,100028,202,99970,100,100029,100,99968,100,100032,100,99962,300,100037,100,99960,100,100038,100,99953,100,100048,100,99952,100
2019-06-28 09:31:14.905502636,99996,102,99994,302,100006,202,99985,202,100011,202,99983,202,100028,202,99979,202,100029,100,99970,100,100032,100,99968,100,100037,100,99962,300,100038,100,99960,100,100048,100,99953,100,100061,100,99952,100
2019-06-28 09:31:20.000000000,100006,182,99994,282,100011,182,99985,182,100028,182,99983,182,100029,182,99979,182,100032,182,99970,182,100037,100,99968,100,100038,100,99962,300,100048,100,99960,100,100061,100,99953,100,100065,100,99952,100
2019-06-28 09:31:22.672382254,100006,82,99994,282,100011,182,99985,182,100028,182,99983,182,100029,182,99979,182,100032,182,99970,182,100037,100,99968,100,100038,100,99962,300,100048,100,99960,100,100061,100,99953,100,100065,100,99952,100
2019-06-28 09:31:23.497503446,100006,82,99994,182,100011,182,99985,182,100028,182,99983,182,100029,182,99979,182,100032,182,99970,82,100037,100,99968,100,100038,100,99962,300,100048,100,99960,100,100061,100,99953,100,100065,100,99952,100
2019-06-28 09:31:30.000000000,100011,304,99994,304,100028,304,99985,304,100029,100,99983,100,100032,100,99979,100,100037,100,99968,100,100038,100,99962,300,100048,100,99960,100,100061,100,99953,100,100065,100,99952,100,100072,100,99951,200
2019-06-28 09:31:39.454523451,100011,304,99994,304,100028,304,99985,304,100029,100,99983,100,100032,100,99979,100,100037,100,99968,100,100038,100,99962,300,100048,100,99960,100,100061,100,99953,100,100072,100,99952,100,100073,100,99951,200
2019-06-28 09:31:39.850415745,100011,304,99995,100,100028,304,99994,304,100029,100,99985,304,100032,100,99983,100,100037,100,99979,100,100038,100,99968,100,100048,100,99962,300,100061,100,99960,100,100072,100,99953,100,100073,100,99952,100
2019-06-28 09:31:40.000000000,100011,304,99995,304,100028,304,99994,304,100029,100,99985,100,100032,100,99983,100,100037,100,99979,100,100038,100,99968,100,100048,100,99962,300,100061,100,99960,100,100072,100,99953,100,100073,100,99952,100
2019-06-28 09:31:50.000000000,100011,182,99995,182,100028,182,99994,182,100029,182,99985,182,100032,182,99983,182,100037,182,99979,182,100038,100,99968,100,100048,100,99962,300,100061,100,99960,100,100072,100,99953,100,100073,100,99952,100
2019-06-28 09:31:50.090053191,100011,182,99995,282,100028,182,99994,182,100029,182,99985,182,100032,182,99983,182,100037,182,99979,182,100038,100,99968,100,100048,100,99962,300,100061,100,99960,100,100072,100,99953,100,100073,100,99952,100
2019-06-28 09:31:52.928596642,100011,182,99995,182,100028,182,99994,182,100029,182,99985,182,100032,182,99983,182,100037,182,99979,182,100038,100,99968,100,100048,100,99962,300,100061,100,99960,100,100072,100,99953,100,100073,100,99952,100
2019-06-28 09:31:53.649799803,100002,100,99995,182,100011,182,99994,182,100028,182,99985,182,100029,182,99983,182,100032,182,99979,182,100037,182,99968,100,100038,100,99962,300,100048,100,99960,100,100061,100,99953,100,100072,100,99952,100
2019-06-28 09:32:00.000000000,100002,182,99995,182,100011,182,99994,182,100028,182,99985,182,100029,182,99983,182,100032,182,99979,182,100037,100,99968,100,100038,100,99962,300,100048,100,99960,100,100061,100,99953,100,100072,100,99952,100
2019-06-28 09:32:10.000000000,100002,304,99995,304,100011,304,99994,304,100028,100,99985,100,100029,100,99983,100,100032,100,99979,100,100037,100,99968,100,100038,100,99962,300,100048,100,99960,100,100061,100,99953,100,100072,100,99952,100
2019-06-28 09:32:20.000000000,100002,304,99995,304,100011,304,99994,304,100028,100,99985,100,100029,100,99983,100,100032,100,99979,100,100037,100,99968,100,100038,100,99962,300,100048,100,99960,100,100061,100,99953,100,100072,100,99952,100
2019-06-28 09:32:30.000000000,100002,202,99995,202,100011,202,99994,202,100028,202,99985,202,100029,202,99983,202,100032,100,99979,100,100037,100,99968,100,100038,100,99962,300,100048,100,99960,100,100061,100,99953,100,100072,100,99952,100
2019-06-28 09:32:40.000000000,100002,239,99995,239,100011,235,99994,235,100028,235,99985,235,100029,100,99983,100,100032,100,99979,100,100037,100,99968,100,100038,100,99962,300,100048,100,99960,100,100061,100,99953,100,100072,100,99952,100
2019-06-28 09:32:50.000000000,100002,304,99995,304,100011,304,99994,304,100028,100,99985,100,100029,100,99983,100,100032,100,99979,100,100037,100,99968,100,100038,100,99962,300,100048,100,99960,100,100061,100,99953,100,100072,100,99952,100
2019-06-28 09:32:52.326079844,100002,304,99995,304,100011,304,99994,304,100028,100,99985,100,100029,100,99983,100,100032,100,99979,100,100037,100,99968,100,100038,100,99962,300,100048,100,99960,100,100061,100,99953,100,100072,100,99952,100
2019-06-28 09:32:54.778263193,100002,304,99995,304,100011,204,99994,304,100028,100,99985,100,100029,100,99983,100,100032,100,99979,100,100037,100,99968,100,100038,100,99962,300,100048,100,99960,100,100061,100,99953,100,100072,100,99952,100
2019-06-28 09:33:00.000000000,100002,202,99995,202,100028,202,99994,202,100029,202,99985,202,100032,202,99983,202,100037,100,99979,100,100038,100,99968,100,100048,100,99962,300,100061,100,99960,100,100072,100,99953,100,100073,100,99952,100
2019-06-28 09:33:07.747837322,100002,202,99995,202,100028,202,99994,202,100029,202,99985,202,100032,202,99983,202,100037,100,99979,100,100038,100,99968,100,100048,100,99962,300,100061,100,99961,100,100072,100,99960,100,100073,100,99953,100
2019-06-28 09:33:10.000000000,100002,304,99995,304,100028,304,99994,304,100029,100,99985,100,100032,100,99983,100,100037,100,99979,100,100038,100,99968,100,100048,100,99962,300,100061,100,99961,100,100072,100,99960,100,100073,100,99953,100
2019-06-28 09:33:12.693811277,100002,304,99995,304,100028,304,99994,304,100029,100,99985,100,100032,100,99979,100,100037,100,99968,100,100038,100,99962,300,100048,100,99961,100,100061,100,99960,100,100072,100,99953,100,100073,100,99952,100
2019-06-28 09:33:20.000000000,100002,239,99995,239,100028,235,99994,235,100029,235,99985,235,100032,100,99979,100,100037,100,99968,100,100038,100,99962,300,100048,100,99961,100,100061,100,99960,100,100072,100,99953,100,100073,100,99952,100
2019-06-28 09:33:21.370333502,100002,239,99995,239,100028,235,99994,235,100029,235,99985,235,100032,100,99979,100,100037,100,99968,100,100038,100,99962,300,100048,100,99961,100,100061,100,99960,100,100072,100,99953,100,100073,100,99952,100
2019-06-28 09:33:30.000000000,100002,182,99995,182,100028,182,99994,182,100029,182,99985,182,100032,182,99979,182,100037,182,99968,182,100038,100,99962,300,100048,100,99961,100,100061,100,99960,100,100072,100,99953,100,100073,100,99952,100
2019-06-28 09:33:30.039433912,100002,182,99995,182,100028,182,99994,182,100029,182,99985,182,100032,182,99979,182,100037,182,99968,182,100038,100,99962,300,100048,100,99961,100,100061,100,99960,100,100072,100,99953,100,100073,100,99952,100
2019-06-28 09:33:30.849413581,100002,82,99995,182,100028,182,99994,182,100029,182,99985,182,100032,182,99979,182,100037,182,99968,182,100038,100,99962,300,100048,100,99961,100,100061,100,99960,100,100072,100,99953,100,100073,100,99952,100
2019-06-28 09:33:33.296887219,100002,82,99996,100,100028,182,99995,82,100029,182,99994,182,100032,182,99985,182,100037,182,99979,182,100038,100,99968,182,100048,100,99962,300,100061,100,99961,100,100072,100,99960,100,100073,100,99953,100
2019-06-28 09:33:40.000000000,100028,202,99996,202,100029,202,99994,202,100032,202,99985,202,100037,202,99979,202,100038,100,99968,100,100048,100,99962,300,100061,100,99961,100,100072,100,99960,100,100073,100,99953,100,100080,100,99952,100
2019-06-28 09:33:40.103770465,100028,202,99996,302,100029,202,99994,202,100032,202,99985,202,100037,202,99979,202,100038,100,99968,100,100048,100,99962,300,100061,100,99961,100,100072,100,99960,100,100073,100,99953,100,100080,100,99952,100
2019-06-28 09:33:45.865570045,100028,102,99996,302,100029,202,99994,202,100032,202,99985,202,100037,202,99979,202,100038,100,99968,100,100048,100,99962,300,100061,100,99961,100,100072,100,99960,100,100073,100,99953,100,100080,100,99952,100
2019-06-28 09:33:50.000000000,100029,508,99996,608,100032,100,99994,100,100037,100,99985,100,100038,100,99979,100,100048,100,99968,100,100061,100,99962,300,100072,100,99961,100,100073,100,99960,100,100080,100,99953,100,100083,200,99952,100
2019-06-28 09:33:58.395953550,100029,408,99996,608,100032,100,99994,100,100037,100,99985,100,100038,100,99979,100,100048,100,99968,100,100061,100,99962,300,100072,100,99961,100,100073,100,99960,100,100080,100,99953,100,100083,200,99952,100
2019-06-28 09:34:00.000000000,100032,508,99996,608,100037,100,99994,100,100038,100,99985,100,100048,100,99979,100,100061,100,99968,100,100072,100,99962,300,100073,100,99961,100,100080,100,99960,100,100083,200,99953,100,100115,100,99952,100
2019-06-28 09:34:03.406091523,100032,508,99996,608,100037,100,99994,100,100038,100,99985,100,100048,100,99979,100,100061,100,99968,100,100072,100,99962,300,100073,100,99961,100,100080,100,99960,100,100083,200,99953,100,100115,100,99952,100
2019-06-28 09:34:10.000000000,100032,239,99996,339,100037,235,99994,235,100038,235,99985,235,100048,100,99979,100,100061,100,99968,100,100072,100,99962,300,100073,100,99961,100,100080,100,99960,100,100083,200,99953,100,100115,100,99952,100
2019-06-28 09:34:20.000000000,100032,508,99996,608,100037,100,99994,100,100038,100,99985,100,100048,100,99979,100,100061,100,99968,100,100072,100,99962,300,100073,100,99961,100,100080,100,99960,100,100083,200,99953,100,100115,100,99952,100
2019-06-28 09:34:30.000000000,100032,202,99996,302,100037,202,99994,202,100038,202,99985,202,100048,202,99979,202,100061,100,99968,100,100072,100,99962,300,100073,100,99961,100,100080,100,99960,100,100083,200,99953,100,100115,100,99952,100
2019-06-28 09:34:40.000000000,100032,239,99996,339,100037,235,99994,235,100038,235,99985,235,100048,100,99979,100,100061,100,99968,100,100072,100,99962,300,100073,100,99961,100,100080,100,99960,100,100083,200,99953,100,100115,100,99952,100
2019-06-28 09:34:44.896555369,100032,239,99996,339,100037,235,99994,235,100038,235,99985,235,100048,100,99979,100,100061,100,99968,100,100072,100,99962,300,100073,100,99961,100,100080,100,99960,100,100083,200,99953,100,100115,100,99952,100
2019-06-28 09:34:47.297409057,100032,239,99996,339,100037,235,99994,235,100038,235,99985,235,100048,100,99979,100,100061,100,99968,100,100072,100,99962,300,100073,100,99961,100,100080,100,99953,100,100083,200,99952,100,100115,100,99951,200
2019-06-28 09:34:50.000000000,100032,508,99996,608,100037,100,99994,100,100038,100,99985,100,100048,100,99979,100,100061,100,99968,100,100072,100,99962,300,100073,100,99961,100,100080,100,99953,100,100083,200,99952,100,100115,100,99951,200
2019-06-28 09:34:56.927963681,100032,508,99996,608,100037,100,99994,100,100038,100,99985,100,100048,100,99968,100,100061,100,99962,300,100072,100,99961,100,100073,100,99953,100,100080,100,99952,100,100083,200,99951,200,100115,100,99945,100
2019-06-28 09:35:00.000000000,100032,508,99996,608,100037,100,99994,100,100038,100,99985,100,100048,100,99968,100,100061,100,99962,300,100072,100,99961,100,100073,100,99953,100,100080,100,99952,100,100083,200,99951,200,100115,100,99945,100
2019-06-28 09:35:10.000000000,100032,239,99996,339,100037,235,99994,235,100038,235,99985,235,100048,100,99968,100,100061,100,99962,300,100072,100,99961,100,100073,100,99953,100,100080,100,99952,100,100083,200,99951,200,100115,100,99945,100
2019-06-28 09:35:18.824872380,100032,239,99996,239,100037,235,99994,235,100038,235,99985,235,100048,100,99968,100,100061,100,99962,300,100072,100,99961,100,100073,100,99953,100,100080,100,99952,100,100083,200,99951,200,100115,100,99945,100
2019-06-28 09:35:20.000000000,100032,304,99996,304,100037,304,99994,304,100038,100,99985,100,100048,100,99968,100,100061,100,99962,300,100072,100,99961,100,100073,100,99953,100,100080,100,99952,100,100083,200,99951,200,100115,100,99945,100
2019-06-28 09:35:30.000000000,100032,239,99996,239,100037,235,99994,235,100038,235,99985,235,100048,100,99968,100,100061,100,99962,300,100072,100,99961,100,100073,100,99953,100,100080,100,99952,100,100083,200,99951,200,100115,100,99945,100
2019-06-28 09:35:39.802412970,100028,100,99996,239,100032,239,99994,235,100037,235,99985,235,100038,235,99968,100,100048,100,99962,300,100061,100,99961,100,100072,100,99953,100,100073,100,99952,100,100080,100,99951,200,100083,200,99945,100
2019-06-28 09:35:40.000000000,100028,182,99996,182,100032,182,99994,182,100037,182,99985,182,100038,182,99968,182,100048,182,99962,382,100061,100,99961,100,100072,100,99953,100,100073,100,99952,100,100080,100,99951,200,100083,200,99945,100
2019-06-28 09:35:44.077694570,100028,182,99996,182,100032,182,99994,182,100037,182,99985,182,100038,182,99968,182,100048,182,99962,382,100061,100,99961,100,100072,100,99953,100,100073,100,99952,100,100080,100,99951,200,100083,100,99945,100
2019-06-28 09:35:50.000000000,100028,508,99996,508,100032,100,99994,100,100037,100,99985,100,100038,100,99968,100,100048,100,99962,300,100061,100,99961,100,100072,100,99953,100,100073,100,99952,100,100080,100,99951,200,100083,100,99945,100
2019-06-28 09:36:00.000000000,100028,202,99996,202,100032,202,99994,202,100037,202,99985,202,100038,202,99968,202,100048,100,99962,300,100061,100,99961,100,100072,100,99953,100,100073,100,99952,100,100080,100,99951,200,100083,100,99945,100
2019-06-28 09:36:09.722815606,100028,202,99996,102,100032,202,99994,202,100037,202,99985,202,100038,202,99968,202,100048,100,99962,300,100061,100,99961,100,100072,100,99953,100,100073,100,99952,100,100080,100,99951,200,100083,100,99945,100
2019-06-28 09:36:10.000000000,100028,508,99994,508,100032,100,99985,100,100037,100,99968,100,100038,100,99962,300,100048,100,99961,100,100061,100,99953,100,100072,100,99952,100,100073,100,99951,200,100080,100,99945,100,100083,100,99927,100
2019-06-28 09:36:18.048216281,99996,100,99994,508,100028,408,99985,100,100032,100,99968,100,100037,100,99962,300,100038,100,99961,100,100048,100,99953,100,100061,100,99952,100,100072,100,99951,200,100073,100,99945,100,100080,100,99927,100
2019-06-28 09:36:20.000000000,99996,182,99994,182,100032,182,99985,182,100037,182,99968,182,100038,182,99962,382,100048,182,99961,182,100061,100,99953,100,100072,100,99952,100,100073,100,99951,200,100080,100,99945,100,100083,100,99927,100
2019-06-28 09:36:30.000000000,99996,304,99994,304,100032,304,99985,304,100037,100,99968,100,100038,100,99962,300,100048,100,99961,100,100061,100,99953,100,100072,100,99952,100,100073,100,99951,200,100080,100,99945,100,100083,100,99927,100
2019-06-28 09:36:32.561744695,99996,304,99994,204,100032,304,99985,304,100037,100,99968,100,100038,100,99962,300,100048,100,99961,100,100061,100,99953,100,100072,100,99952,100,100073,100,99951,200,100080,100,99945,100,100083,100,99927,100
2019-06-28 09:36:40.000000000,99996,182,99985,182,100032,182,99968,182,100037,182,99962,382,100038,182,99961,182,100048,182,99953,182,100061,100,99952,100,100072,100,99951,200,100073,100,99945,100,100080,100,99927,100,100083,100,99917,100
2019-06-28 09:36:49.125020741,99996,182,99985,82,100032,182,99968,182,100037,182,99962,382,100038,182,99961,182,100048,182,99953,182,100061,100,99952,100,100072,100,99951,200,100073,100,99945,100,100080,100,99927,100,100083,100,99917,100
2019-06-28 09:36:50.000000000,99996,182,99968,182,100032,182,99962,382,100037,182,99961,182,100038,182,99953,182,100048,182,99952,182,100061,100,99951,200,100072,100,99945,100,100073,100,99927,100,100080,100,99917,100,100083,100,99904,100
2019-06-28 09:37:00.000000000,99996,304,99968,304,100032,304,99962,504,100037,100,99961,100,100038,100,99953,100,100048,100,99952,100,100061,100,99951,200,100072,100,99945,100,100073,100,99927,100,100080,100,99917,100,100083,100,99904,100
2019-06-28 09:37:01.693635594,99996,304,99968,304,100032,304,99962,504,100037,100,99961,100,100038,100,99953,100,100048,100,99952,100,100061,100,99951,200,100072,100,99945,100,100073,100,99927,100,100080,100,99917,100,100083,100,99904,100
2019-06-28 09:37:10.000000000,99996,182,99968,182,100032,182,99962,382,100037,182,99961,182,100038,182,99953,182,100048,182,99952,182,100061,100,99951,200,100072,100,99945,100,100073,100,99927,100,100080,100,99917,100,100083,100,99904,100
2019-06-28 09:37:20.000000000,99996,304,99968,304,100032,304,99962,504,100037,100,99961,100,100038,100,99953,100,100048,100,99952,100,100061,100,99951,200,100072,100,99945,100,100073,100,99927,100,100080,100,99917,100,100083,100,99904,100
2019-06-28 09:37:30.000000000,99996,508,99968,508,100032,100,99962,300,100037,100,99961,100,100038,100,99953,100,100048,100,99952,100,100061,100,99951,200,100072,100,99945,100,100073,100,99927,100,100080,100,99917,100,100083,100,99904,100
2019-06-28 09:37:40.000000000,99996,182,99968,182,100032,182,99962,382,100037,182,99961,182,100038,182,99953,182,100048,182,99952,182,100061,100,99951,200,100072,100,99945,100,100073,100,99927,100,100080,100,99917,100,100083,100,99904,100
2019-06-28 09:37:50.000000000,99996,304,99968,304,100032,304,99962,504,100037,100,99961,100,100038,100,99953,100,100048,100,99952,100,100061,100,99951,200,100072,100,99945,100,100073,100,99927,100,100080,100,99917,100,100083,100,99904,100
2019-06-28 09:37:50.854808159,99996,304,99991,100,100032,304,99968,304,100037,100,99962,504,100038,100,99961,100,100048,100,99953,100,100061,100,99952,100,100072,100,99951,200,100073,100,99945,100,100080,100,99927,100,100083,100,99917,100
2019-06-28 09:37:53.939051638,99996,304,99995,100,100032,304,99991,100,100037,100,99968,304,100038,100,99962,404,100048,100,99961,100,100061,100,99953,100,100072,100,99952,100,100073,100,99951,200,100080,100,99945,100,100083,100,99927,100
2019-06-28 09:38:00.000000000,99996,182,99995,182,100032,182,99991,182,100037,182,99968,182,100038,182,99962,282,100048,182,99961,182,100061,100,99953,100,100072,100,99952,100,100073,100,99951,200,100080,100,99945,100,100083,100,99927,100
2019-06-28 09:38:03.669035375,99996,182,99995,182,100032,182,99991,182,100037,182,99968,182,100038,182,99962,282,100048,182,99961,182,100061,100,99953,100,100073,100,99952,100,100080,100,99951,200,100083,100,99945,100,100115,100,99927,100
2019-06-28 09:38:10.000000000,99996,304,99995,304,100032,304,99991,304,100037,100,99968,100,100038,100,99962,200,100048,100,99961,100,100061,100,99953,100,100073,100,99952,100,100080,100,99951,200,100083,100,99945,100,100115,100,99927,100
2019-06-28 09:38:20.000000000,99996,304,99995,304,100032,304,99991,304,100037,100,99968,100,100038,100,99962,200,100048,100,99961,100,100061,100,99953,100,100073,100,99952,100,100080,100,99951,200,100083,100,99945,100,100115,100,99927,100
2019-06-28 09:38:30.000000000,99996,239,99995,239,100032,235,99991,235,100037,235,99968,235,100038,100,99962,200,100048,100,99961,100,100061,100,99953,100,100073,100,99952,100,100080,100,99951,200,100083,100,99945,100,100115,100,99927,100
2019-06-28 09:38:40.000000000,99996,202,99995,202,100032,202,99991,202,100037,202,99968,202,100038,202,99962,302,100048,100,99961,100,100061,100,99953,100,100073,100,99952,100,100080,100,99951,200,100083,100,99945,100,100115,100,99927,100
2019-06-28 09:38:48.778339745,99996,202,99995,302,100032,202,99991,202,100037,202,99968,202,100038,202,99962,302,100048,100,99961,100,100061,100,99953,100,100073,100,99952,100,100080,100,99951,200,100083,100,99945,100,100115,100,99927,100
2019-06-28 09:38:50.000000000,99996,239,99995,339,100032,235,99991,235,100037,235,99968,235,100038,100,99962,200,100048,100,99961,100,100061,100,99953,100,100073,100,99952,100,100080,100,99951,200,100083,100,99945,100,100115,100,99927,100
2019-06-28 09:39:00.000000000,99996,304,99995,404,100032,304,99991,304,100037,100,99968,100,100038,100,99962,200,100048,100,99961,100,100061,100,99953,100,100073,100,99952,100,100080,100,99951,200,100083,100,99945,100,100115,100,99927,100
2019-06-28 09:39:10.000000000,99996,508,99995,608,100032,100,99991,100,100037,100,99968,100,100038,100,99962,200,100048,100,99961,100,100061,100,99953,100,100073,100,99952,100,100080,100,99951,200,100083,100,99945,100,100115,100,99927,100
2019-06-28 09:39:20.000000000,99996,202,99995,302,100032,202,99991,202,100037,202,99968,202,100038,202,99962,302,100048,100,99961,100,100061,100,99953,100,100073,100,99952,100,100080,100,99951,200,100083,100,99945,100,100115,100,99927,100
2019-06-28 09:39:30.000000000,99996,508,99995,608,100032,100,99991,100,100037,100,99968,100,100038,100,99962,200,100048,100,99961,100,100061,100,99953,100,100073,100,99952,100,100080,100,99951,200,100083,100,99945,100,100115,100,99927,100
2019-06-28 09:39:40.000000000,99996,182,99995,282,100032,182,99991,182,100037,182,99968,182,100038,182,99962,282,100048,182,99961,182,100061,100,99953,100,100073,100,99952,100,100080,100,99951,200,100083,100,99945,100,100115,100,99927,100
2019-06-28 09:39:41.816344453,99996,182,99995,282,100032,182,99991,182,100037,182,99968,182,100038,182,99962,282,100048,182,99961,182,100061,100,99953,100,100080,100,99952,100,100083,100,99951,200,100115,100,99945,100,100118,100,99927,100
2019-06-28 09:39:50.000000000,99996,239,99995,339,100032,235,99991,235,100037,235,99968,235,100038,100,99962,200,100048,100,99961,100,100061,100,99953,100,100080,100,99952,100,100083,100,99951,200,100115,100,99945,100,100118,100,99927,100
2019-06-28 09:40:00.000000000,99996,304,99995,404,100032,304,99991,304,100037,100,99968,100,100038,100,99962,200,100048,100,99961,100,100061,100,99953,100,100080,100,99952,100,100083,100,99951,200,100115,100,99945,100,100118,100,99927,100
2019-06-28 09:40:09.657491797,99996,304,99995,404,100032,304,99991,304,100037,100,99968,100,100038,100,99962,200,100048,100,99961,100,100061,100,99953,100,100080,100,99952,100,100083,100,99951,100,100115,100,99945,100,100118,100,99927,100
2019-06-28 09:40:10.000000000,99996,508,99995,608,100032,100,99991,100,100037,100,99968,100,100038,100,99962,200,100048,100,99961,100,100061,100,99953,100,100080,100,99952,100,100083,100,99951,100,100115,100,99945,100,100118,100,99927,100
2019-06-28 09:40:20.000000000,99996,202,99995,302,100032,202,99991,202,100037,202,99968,202,100038,202,99962,302,100048,100,99961,100,100061,100,99953,100,100080,100,99952,100,100083,100,99951,100,100115,100,99945,100,100118,100,99927,100
2019-06-28 09:40:30.000000000,99996,508,99995,608,100032,100,99991,100,100037,100,99968,100,100038,100,99962,200,100048,100,99961,100,100061,100,99953,100,100080,100,99952,100,100083,100,99951,100,100115,100,99945,100,100118,100,99927,100
2019-06-28 09:40:30.103755624,99996,408,99995,608,100032,100,99991,100,100037,100,99968,100,100038,100,99962,200,100048,100,99961,100,100061,100,99953,100,100080,100,99952,100,100083,100,99951,100,100115,100,99945,100,100118,100,99927,100
2019-06-28 09:40:37.082736013,99996,308,99995,608,100032,100,99991,100,100037,100,99968,100,100038,100,99962,200,100061,100,99961,100,100080,100,99953,100,100083,100,99952,100,100115,100,99951,100,100118,100,99945,100,100121,100,99927,100
2019-06-28 09:40:40.000000000,100032,202,99995,302,100037,202,99991,202,100038,202,99968,202,100061,202,99962,302,100080,100,99961,100,100083,100,99953,100,100115,100,99952,100,100118,100,99951,100,100121,100,99945,100,100260,100,99927,100
2019-06-28 09:40:50.000000000,100032,202,99995,302,100037,202,99991,202,100038,202,99968,202,100061,202,99962,302,100080,100,99961,100,100083,100,99953,100,100115,100,99952,100,100118,100,99951,100,100121,100,99945,100,100260,100,99927,100
2019-06-28 09:41:00.000000000,100032,304,99995,404,100037,304,99991,304,100038,100,99968,100,100061,100,99962,200,100080,100,99961,100,100083,100,99953,100,100115,100,99952,100,100118,100,99951,100,100121,100,99945,100,100260,100,99927,100
2019-06-28 09:41:10.000000000,100032,202,99995,302,100037,202,99991,202,100038,202,99968,202,100061,202,99962,302,100080,100,99961,100,100083,100,99953,100,100115,100,99952,100,100118,100,99951,100,100121,100,99945,100,100260,100,99927,100
2019-06-28 09:41:18.656628013,100032,202,99995,302,100037,202,99991,202,100038,202,99968,202,100061,202,99962,302,100080,100,99961,100,100083,100,99953,100,100115,100,99952,100,100118,100,99951,100,100121,100,99945,100,100260,100,99927,100
2019-06-28 09:41:20.000000000,100032,202,99995,302,100037,202,99991,202,100038,202,99968,202,100061,202,99962,302,100080,100,99961,100,100083,100,99953,100,100115,100,99952,100,100118,100,99951,100,100121,100,99945,100,100260,100,99927,100
2019-06-28 09:41:30.000000000,100032,304,99995,404,100037,304,99991,304,100038,100,99968,100,100061,100,99962,200,100080,100,99961,100,100083,100,99953,100,100115,100,99952,100,100118,100,99951,100,100121,100,99945,100,100260,100,99927,100
2019-06-28 09:41:40.000000000,100032,304,99995,404,100037,304,99991,304,100038,100,99968,100,100061,100,99962,200,100080,100,99961,100,100083,100,99953,100,100115,100,99952,100,100118,100,99951,100,100121,100,99945,100,100260,100,99927,100
2019-06-28 09:41:50.000000000,100032,304,99995,404,100037,304,99991,304,100038,100,99968,100,100061,100,99962,200,100080,100,99961,100,100083,100,99953,100,100115,100,99952,100,100118,100,99951,100,100121,100,99945,100,100260,100,99927,100
2019-06-28 09:41:59.497207852,100032,304,99995,404,100037,304,99991,304,100038,100,99968,100,100061,100,99962,200,100080,100,99961,100,100083,100,99953,100,100115,100,99951,100,100118,100,99945,100,100121,100,99927,100,100260,100,99917,100
2019-06-28 09:41:59.910494112,100032,204,99996,100,100037,304,99995,404,100038,100,99991,304,100061,100,99968,100,100080,100,99962,200,100083,100,99961,100,100115,100,99953,100,100118,100,99951,100,100121,100,99945,100,100260,100,99927,100
2019-06-28 09:42:00.000000000,100037,202,99996,202,100038,202,99995,302,100061,202,99991,202,100080,202,99968,202,100083,100,99962,200,100115,100,99961,100,100118,100,99953,100,100121,100,99951,100,100260,100,99945,100,100402,100,99927,100
2019-06-28 09:42:03.893942093,100037,102,99996,202,100038,202,99995,302,100061,202,99991,202,100080,202,99968,202,100083,100,99962,200,100115,100,99961,100,100118,100,99953,100,100121,100,99951,100,100260,100,99945,100,100402,100,99927,100
2019-06-28 09:42:05.923165581,100037,102,99997,100,100038,202,99996,202,100061,202,99995,302,100080,202,99991,202,100083,100,99968,202,100115,100,99962,200,100118,100,99961,100,100121,100,99953,100,100260,100,99951,100,100402,100,99945,100
2019-06-28 09:42:10.000000000,100038,239,99997,239,100061,235,99996,235,100080,235,99995,335,100083,100,99991,100,100115,100,99968,100,100118,100,99962,200,100121,100,99961,100,100260,100,99953,100,100402,100,99951,100,100591,100,99945,100
2019-06-28 09:42:20.000000000,100038,202,99997,202,100061,202,99996,202,100080,202,99995,302,100083,202,99991,202,100115,100,99968,100,100118,100,99962,200,100121,100,99961,100,100260,100,99953,100,100402,100,99951,100,100591,100,99945,100
2019-06-28 09:42:29.833149312,100038,102,99997,202,100061,102,99996,202,100080,202,99995,302,100083,202,99991,202,100115,100,99968,100,100118,100,99962,200,100121,100,99961,100,100260,100,99953,100,100402,100,99951,100,100591,100,99945,100
2019-06-28 09:42:30.000000000,100080,508,99997,508,100083,100,99996,100,100115,100,99995,200,100118,100,99991,100,100121,100,99968,100,100260,100,99962,200,100402,100,99961,100,100591,100,99953,100,100686,100,99951,100,100909,100,99945,100
2019-06-28 09:42:35.243366523,100080,508,100032,100,100083,100,99997,508,100115,100,99996,100,100118,100,99995,200,100121,100,99991,100,100260,100,99968,100,100402,100,99962,200,100591,100,99961,100,100686,100,99953,100,100909,100,99951,100
2019-06-28 09:42:40.000000000,100080,182,100032,182,100083,182,99997,182,100115,182,99996,182,100118,182,99995,282,100121,182,99991,182,100260,100,99968,100,100402,100,99962,200,100591,100,99961,100,100686,100,99953,100,100909,100,99951,100
2019-06-28 09:42:50.000000000,100080,239,100032,239,100083,235,99997,235,100115,235,99996,235,100118,100,99995,200,100121,100,99991,100,100260,100,99968,100,100402,100,99962,200,100591,100,99961,100,100686,100,99953,100,100909,100,99951,100
2019-06-28 09:43:00.000000000,100080,202,100032,202,100083,202,99997,202,100115,202,99996,202,100118,202,99995,302,100121,100,99991,100,100260,100,99968,100,100402,100,99962,200,100591,100,99961,100,100686,100,99953,100,100909,100,99951,100
2019-06-28 09:43:10.000000000,100080,202,100032,202,100083,202,99997,202,100115,202,99996,202,100118,202,99995,302,100121,100,99991,100,100260,100,99968,100,100402,100,99962,200,100591,100,99961,100,100686,100,99953,100,100909,100,99951,100
2019-06-28 09:43:19.702178205,100080,102,100032,202,100083,202,99997,202,100115,202,99996,202,100118,202,99995,302,100121,100,99991,100,100260,100,99968,100,100402,100,99962,200,100591,100,99961,100,100686,100,99953,100,100909,100,99951,100
2019-06-28 09:43:20.000000000,100083,239,100032,239,100115,235,99997,235,100118,235,99996,235,100121,100,99995,200,100260,100,99991,100,100402,100,99968,100,100591,100,99962,200,100686,100,99961,100,100909,100,99953,100,101304,100,99951,100
2019-06-28 09:43:29.346443358,100083,239,100032,239,100115,235,99997,235,100118,235,99996,235,100121,100,99995,200,100260,100,99991,100,100402,100,99962,200,100591,100,99961,100,100686,100,99953,100,100909,100,99951,100,101304,100,99945,100
2019-06-28 09:43:30.000000000,100083,508,100032,508,100115,100,99997,100,100118,100,99996,100,100121,100,99995,200,100260,100,99991,100,100402,100,99962,200,100591,100,99961,100,100686,100,99953,100,100909,100,99951,100,101304,100,99945,100
2019-06-28 09:43:40.000000000,100083,239,100032,239,100115,235,99997,235,100118,235,99996,235,100121,100,99995,200,100260,100,99991,100,100402,100,99962,200,100591,100,99961,100,100686,100,99953,100,100909,100,99951,100,101304,100,99945,100
2019-06-28 09:43:41.951280511,100083,239,100032,239,100115,235,99997,235,100118,235,99996,235,100121,100,99995,100,100260,100,99991,100,100402,100,99962,200,100591,100,99961,100,100686,100,99953,100,100909,100,99951,100,101304,100,99945,100
2019-06-28 09:43:44.921715483,100083,239,100038,100,100115,235,100032,239,100118,235,99997,235,100121,100,99996,235,100260,100,99995,100,100402,100,99991,100,100591,100,99962,200,100686,100,99961,100,100909,100,99953,100,101304,100,99951,100
2019-06-28 09:43:46.443654668,100083,239,100038,200,100115,235,100032,239,100118,235,99997,235,100121,100,99996,235,100260,100,99991,100,100402,100,99962,200,100591,100,99961,100,100686,100,99953,100,100909,100,99951,100,101304,100,99945,100
2019-06-28 09:43:50.000000000,100083,304,100038,404,100115,304,100032,304,100118,100,99997,100,100121,100,99996,100,100260,100,99991,100,100402,100,99962,200,100591,100,99961,100,100686,100,99953,100,100909,100,99951,100,101304,100,99945,100
2019-06-28 09:44:00.000000000,100083,202,100038,302,100115,202,100032,202,100118,202,99997,202,100121,202,99996,202,100260,100,99991,100,100402,100,99962,200,100591,100,99961,100,100686,100,99953,100,100909,100,99951,100,101304,100,99945,100
2019-06-28 09:44:10.000000000,100083,182,100038,282,100115,182,100032,182,100118,182,99997,182,100121,182,99996,182,100260,182,99991,182,100402,100,99962,200,100591,100,99961,100,100686,100,99953,100,100909,100,99951,100,101304,100,99945,100
2019-06-28 09:44:10.302611609,100083,82,100038,282,100115,182,100032,182,100118,182,99997,182,100121,182,99996,182,100260,182,99991,182,100402,100,99962,200,100591,100,99961,100,100686,100,99953,100,100909,100,99951,100,101304,100,99945,100
2019-06-28 09:44:20.000000000,100115,182,100038,282,100118,182,100032,182,100121,182,99997,182,100260,182,99996,182,100402,182,99991,182,100591,100,99962,200,100686,100,99961,100,100909,100,99953,100,101304,100,99951,100,102011,100,99945,100
2019-06-28 09:44:30.000000000,100115,304,100038,404,100118,304,100032,304,100121,100,99997,100,100260,100,99996,100,100402,100,99991,100,100591,100,99962,200,100686,100,99961,100,100909,100,99953,100,101304,100,99951,100,102011,100,99945,100
2019-06-28 09:44:40.000000000,100115,508,100038,608,100118,100,100032,100,100121,100,99997,100,100260,100,99996,100,100402,100,99991,100,100591,100,99962,200,100686,100,99961,100,100909,100,99953,100,101304,100,99951,100,102011,100,99945,100
2019-06-28 09:44:50.000000000,100115,239,100038,339,100118,235,100032,235,100121,235,99997,235,100260,100,99996,100,100402,100,99991,100,100591,100,99962,200,100686,100,99961,100,100909,100,99953,100,101304,100,99951,100,102011,100,99945,100
2019-06-28 09:45:00.000000000,100115,304,100038,404,100118,304,100032,304,100121,100,99997,100,100260,100,99996,100,100402,100,99991,100,100591,100,99962,200,100686,100,99961,100,100909,100,99953,100,101304,100,99951,100,102011,100,99945,100
2019-06-28 09:45:10.000000000,100115,202,100038,302,100118,202,100032,202,100121,202,99997,202,100260,202,99996,202,100402,100,99991,100,100591,100,99962,200,100686,100,99961,100,100909,100,99953,100,101304,100,99951,100,102011,100,99945,100
2019-06-28 09:45:20.000000000,100115,182,100038,282,100118,182,100032,182,100121,182,99997,182,100260,182,99996,182,100402,182,99991,182,100591,100,99962,200,100686,100,99961,100,100909,100,99953,100,101304,100,99951,100,102011,100,99945,100
2019-06-28 09:45:25.808072388,100115,182,100080,100,100118,182,100038,282,100121,182,100032,182,100260,182,99997,182,100402,182,99996,182,100591,100,99991,182,100686,100,99962,200,100909,100,99961,100,101304,100,99953,100,102011,100,99951,100
2019-06-28 09:45:30.000000000,100115,508,100080,508,100118,100,100038,200,100121,100,100032,100,100260,100,99997,100,100402,100,99996,100,100591,100,99991,100,100686,100,99962,200,100909,100,99961,100,101304,100,99953,100,102011,100,99951,100
2019-06-28 09:45:37.353584895,100115,408,100080,508,100118,100,100038,200,100121,100,100032,100,100260,100,99997,100,100402,100,99996,100,100591,100,99991,100,100686,100,99962,200,100909,100,99961,100,101304,100,99953,100,102011,100,99951,100
2019-06-28 09:45:40.000000000,100118,239,100080,239,100121,235,100038,335,100260,235,100032,235,100402,100,99997,100,100591,100,99996,100,100686,100,99991,100,100909,100,99962,200,101304,100,99961,100,102011,100,99953,100,,,99951,100
2019-06-28 09:45:41.451859773,100118,139,100080,239,100121,235,100038,335,100260,235,100032,235,100402,100,99997,100,100591,100,99996,100,100686,100,99991,100,100909,100,99962,200,101304,100,99961,100,102011,100,99953,100,,,99951,100
2019-06-28 09:45:47.593335014,100118,39,100080,239,100121,235,100038,335,100260,235,100032,235,100402,100,99997,100,100591,100,99996,100,100686,100,99991,100,100909,100,99962,200,101304,100,99961,100,102011,100,99953,100,,,99951,100
2019-06-28 09:45:50.000000000,100121,304,100080,304,100260,304,100038,404,100402,100,100032,100,100591,100,99997,100,100686,100,99996,100,100909,100,99991,100,101304,100,99962,200,102011,100,99961,100,,,99953,100,,,99951,100
2019-06-28 09:46:00.000000000,100121,202,100080,202,100260,202,100038,302,100402,202,100032,202,100591,202,99997,202,100686,100,99996,100,100909,100,99991,100,101304,100,99962,200,102011,100,99961,100,,,99953,100,,,99951,100
2019-06-28 09:46:04.718905252,100121,202,100080,202,100260,202,100038,302,100402,202,100032,202,100591,202,99997,202,100686,100,99996,100,100909,100,99991,100,101304,100,99962,200,101778,100,99961,100,102011,100,99953,100,,,99951,100
2019-06-28 09:46:10.000000000,100121,304,100080,304,100260,304,100038,404,100402,100,100032,100,100591,100,99997,100,100686,100,99996,100,100909,100,99991,100,101304,100,99962,200,101778,100,99961,100,102011,100,99953,100,,,99951,100
2019-06-28 09:46:20.000000000,100121,182,100080,182,100260,182,100038,282,100402,182,100032,182,100591,182,99997,182,100686,182,99996,182,100909,100,99991,100,101304,100,99962,200,101778,100,99961,100,102011,100,99953,100,,,99951,100
2019-06-28 09:46:21.935878821,100121,82,100080,182,100260,182,100038,282,100402,182,100032,182,100591,182,99997,182,100686,182,99996,182,100909,100,99991,100,101304,100,99962,200,101778,100,99961,100,102011,100,99953,100,,,99951,100
2019-06-28 09:46:24.258636091,100121,82,100118,100,100260,182,100080,182,100402,182,100038,282,100591,182,100032,182,100686,182,99997,182,100909,100,99996,182,101304,100,99991,100,101778,100,99962,200,102011,100,99961,100,,,99953,100
2019-06-28 09:46:26.402621695,100121,82,100118,100,100260,182,100080,182,100402,182,100038,282,100591,182,100032,182,100686,182,99997,182,100909,100,99996,182,101304,100,99991,100,101712,100,99962,200,101778,100,99961,100,102011,100,99953,100
2019-06-28 09:46:30.000000000,100260,182,100118,182,100402,182,100080,182,100591,182,100038,282,100686,182,100032,182,100909,182,99997,182,101304,100,99996,100,101712,100,99991,100,101778,100,99962,200,102011,100,99961,100,,,99953,100
2019-06-28 09:46:40.000000000,100260,239,100118,239,100402,235,100080,235,100591,235,100038,335,100686,100,100032,100,100909,100,99997,100,101304,100,99996,100,101712,100,99991,100,101778,100,99962,200,102011,100,99961,100,,,99953,100
2019-06-28 09:46:44.969090443,100260,139,100118,239,100402,235,100080,235,100591,235,100038,335,100909,100,100032,100,101304,100,99997,100,101712,100,99996,100,101778,100,99991,100,102011,100,99962,200,,,99961,100,,,99953,100
2019-06-28 09:46:50.000000000,100402,239,100118,239,100591,235,100080,235,100909,235,100038,335,101304,100,100032,100,101712,100,99997,100,101778,100,99996,100,102011,100,99991,100,,,99962,200,,,99961,100,,,99953,100
2019-06-28 09:47:00.000000000,100402,239,100118,239,100591,235,100080,235,100909,235,100038,335,101304,100,100032,100,101712,100,99997,100,101778,100,99996,100,102011,100,99991,100,,,99962,200,,,99961,100,,,99953,100
2019-06-28 09:47:10.000000000,100402,182,100118,182,100591,182,100080,182,100909,182,100038,282,101304,182,100032,182,101712,182,99997,182,101778,100,99996,100,102011,100,99991,100,,,99962,200,,,99961,100,,,99953,100
2019-06-28 09:47:12.445267493,100402,82,100118,182,100591,182,100080,182,100909,182,100038,282,101304,182,100032,182,101712,182,99997,182,101778,100,99996,100,102011,100,99991,100,,,99962,200,,,99961,100,,,99953,100
2019-06-28 09:47:20.000000000,100591,304,100118,304,100909,304,100080,304,101304,100,100038,200,101712,100,100032,100,101778,100,99997,100,102011,100,99996,100,,,99991,100,,,99962,200,,,99961,100,,,99953,100
2019-06-28 09:47:29.200296191,100591,304,100260,100,100909,304,100118,304,101304,100,100080,304,101712,100,100038,200,101778,100,100032,100,102011,100,99997,100,,,99996,100,,,99991,100,,,99962,200,,,99961,100
2019-06-28 09:47:30.000000000,100591,239,100260,239,100909,235,100118,235,101304,235,100080,235,101712,100,100038,200,101778,100,100032,100,102011,100,99997,100,,,99996,100,,,99991,100,,,99962,200,,,99961,100
2019-06-28 09:47:40.000000000,100591,182,100260,182,100909,182,100118,182,101304,182,100080,182,101712,182,100038,282,101778,182,100032,182,102011,100,99997,100,,,99996,100,,,99991,100,,,99962,200,,,99961,100
2019-06-28 09:47:46.457219923,100591,182,100543,100,100909,182,100260,182,101304,182,100118,182,101712,182,100080,182,101778,182,100038,282,102011,100,100032,182,,,99997,100,,,99996,100,,,99991,100,,,99962,200
2019-06-28 09:47:48.642903932,100591,82,100543,100,100909,182,100260,182,101304,182,100118,182,101712,182,100080,182,101778,182,100038,282,102011,100,100032,182,,,99997,100,,,99996,100,,,99991,100,,,99962,100
2019-06-28 09:47:50.000000000,100909,508,100543,508,101304,100,100260,100,101712,100,100118,100,101778,100,100080,100,102011,100,100038,200,,,100032,100,,,99997,100,,,99996,100,,,99991,100,,,99962,100
2019-06-28 09:48:00.000000000,100909,202,100543,202,101304,202,100260,202,101712,202,100118,202,101778,202,100080,202,102011,100,100038,200,,,100032,100,,,99997,100,,,99996,100,,,99991,100,,,99962,100
2019-06-28 09:48:10.000000000,100909,202,100543,202,101304,202,100260,202,101712,202,100118,202,101778,202,100080,202,102011,100,100038,200,,,100032,100,,,99997,100,,,99996,100,,,99991,100,,,99962,100
2019-06-28 09:48:12.734959070,100901,100,100543,202,100909,202,100260,202,101304,202,100118,202,101712,202,100080,202,101778,202,100038,200,102011,100,100032,100,,,99997,100,,,99996,100,,,99991,100,,,99962,100
2019-06-28 09:48:20.000000000,100901,508,100543,508,100909,100,100260,100,101304,100,100118,100,101712,100,100080,100,101778,100,100038,200,102011,100,100032,100,,,99997,100,,,99996,100,,,99991,100,,,99962,100
2019-06-28 09:48:30.000000000,100901,239,100543,239,100909,235,100260,235,101304,235,100118,235,101712,100,100080,100,101778,100,100038,200,102011,100,100032,100,,,99997,100,,,99996,100,,,99991,100,,,99962,100
2019-06-28 09:48:40.000000000,100901,202,100543,202,100909,202,100260,202,101304,202,100118,202,101712,202,100080,202,101778,100,100038,200,102011,100,100032,100,,,99997,100,,,99996,100,,,99991,100,,,99962,100
2019-06-28 09:48:46.894248912,100901,202,100827,100,100909,102,100543,202,101304,202,100260,202,101712,202,100118,202,101778,100,100080,202,102011,100,100038,200,,,100032,100,,,99997,100,,,99996,100,,,99991,100
2019-06-28 09:48:49.711220893,100901,202,100543,202,100909,102,100260,202,101304,202,100118,202,101712,202,100080,202,101778,100,100038,200,102011,100,100032,100,,,99997,100,,,99996,100,,,99991,100,,,99962,100
2019-06-28 09:48:50.000000000,100901,508,100543,508,101304,100,100260,100,101712,100,100118,100,101778,100,100080,100,102011,100,100038,200,,,100032,100,,,99997,100,,,99996,100,,,99991,100,,,99962,100
2019-06-28 09:49:00.000000000,100901,202,100543,202,101304,202,100260,202,101712,202,100118,202,101778,202,100080,202,102011,100,100038,200,,,100032,100,,,99997,100,,,99996,100,,,99991,100,,,99962,100
2019-06-28 09:49:04.884316492,100901,202,100728,100,101304,202,100543,202,101712,202,100260,202,101778,202,100118,202,102011,100,100080,202,,,100038,200,,,100032,100,,,99997,100,,,99996,100,,,99991,100
2019-06-28 09:49:10.000000000,100901,202,100728,202,101304,202,100543,202,101712,202,100260,202,101778,202,100118,202,102011,100,100080,100,,,100038,200,,,100032,100,,,99997,100,,,99996,100,,,99991,100
2019-06-28 09:49:20.000000000,100901,182,100728,182,101304,182,100543,182,101712,182,100260,182,101778,182,100118,182,102011,182,100080,182,,,100038,200,,,100032,100,,,99997,100,,,99996,100,,,99991,100
2019-06-28 09:49:21.895394158,100729,100,100728,182,100901,182,100543,182,101304,182,100260,182,101712,182,100118,182,101778,182,100080,182,102011,182,100038,200,,,100032,100,,,99997,100,,,99996,100,,,99991,100
2019-06-28 09:49:30.000000000,100729,202,100728,202,100901,202,100543,202,101304,202,100260,202,101712,202,100118,202,101778,100,100080,100,102011,100,100038,200,,,100032,100,,,99997,100,,,99996,100,,,99991,100
2019-06-28 09:49:36.712879699,100729,202,100728,102,100901,202,100543,202,101304,202,100260,202,101712,202,100118,202,101778,100,100080,100,102011,100,100038,200,,,100032,100,,,99997,100,,,99996,100,,,99991,100
2019-06-28 09:49:40.000000000,100729,239,100543,239,100901,235,100260,235,101304,235,100118,235,101712,100,100080,100,101778,100,100038,200,102011,100,100032,100,,,99997,100,,,99996,100,,,99991,100,,,99962,100
2019-06-28 09:49:44.508768305,100655,100,100543,239,100729,239,100260,235,100901,235,100118,235,101304,235,100080,100,101712,100,100038,200,101778,100,100032,100,102011,100,99997,100,,,99996,100,,,99991,100,,,99962,100
2019-06-28 09:49:50.000000000,100655,182,100543,182,100729,182,100260,182,100901,182,100118,182,101304,182,100080,182,101712,182,100038,282,101778,100,100032,100,102011,100,99997,100,,,99996,100,,,99991,100,,,99962,100
2019-06-28 09:50:00.000000000,100655,239,100543,239,100729,235,100260,235,100901,235,100118,235,101304,100,100080,100,101712,100,100038,200,101778,100,100032,100,102011,100,99997,100,,,99996,100,,,99991,100,,,99962,100
2019-06-28 09:50:10.000000000,100655,182,100543,182,100729,182,100260,182,100901,182,100118,182,101304,182,100080,182,101712,182,100038,282,101778,100,100032,100,102011,100,99997,100,,,99996,100,,,99991,100,,,99962,100
2019-06-28 09:50:20.000000000,100655,304,100543,304,100729,304,100260,304,100901,100,100118,100,101304,100,100080,100,101712,100,100038,200,101778,100,100032,100,102011,100,99997,100,,,99996,100,,,99991,100,,,99962,100
2019-06-28 09:50:24.553904444,100655,304,100543,304,100729,304,100471,100,100901,100,100260,304,101304,100,100118,100,101712,100,100080,100,101778,100,100038,200,102011,100,100032,100,,,99997,100,,,99996,100,,,99991,100
2019-06-28 09:50:29.433459303,100655,304,100543,304,100729,304,100471,100,100901,100,100409,100,101304,100,100260,304,101712,100,100118,100,101778,100,100080,100,102011,100,100038,200,,,100032,100,,,99997,100,,,99996,100
2019-06-28 09:50:30.000000000,100655,182,100543,182,100729,182,100471,182,100901,182,100409,182,101304,182,100260,182,101712,182,100118,182,101778,100,100080,100,102011,100,100038,200,,,100032,100,,,99997,100,,,99996,100
2019-06-28 09:50:30.732110201,100655,182,100543,182,100728,100,100471,182,100729,182,100409,182,100901,182,100260,182,101304,182,100118,182,101712,182,100080,100,101778,100,100038,200,102011,100,100032,100,,,99997,100,,,99996,100
2019-06-28 09:50:33.875723707,100655,182,100543,182,100714,100,100471,182,100728,100,100409,82,100729,182,100260,182,100901,182,100118,182,101304,182,100080,100,101712,182,100038,200,101778,100,100032,100,102011,100,99997,100,,,99996,100
2019-06-28 09:50:36.767491883,100655,182,100543,182,100714,100,100471,82,100728,100,100444,100,100729,182,100409,82,100901,182,100260,182,101304,182,100118,182,101712,182,100080,100,101778,100,100038,200,102011,100,100032,100,,,99997,100
2019-06-28 09:50:40.000000000,100655,182,100543,182,100714,182,100444,182,100728,182,100260,182,100729,182,100118,182,100901,182,100080,182,101304,100,100038,200,101712,100,100032,100,101778,100,99997,100,102011,100,99996,100,,,99991,100
2019-06-28 09:50:50.000000000,100655,239,100543,239,100714,235,100444,235,100728,235,100260,235,100729,100,100118,100,100901,100,100080,100,101304,100,100038,200,101712,100,100032,100,101778,100,99997,100,102011,100,99996,100,,,99991,100
2019-06-28 09:50:51.815371317,100655,239,100543,239,100714,235,100444,235,100728,235,100392,100,100729,100,100260,235,100901,100,100118,100,101304,100,100080,100,101712,100,100038,200,101778,100,100032,100,102011,100,99997,100,,,99996,100
2019-06-28 09:51:00.000000000,100655,508,100543,508,100714,100,100444,100,100728,100,100392,100,100729,100,100260,100,100901,100,100118,100,101304,100,100080,100,101712,100,100038,200,101778,100,100032,100,102011,100,99997,100,,,99996,100
2019-06-28 09:51:10.000000000,100655,304,100543,304,100714,304,100444,304,100728,100,100392,100,100729,100,100260,100,100901,100,100118,100,101304,100,100080,100,101712,100,100038,200,101778,100,100032,100,102011,100,99997,100,,,99996,100
2019-06-28 09:51:20.000000000,100655,202,100543,202,100714,202,100444,202,100728,202,100392,202,100729,202,100260,202,100901,100,100118,100,101304,100,100080,100,101712,100,100038,200,101778,100,100032,100,102011,100,99997,100,,,99996,100
2019-06-28 09:51:20.014063259,100655,202,100543,202,100714,202,100532,100,100728,202,100444,202,100729,202,100392,202,100901,100,100260,202,101304,100,100118,100,101712,100,100080,100,101778,100,100038,200,102011,100,100032,100,,,99997,100
2019-06-28 09:51:22.192397813,100655,202,100543,202,100714,202,100532,100,100728,202,100444,202,100729,202,100392,202,100901,100,100260,202,101304,100,100118,100,101712,100,100080,100,101778,100,100038,200,102011,100,100032,100,,,99996,100
2019-06-28 09:51:30.000000000,100655,304,100543,304,100714,304,100532,304,100728,100,100444,100,100729,100,100392,100,100901,100,100260,100,101304,100,100118,100,101712,100,100080,100,101778,100,100038,200,102011,100,100032,100,,,99996,100
2019-06-28 09:51:40.000000000,100655,202,100543,202,100714,202,100532,202,100728,202,100444,202,100729,202,100392,202,100901,100,100260,100,101304,100,100118,100,101712,100,100080,100,101778,100,100038,200,102011,100,100032,100,,,99996,100
2019-06-28 09:51:40.510805128,100655,202,100543,202,100714,202,100532,202,100728,302,100444,202,100729,202,100392,202,100901,100,100260,100,101304,100,100118,100,101712,100,100080,100,101778,100,100038,200,102011,100,100032,100,,,99996,100
2019-06-28 09:51:45.604613515,100655,202,100543,202,100714,202,100532,202,100728,402,100444,202,100729,202,100392,202,100901,100,100260,100,101304,100,100118,100,101712,100,100080,100,101778,100,100038,200,102011,100,100032,100,,,99996,100
2019-06-28 09:51:48.932158082,100655,202,100543,102,100714,202,100532,202,100728,402,100444,202,100729,202,100392,202,100901,100,100260,100,101304,100,100118,100,101712,100,100080,100,101778,100,100038,200,102011,100,100032,100,,,99996,100
2019-06-28 09:51:49.583459960,100655,202,100543,102,100714,202,100532,202,100728,402,100444,202,100729,202,100392,202,100901,100,100260,100,101304,100,100241,100,101712,100,100118,100,101778,100,100080,100,102011,100,100038,200,,,100032,100
2019-06-28 09:51:49.991865534,100655,202,100543,102,100714,202,100532,202,100728,402,100444,202,100729,202,100392,202,100901,100,100381,100,101304,100,100260,100,101712,100,100241,100,101778,100,100118,100,102011,100,100080,100,,,100038,200
2019-06-28 09:51:50.000000000,100655,182,100532,182,100714,182,100444,182,100728,382,100392,182,100729,182,100381,182,100901,182,100260,182,101304,100,100241,100,101712,100,100118,100,101778,100,100080,100,102011,100,100038,200,,,100032,100
2019-06-28 09:51:56.476245468,100655,182,100532,182,100714,182,100444,182,100728,382,100392,182,100729,182,100381,182,100901,182,100362,100,101304,100,100260,182,101712,100,100241,100,101778,100,100118,100,102011,100,100080,100,,,100038,200
2019-06-28 09:52:00.000000000,100655,304,100532,304,100714,304,100444,304,100728,300,100392,100,100729,100,100381,100,100901,100,100362,100,101304,100,100260,100,101712,100,100241,100,101778,100,100118,100,102011,100,100080,100,,,100038,200
2019-06-28 09:52:10.000000000,100655,202,100532,202,100714,202,100444,202,100728,402,100392,202,100729,202,100381,202,100901,100,100362,100,101304,100,100260,100,101712,100,100241,100,101778,100,100118,100,102011,100,100080,100,,,100038,200
2019-06-28 09:52:20.000000000,100655,202,100532,202,100714,202,100444,202,100728,402,100392,202,100729,202,100381,202,100901,100,100362,100,101304,100,100260,100,101712,100,100241,100,101778,100,100118,100,102011,100,100080,100,,,100038,200
2019-06-28 09:52:22.002988841,100655,202,100532,102,100714,202,100444,202,100728,402,100392,202,100729,202,100381,202,100901,100,100362,100,101712,100,100260,100,101778,100,100241,100,102011,100,100118,100,,,100080,100,,,100038,200
2019-06-28 09:52:26.093475625,100655,202,100532,102,100714,202,100444,202,100728,402,100392,202,100729,202,100381,202,100901,100,100362,100,101712,100,100260,100,101778,100,100241,100,102011,100,100172,100,,,100118,100,,,100080,100
2019-06-28 09:52:30.000000000,100655,182,100444,182,100714,182,100392,182,100728,382,100381,182,100729,182,100362,182,100901,182,100260,182,101712,100,100241,100,101778,100,100172,100,102011,100,100118,100,,,100080,100,,,100038,200
2019-06-28 09:52:35.418355613,100496,100,100444,182,100655,182,100392,182,100714,182,100381,182,100728,382,100362,182,100729,182,100260,182,100901,182,100241,100,101712,100,100172,100,101778,100,100118,100,102011,100,100080,100,,,100038,200
2019-06-28 09:52:40.000000000,100496,239,100444,239,100655,235,100392,235,100714,235,100381,235,100728,300,100362,100,100729,100,100260,100,100901,100,100241,100,101712,100,100172,100,101778,100,100118,100,102011,100,100080,100,,,100038,200
2019-06-28 09:52:48.541035426,100496,239,100444,239,100655,235,100392,235,100714,235,100381,235,100728,300,100362,100,100729,100,100260,100,100901,100,100241,100,101712,100,100172,100,101778,100,100168,100,102011,100,100118,100,,,100080,100
2019-06-28 09:52:50.000000000,100496,239,100444,239,100655,235,100392,235,100714,235,100381,235,100728,300,100362,100,100729,100,100260,100,100901,100,100241,100,101712,100,100172,100,101778,100,100168,100,102011,100,100118,100,,,100080,100
2019-06-28 09:52:51.679513486,100496,239,100444,139,100655,235,100392,235,100714,235,100381,235,100728,300,100362,100,100729,100,100260,100,100901,100,100241,100,101712,100,100172,100,101778,100,100168,100,102011,100,100118,100,,,100080,100
2019-06-28 09:53:00.000000000,100496,304,100392,304,100655,304,100381,304,100714,100,100362,100,100728,300,100260,100,100729,100,100241,100,100901,100,100172,100,101712,100,100168,100,101778,100,100118,100,102011,100,100080,100,,,100038,200
2019-06-28 09:53:10.000000000,100496,202,100392,202,100655,202,100381,202,100714,202,100362,202,100728,402,100260,202,100729,100,100241,100,100901,100,100172,100,101712,100,100168,100,101778,100,100118,100,102011,100,100080,100,,,100038,200
2019-06-28 09:53:20.000000000,100496,182,100392,182,100655,182,100381,182,100714,182,100362,182,100728,382,100260,182,100729,182,100241,182,100901,100,100172,100,101712,100,100168,100,101778,100,100118,100,102011,100,100080,100,,,100038,200
2019-06-28 09:53:29.440456882,100496,182,100392,182,100655,182,100381,82,100714,182,100362,182,100728,382,100349,100,100729,182,100260,182,100901,100,100241,182,101712,100,100172,100,101778,100,100168,100,102011,100,100118,100,,,100080,100
2019-06-28 09:53:30.000000000,100496,202,100392,202,100655,202,100362,202,100714,202,100349,202,100728,402,100260,202,100729,100,100241,100,100901,100,100172,100,101712,100,100168,100,101778,100,100118,100,102011,100,100080,100,,,100038,200
2019-06-28 09:53:38.329454442,100496,202,100392,202,100655,202,100362,202,100714,202,100349,202,100728,402,100346,100,100729,100,100260,202,100901,100,100241,100,101712,100,100172,100,101778,100,100168,100,102011,100,100118,100,,,100080,100
2019-06-28 09:53:40.000000000,100496,182,100392,182,100655,182,100362,182,100714,182,100349,182,100728,382,100346,182,100729,182,100260,182,100901,100,100241,100,101712,100,100172,100,101778,100,100168,100,102011,100,100118,100,,,100080,100
2019-06-28 09:53:43.516669989,100496,182,100392,182,100655,182,100362,182,100714,182,100349,182,100728,382,100346,182,100729,182,100260,82,100901,100,100241,100,101712,100,100172,100,101778,100,100168,100,102011,100,100118,100,,,100080,100
2019-06-28 09:53:48.053011444,100496,182,100445,100,100655,182,100392,182,100714,182,100362,182,100728,382,100349,182,100729,182,100346,182,100901,100,100260,82,101712,100,100241,100,101778,100,100172,100,102011,100,100168,100,,,100118,100
2019-06-28 09:53:50.000000000,100496,239,100445,239,100655,235,100392,235,100714,235,100362,235,100728,300,100349,100,100729,100,100346,100,100901,100,100241,100,101712,100,100172,100,101778,100,100168,100,102011,100,100118,100,,,100080,100
2019-06-28 09:53:53.130407255,100496,239,100445,239,100655,235,100392,235,100714,235,100362,235,100728,300,100349,100,100901,100,100346,100,101712,100,100241,100,101778,100,100172,100,102011,100,100168,100,,,100118,100,,,100080,100
2019-06-28 09:53:53.283724512,100496,239,100445,139,100655,235,100392,235,100714,235,100362,235,100728,300,100349,100,100901,100,100346,100,101712,100,100241,100,101778,100,100172,100,102011,100,100168,100,,,100118,100,,,100080,100
2019-06-28 09:53:55.045040812,100496,239,100445,39,100655,235,100392,235,100714,235,100362,235,100728,300,100349,100,100901,100,100346,100,101712,100,100241,100,101778,100,100172,100,102011,100,100168,100,,,100118,100,,,100080,100
2019-06-28 09:54:00.000000000,100496,202,100392,202,100655,202,100362,202,100714,202,100349,202,100728,402,100346,202,100901,100,100241,100,101712,100,100172,100,101778,100,100168,100,102011,100,100118,100,,,100080,100,,,100038,200
2019-06-28 09:54:10.000000000,100496,202,100392,202,100655,202,100362,202,100714,202,100349,202,100728,402,100346,202,100901,100,100241,100,101712,100,100172,100,101778,100,100168,100,102011,100,100118,100,,,100080,100,,,100038,200
2019-06-28 09:54:20.000000000,100496,239,100392,239,100655,235,100362,235,100714,235,100349,235,100728,300,100346,100,100901,100,100241,100,101712,100,100172,100,101778,100,100168,100,102011,100,100118,100,,,100080,100,,,100038,200
2019-06-28 09:54:27.300969424,100445,100,100392,239,100496,239,100362,235,100655,235,100349,235,100714,235,100346,100,100728,300,100241,100,100901,100,100172,100,101712,100,100168,100,101778,100,100118,100,102011,100,100080,100,,,100038,200
2019-06-28 09:54:27.960375176,100445,100,100392,239,100496,239,100362,235,100655,235,100349,235,100714,235,100346,100,100728,300,100241,100,100901,100,100172,100,101712,100,100168,100,101778,100,100118,100,102011,100,100114,100,,,100080,100
2019-06-28 09:54:30.000000000,100445,202,100392,202,100496,202,100362,202,100655,202,100349,202,100714,202,100346,202,100728,300,100241,100,100901,100,100172,100,101712,100,100168,100,101778,100,100118,100,102011,100,100114,100,,,100080,100
2019-06-28 09:54:40.000000000,100445,508,100392,508,100496,100,100362,100,100655,100,100349,100,100714,100,100346,100,100728,300,100241,100,100901,100,100172,100,101712,100,100168,100,101778,100,100118,100,102011,100,100114,100,,,100080,100
2019-06-28 09:54:50.000000000,100445,239,100392,239,100496,235,100362,235,100655,235,100349,235,100714,100,100346,100,100728,300,100241,100,100901,100,100172,100,101712,100,100168,100,101778,100,100118,100,102011,100,100114,100,,,100080,100
2019-06-28 09:54:56.787686826,100445,239,100392,139,100496,235,100362,235,100655,235,100349,235,100714,100,100346,100,100728,300,100241,100,100901,100,100172,100,101712,100,100168,100,101778,100,100118,100,102011,100,100114,100,,,100080,100
2019-06-28 09:54:57.297410369,100445,239,100392,139,100496,235,100362,235,100655,235,100349,235,100714,100,100346,100,100728,300,100241,100,100901,100,100172,100,101712,100,100168,100,101778,100,100118,100,102011,100,100114,100,,,100080,100
2019-06-28 09:55:00.000000000,100445,304,100362,304,100496,304,100349,304,100655,100,100346,100,100714,100,100241,100,100728,300,100172,100,100901,100,100168,100,101712,100,100118,100,101778,100,100114,100,102011,100,100080,100,,,100063,100
2019-06-28 09:55:04.008389726,100445,304,100362,304,100496,304,100349,304,100714,100,100346,100,100728,300,100241,100,100901,100,100172,100,101712,100,100168,100,101778,100,100142,100,102011,100,100118,100,,,100114,100,,,100080,100
2019-06-28 09:55:10.000000000,100445,304,100362,304,100496,304,100349,304,100714,100,100346,100,100728,300,100241,100,100901,100,100172,100,101712,100,100168,100,101778,100,100142,100,102011,100,100118,100,,,100114,100,,,100080,100
2019-06-28 09:55:20.000000000,100445,304,100362,304,100496,304,100349,304,100714,100,100346,100,100728,300,100241,100,100901,100,100172,100,101712,100,100168,100,101778,100,100142,100,102011,100,100118,100,,,100114,100,,,100080,100
2019-06-28 09:55:25.679482052,100445,304,100362,204,100496,304,100349,304,100714,100,100346,100,100728,300,100241,100,100901,100,100172,100,101712,100,100168,100,101778,100,100142,100,102011,100,100118,100,,,100114,100,,,100080,100
2019-06-28 09:55:30.000000000,100445,239,100349,239,100496,235,100346,235,100714,235,100241,235,100728,300,100172,100,100901,100,100168,100,101712,100,100142,100,101778,100,100118,100,102011,100,100114,100,,,100080,100,,,100063,100
2019-06-28 09:55:30.962844803,100445,239,100349,139,100496,235,100346,235,100714,235,100241,235,100728,300,100172,100,100901,100,100168,100,101712,100,100142,100,101778,100,100118,100,102011,100,100114,100,,,100080,100,,,100063,100
2019-06-28 09:55:39.671842999,100445,239,100349,39,100496,235,100346,235,100714,235,100241,235,100728,300,100172,100,100901,100,100168,100,101712,100,100142,100,101778,100,100118,100,102011,100,100114,100,,,100080,100,,,100063,100
2019-06-28 09:55:40.000000000,100445,202,100346,202,100496,202,100241,202,100714,202,100172,202,100728,402,100168,202,100901,100,100142,100,101712,100,100118,100,101778,100,100114,100,102011,100,100080,100,,,100063,100,,,100038,200
2019-06-28 09:55:50.000000000,100445,304,100346,304,100496,304,100241,304,100714,100,100172,100,100728,300,100168,100,100901,100,100142,100,101712,100,100118,100,101778,100,100114,100,102011,100,100080,100,,,100063,100,,,100038,200
2019-06-28 09:56:00.000000000,100445,508,100346,508,100496,100,100241,100,100714,100,100172,100,100728,300,100168,100,100901,100,100142,100,101712,100,100118,100,101778,100,100114,100,102011,100,100080,100,,,100063,100,,,100038,200
2019-06-28 09:56:10.000000000,100445,202,100346,202,100496,202,100241,202,100714,202,100172,202,100728,402,100168,202,100901,100,100142,100,101712,100,100118,100,101778,100,100114,100,102011,100,100080,100,,,100063,100,,,100038,200
2019-06-28 09:56:20.000000000,100445,304,100346,304,100496,304,100241,304,100714,100,100172,100,100728,300,100168,100,100901,100,100142,100,101712,100,100118,100,101778,100,100114,100,102011,100,100080,100,,,100063,100,,,100038,200
2019-06-28 09:56:28.985487586,100445,304,100346,304,100496,304,100241,304,100714,100,100172,100,100728,300,100142,100,100901,100,100118,100,101712,100,100114,100,101778,100,100080,100,102011,100,100063,100,,,100038,200,,,100032,100
2019-06-28 09:56:30.000000000,100445,304,100346,304,100496,304,100241,304,100714,100,100172,100,100728,300,100142,100,100901,100,100118,100,101712,100,100114,100,101778,100,100080,100,102011,100,100063,100,,,100038,200,,,100032,100
2019-06-28 09:56:34.227323915,100349,100,100346,304,100445,304,100241,304,100496,304,100172,100,100714,100,100142,100,100728,200,100118,100,100901,100,100114,100,101712,100,100080,100,101778,100,100063,100,102011,100,100038,200,,,100032,100
2019-06-28 09:56:36.245957763,100349,100,100346,304,100445,304,100241,304,100496,304,100172,100,100714,100,100142,100,100728,200,100118,100,100901,100,100114,100,101712,100,100080,100,101778,100,100063,100,102011,100,100038,200,,,100032,100
2019-06-28 09:56:40.000000000,100349,304,100346,304,100445,304,100241,304,100496,100,100172,100,100714,100,100142,100,100728,200,100118,100,100901,100,100114,100,101712,100,100080,100,101778,100,100063,100,102011,100,100038,200,,,100032,100
2019-06-28 09:56:50.000000000,100349,239,100346,239,100445,235,100241,235,100496,235,100172,235,100714,100,100142,100,100728,200,100118,100,100901,100,100114,100,101712,100,100080,100,101778,100,100063,100,102011,100,100038,200,,,100032,100
2019-06-28 09:56:53.427407885,100349,239,100346,139,100445,235,100241,235,100496,235,100172,235,100714,100,100142,100,100728,200,100118,100,101712,100,100114,100,101778,100,100080,100,102011,100,100063,100,,,100038,200,,,100032,100
2019-06-28 09:57:00.000000000,100349,239,100241,239,100445,235,100172,235,100496,235,100142,235,100714,100,100118,100,100728,200,100114,100,101712,100,100080,100,101778,100,100063,100,102011,100,100038,200,,,100032,100,,,99996,100
2019-06-28 09:57:02.344033226,100349,239,100241,139,100445,235,100172,235,100496,235,100142,235,100714,100,100118,100,100728,200,100114,100,101712,100,100080,100,101778,100,100063,100,102011,100,100038,200,,,100032,100,,,99996,100
2019-06-28 09:57:10.000000000,100349,182,100172,182,100445,182,100142,182,100496,182,100118,182,100714,182,100114,182,100728,282,100080,182,101712,100,100063,100,101778,100,100038,200,102011,100,100032,100,,,99996,100,,,99983,100
2019-06-28 09:57:17.834733567,100349,182,100172,182,100445,182,100142,182,100496,182,100118,182,100714,182,100114,182,100728,282,100080,182,101712,100,100063,100,101778,100,100038,200,102011,100,100032,100,,,99996,100,,,99983,100
2019-06-28 09:57:19.420173097,100349,182,100172,82,100445,182,100142,182,100496,182,100118,182,100714,182,100114,182,100728,282,100080,182,101712,100,100063,100,101778,100,100038,200,102011,100,100032,100,,,99996,100,,,99983,100
2019-06-28 09:57:20.000000000,100349,239,100142,239,100445,235,100118,235,100496,235,100114,235,100714,100,100080,100,100728,200,100063,100,101712,100,100038,200,101778,100,100032,100,102011,100,99996,100,,,99983,100,,,99962,100
2019-06-28 09:57:30.000000000,100349,182,100142,182,100445,182,100118,182,100496,182,100114,182,100714,182,100080,182,100728,282,100063,182,101712,100,100038,200,101778,100,100032,100,102011,100,99996,100,,,99983,100,,,99962,100
2019-06-28 09:57:40.000000000,100349,182,100142,182,100445,182,100118,182,100496,182,100114,182,100714,182,100080,182,100728,282,100063,182,101712,100,100038,200,101778,100,100032,100,102011,100,99996,100,,,99983,100,,,99962,100
2019-06-28 09:57:48.324786476,100349,182,100142,82,100445,182,100118,182,100496,182,100114,182,100714,182,100080,182,100728,282,100063,182,101712,100,100038,200,101778,100,100032,100,102011,100,99996,100,,,99983,100,,,99962,100
2019-06-28 09:57:49.823058936,100142,18,100118,182,100349,182,100114,182,100445,182,100080,182,100496,182,100063,182,100714,182,100038,200,100728,282,100032,100,101712,100,99996,100,101778,100,99983,100,102011,100,99962,100,,,99953,100
2019-06-28 09:57:50.000000000,100142,100,100118,182,100349,182,100114,182,100445,182,100080,182,100496,182,100063,182,100714,182,100038,282,100728,200,100032,100,101712,100,99996,100,101778,100,99983,100,102011,100,99962,100,,,99953,100
2019-06-28 09:57:58.317001176,100142,100,100118,182,100349,182,100114,182,100445,182,100080,182,100496,182,100063,182,100714,182,100038,282,100728,200,100032,100,101712,100,99996,100,101778,100,99983,100,102011,100,99962,100,,,99953,100
2019-06-28 09:58:00.000000000,100142,426,100118,508,100349,100,100114,100,100445,100,100080,100,100496,100,100063,100,100714,100,100038,200,100728,200,100032,100,101712,100,99996,100,101778,100,99983,100,102011,100,99962,100,,,99953,100
2019-06-28 09:58:09.739835340,100142,526,100118,508,100349,100,100114,100,100445,100,100080,100,100496,100,100063,100,100714,100,100038,200,100728,200,100032,100,101712,100,99983,100,101778,100,99962,100,102011,100,99953,100,,,99945,100
2019-06-28 09:58:10.000000000,100142,526,100118,508,100349,100,100114,100,100445,100,100080,100,100496,100,100063,100,100714,100,100038,200,100728,200,100032,100,101712,100,99983,100,101778,100,99962,100,102011,100,99953,100,,,99945,100
2019-06-28 09:58:20.000000000,100142,257,100118,239,100349,235,100114,235,100445,235,100080,235,100496,100,100063,100,100714,100,100038,200,100728,200,100032,100,101712,100,99983,100,101778,100,99962,100,102011,100,99953,100,,,99945,100
2019-06-28 09:58:25.792911288,100142,357,100118,239,100349,235,100114,235,100445,235,100080,235,100496,100,100063,100,100714,100,100038,200,100728,200,100032,100,101712,100,99983,100,101778,100,99962,100,102011,100,99953,100,,,99945,100
2019-06-28 09:58:30.000000000,100142,300,100118,182,100349,182,100114,182,100445,182,100080,182,100496,182,100063,182,100714,182,100038,282,100728,200,100032,100,101712,100,99983,100,101778,100,99962,100,102011,100,99953,100,,,99945,100
2019-06-28 09:58:40.000000000,100142,320,100118,202,100349,202,100114,202,100445,202,100080,202,100496,202,100063,202,100714,100,100038,200,100728,200,100032,100,101712,100,99983,100,101778,100,99962,100,102011,100,99953,100,,,99945,100
2019-06-28 09:58:50.000000000,100142,300,100118,182,100349,182,100114,182,100445,182,100080,182,100496,182,100063,182,100714,182,100038,282,100728,200,100032,100,101712,100,99983,100,101778,100,99962,100,102011,100,99953,100,,,99945,100
2019-06-28 09:59:00.000000000,100142,422,100118,304,100349,304,100114,304,100445,100,100080,100,100496,100,100063,100,100714,100,100038,200,100728,200,100032,100,101712,100,99983,100,101778,100,99962,100,102011,100,99953,100,,,99945,100
2019-06-28 09:59:09.230053052,100142,422,100118,304,100349,304,100114,304,100445,100,100080,100,100496,100,100063,100,100714,100,100038,200,100728,200,100037,100,101712,100,100032,100,101778,100,99983,100,102011,100,99962,100,,,99953,100
2019-06-28 09:59:10.000000000,100142,300,100118,182,100349,182,100114,182,100445,182,100080,182,100496,182,100063,182,100714,182,100038,282,100728,200,100037,100,101712,100,100032,100,101778,100,99983,100,102011,100,99962,100,,,99953,100
2019-06-28 09:59:20.000000000,100142,320,100118,202,100349,202,100114,202,100445,202,100080,202,100496,202,100063,202,100714,100,100038,200,100728,200,100037,100,101712,100,100032,100,101778,100,99983,100,102011,100,99962,100,,,99953,100
2019-06-28 09:59:30.000000000,100142,300,100118,182,100349,182,100114,182,100445,182,100080,182,100496,182,100063,182,100714,182,100038,282,100728,200,100037,100,101712,100,100032,100,101778,100,99983,100,102011,100,99962,100,,,99953,100
2019-06-28 09:59:40.000000000,100142,300,100118,182,100349,182,100114,182,100445,182,100080,182,100496,182,100063,182,100714,182,100038,282,100728,200,100037,100,101712,100,100032,100,101778,100,99983,100,102011,100,99962,100,,,99953,100
2019-06-28 09:59:50.000000000,100142,422,100118,304,100349,304,100114,304,100445,100,100080,100,100496,100,100063,100,100714,100,100038,200,100728,200,100037,100,101712,100,100032,100,101778,100,99983,100,102011,100,99962,100,,,99953,100
2019-06-28 09:59:53.902387983,100142,422,100118,304,100349,304,100114,304,100445,100,100080,100,100496,100,100063,100,100714,100,100038,200,100728,200,100037,100,100957,100,100032,100,101712,100,99983,100,101778,100,99962,100,102011,100,99953,100
2019-06-28 10:00:00.000000000,100142,320,100118,202,100349,202,100114,202,100445,202,100080,202,100496,202,100063,202,100714,100,100038,200,100728,200,100037,100,100957,100,100032,100,101712,100,99983,100,101778,100,99962,100,102011,100,99953,100
2019-06-28 10:00:01.895366113,100142,320,100118,202,100349,202,100114,202,100445,202,100080,202,100496,202,100063,202,100714,100,100038,100,100728,200,100037,100,100957,100,100032,100,101712,100,99983,100,101778,100,99962,100,102011,100,99953,100
2019-06-28 10:00:10.000000000,100142,300,100118,182,100349,182,100114,182,100445,182,100080,182,100496,182,100063,182,100714,182,100038,182,100728,200,100037,100,100957,100,100032,100,101712,100,99983,100,101778,100,99962,100,102011,100,99953,100
2019-06-28 10:00:20.000000000,100142,357,100118,239,100349,235,100114,235,100445,235,100080,235,100496,100,100063,100,100714,100,100038,100,100728,200,100037,100,100957,100,100032,100,101712,100,99983,100,101778,100,99962,100,102011,100,99953,100
2019-06-28 10:00:20.135920617,100142,257,100118,239,100349,235,100114,235,100445,235,100080,235,100496,100,100063,100,100714,100,100038,100,100728,200,100037,100,100957,100,100032,100,101712,100,99983,100,101778,100,99962,100,102011,100,99953,100
2019-06-28 10:00:20.599029222,100142,257,100118,239,100349,235,100114,235,100445,235,100080,235,100496,100,100063,100,100714,100,100038,100,100728,200,100037,100,100935,100,100032,100,100957,100,99983,100,101712,100,99962,100,101778,100,99953,100
2019-06-28 10:00:30.000000000,100142,526,100118,508,100349,100,100114,100,100445,100,100080,100,100496,100,100063,100,100714,100,100038,100,100728,200,100037,100,100935,100,100032,100,100957,100,99983,100,101712,100,99962,100,101778,100,99953,100
2019-06-28 10:00:32.110747657,100142,426,100118,508,100349,100,100114,100,100445,100,100080,100,100496,100,100063,100,100714,100,100038,100,100728,200,100037,100,100935,100,100032,100,100957,100,99983,100,101712,100,99962,100,101778,100,99953,100
2019-06-28 10:00:40.000000000,100142,100,100118,182,100349,182,100114,182,100445,182,100080,182,100496,182,100063,182,100714,182,100038,182,100728,200,100037,100,100935,100,100032,100,100957,100,99983,100,101712,100,99962,100,101778,100,99953,100
2019-06-28 10:00:50.000000000,100142,222,100118,304,100349,304,100114,304,100445,100,100080,100,100496,100,100063,100,100714,100,100038,100,100728,200,100037,100,100935,100,100032,100,100957,100,99983,100,101712,100,99962,100,101778,100,99953,100
2019-06-28 10:00:53.968139237,100142,122,100118,304,100349,304,100114,304,100445,100,100080,100,100496,100,100063,100,100714,100,100038,100,100728,200,100037,100,100935,100,100032,100,100957,100,99983,100,101712,100,99962,100,101778,100,99945,100
2019-06-28 10:01:00.000000000,100349,304,100118,304,100445,304,100114,304,100496,100,100080,100,100714,100,100063,100,100728,200,100038,100,100935,100,100037,100,100957,100,100032,100,101712,100,99983,100,101778,100,99962,100,102011,100,99945,100
2019-06-28 10:01:10.000000000,100349,508,100118,508,100445,100,100114,100,100496,100,100080,100,100714,100,100063,100,100728,200,100038,100,100935,100,100037,100,100957,100,100032,100,101712,100,99983,100,101778,100,99962,100,102011,100,99945,100
2019-06-28 10:01:14.809067900,100349,508,100118,508,100445,100,100114,100,100496,100,100080,100,100707,100,100063,100,100714,100,100038,100,100728,200,100037,100,100935,100,100032,100,100957,100,99983,100,101712,100,99962,100,101778,100,99945,100
2019-06-28 10:01:20.000000000,100349,202,100118,202,100445,202,100114,202,100496,202,100080,202,100707,202,100063,202,100714,100,100038,100,100728,200,100037,100,100935,100,100032,100,100957,100,99983,100,101712,100,99962,100,101778,100,99945,100
2019-06-28 10:01:30.000000000,100349,304,100118,304,100445,304,100114,304,100496,100,100080,100,100707,100,100063,100,100714,100,100038,100,100728,200,100037,100,100935,100,100032,100,100957,100,99983,100,101712,100,99962,100,101778,100,99945,100
2019-06-28 10:01:38.189676221,100349,304,100118,304,100445,304,100114,304,100457,100,100080,100,100496,100,100063,100,100707,100,100038,100,100714,100,100037,100,100728,200,100032,100,100935,100,99983,100,100957,100,99962,100,101712,100,99945,100
2019-06-28 10:01:40.000000000,100349,304,100118,304,100445,304,100114,304,100457,100,100080,100,100496,100,100063,100,100707,100,100038,100,100714,100,100037,100,100728,200,100032,100,100935,100,99983,100,100957,100,99962,100,101712,100,99945,100
2019-06-28 10:01:50.000000000,100349,182,100118,182,100445,182,100114,182,100457,182,100080,182,100496,182,100063,182,100707,182,100038,182,100714,100,100037,100,100728,200,100032,100,100935,100,99983,100,100957,100,99962,100,101712,100,99945,100
2019-06-28 10:02:00.000000000,100349,239,100118,239,100445,235,100114,235,100457,235,100080,235,100496,100,100063,100,100707,100,100038,100,100714,100,100037,100,100728,200,100032,100,100935,100,99983,100,100957,100,99962,100,101712,100,99945,100
2019-06-28 10:02:05.876280901,100349,239,100118,239,100445,235,100114,235,100457,235,100080,235,100496,100,100063,100,100575,100,100038,100,100714,100,100037,100,100728,200,100032,100,100935,100,99983,100,100957,100,99962,100,101712,100,99945,100
2019-06-28 10:02:10.000000000,100349,304,100118,304,100445,304,100114,304,100457,100,100080,100,100496,100,100063,100,100575,100,100038,100,100714,100,100037,100,100728,200,100032,100,100935,100,99983,100,100957,100,99962,100,101712,100,99945,100
2019-06-28 10:02:17.179194673,100349,204,100118,304,100445,304,100114,304,100457,100,100080,100,100496,100,100063,100,100575,100,100038,100,100714,100,100037,100,100728,200,100032,100,100935,100,99983,100,100957,100,99962,100,101712,100,99945,100
2019-06-28 10:02:20.000000000,100445,239,100118,239,100457,235,100114,235,100496,235,100080,235,100575,100,100063,100,100714,100,100038,100,100728,200,100037,100,100935,100,100032,100,100957,100,99983,100,101712,100,99962,100,101778,100,99945,100
2019-06-28 10:02:20.387052016,100445,239,100118,239,100457,235,100114,235,100470,100,100080,235,100496,235,100063,100,100575,100,100038,100,100714,100,100037,100,100728,200,100032,100,100935,100,99983,100,100957,100,99962,100,101712,100,99945,100
2019-06-28 10:02:25.097637236,100445,239,100118,239,100457,235,100114,235,100470,100,100080,235,100496,235,100063,100,100575,100,100041,100,100714,100,100038,100,100728,200,100037,100,100935,100,100032,100,100957,100,99983,100,101712,100,99962,100
2019-06-28 10:02:30.000000000,100445,508,100118,508,100457,100,100114,100,100470,100,100080,100,100496,100,100063,100,100575,100,100041,100,100714,100,100038,100,100728,200,100037,100,100935,100,100032,100,100957,100,99983,100,101712,100,99962,100
2019-06-28 10:02:40.000000000,100445,508,100118,508,100457,100,100114,100,100470,100,100080,100,100496,100,100063,100,100575,100,100041,100,100714,100,100038,100,100728,200,100037,100,100935,100,100032,100,100957,100,99983,100,101712,100,99962,100
2019-06-28 10:02:50.000000000,100445,508,100118,508,100457,100,100114,100,100470,100,100080,100,100496,100,100063,100,100575,100,100041,100,100714,100,100038,100,100728,200,100037,100,100935,100,100032,100,100957,100,99983,100,101712,100,99962,100
2019-06-28 10:02:58.401980714,100280,100,100118,508,100445,508,100114,100,100457,100,100080,100,100470,100,100063,100,100496,100,100041,100,100575,100,100038,100,100714,100,100037,100,100728,200,100032,100,100935,100,99983,100,100957,100,99962,100
2019-06-28 10:03:00.000000000,100280,202,100118,202,100445,202,100114,202,100457,202,100080,202,100470,202,100063,202,100496,100,100041,100,100575,100,100038,100,100714,100,100037,100,100728,200,100032,100,100935,100,99983,100,100957,100,99962,100
2019-06-28 10:03:10.000000000,100280,202,100118,202,100445,202,100114,202,100457,202,100080,202,100470,202,100063,202,100496,100,100041,100,100575,100,100038,100,100714,100,100037,100,100728,200,100032,100,100935,100,99983,100,100957,100,99962,100
2019-06-28 10:03:20.000000000,100280,239,100118,239,100445,235,100114,235,100457,235,100080,235,100470,100,100063,100,100496,100,100041,100,100575,100,100038,100,100714,100,100037,100,100728,200,100032,100,100935,100,99983,100,100957,100,99962,100
2019-06-28 10:03:30.000000000,100280,182,100118,182,100445,182,100114,182,100457,182,100080,182,100470,182,100063,182,100496,182,100041,182,100575,100,100038,100,100714,100,100037,100,100728,200,100032,100,100935,100,99983,100,100957,100,99962,100
2019-06-28 10:03:40.000000000,100280,182,100118,182,100445,182,100114,182,100457,182,100080,182,100470,182,100063,182,100496,182,100041,182,100575,100,100038,100,100714,100,100037,100,100728,200,100032,100,100935,100,99983,100,100957,100,99962,100
2019-06-28 10:03:50.000000000,100280,182,100118,182,100445,182,100114,182,100457,182,100080,182,100470,182,100063,182,100496,182,100041,182,100575,100,100038,100,100714,100,100037,100,100728,200,100032,100,100935,100,99983,100,100957,100,99962,100
2019-06-28 10:04:00.000000000,100280,239,100118,239,100445,235,100114,235,100457,235,100080,235,100470,100,100063,100,100496,100,100041,100,100575,100,100038,100,100714,100,100037,100,100728,200,100032,100,100935,100,99983,100,100957,100,99962,100
2019-06-28 10:04:04.878596657,100280,239,100118,239,100445,235,100114,235,100457,235,100080,235,100470,100,100063,100,100496,100,100041,100,100575,100,100038,100,100714,100,100037,100,100728,200,99983,100,100935,100,99962,100,100957,100,99945,100
2019-06-28 10:04:10.000000000,100280,508,100118,508,100445,100,100114,100,100457,100,100080,100,100470,100,100063,100,100496,100,100041,100,100575,100,100038,100,100714,100,100037,100,100728,200,99983,100,100935,100,99962,100,100957,100,99945,100
2019-06-28 10:04:14.470623379,100280,408,100118,508,100445,100,100114,100,100457,100,100080,100,100470,100,100063,100,100496,100,100041,100,100575,100,100038,100,100714,100,100037,100,100728,200,99983,100,100935,100,99962,100,100957,100,99945,100
2019-06-28 10:04:20.000000000,100445,182,100118,182,100457,182,100114,182,100470,182,100080,182,100496,182,100063,182,100575,182,100041,182,100714,100,100038,100,100728,200,100037,100,100935,100,99983,100,100957,100,99962,100,101712,100,99945,100
2019-06-28 10:04:20.061797459,100445,82,100118,182,100457,182,100114,182,100470,182,100080,182,100496,182,100063,182,100575,182,100041,182,100714,100,100038,100,100728,200,100037,100,100935,100,99983,100,100957,100,99962,100,101712,100,99945,100
2019-06-28 10:04:30.000000000,100457,508,100118,508,100470,100,100114,100,100496,100,100080,100,100575,100,100063,100,100714,100,100041,100,100728,200,100038,100,100935,100,100037,100,100957,100,99983,100,101712,100,99962,100,101778,100,99945,100
2019-06-28 10:04:40.000000000,100457,304,100118,304,100470,304,100114,304,100496,100,100080,100,100575,100,100063,100,100714,100,100041,100,100728,200,100038,100,100935,100,100037,100,100957,100,99983,100,101712,100,99962,100,101778,100,99945,100
2019-06-28 10:04:42.545475253,100457,204,100118,304,100470,304,100114,304,100496,100,100080,100,100575,100,100063,100,100714,100,100041,100,100728,200,100038,100,100957,100,100037,100,101712,100,99983,100,101778,100,99962,100,102011,100,99945,100
2019-06-28 10:04:50.000000000,100470,508,100118,508,100496,100,100114,100,100575,100,100080,100,100714,100,100063,100,100728,200,100041,100,100957,100,100038,100,101712,100,100037,100,101778,100,99983,100,102011,100,99962,100,,,99945,100
2019-06-28 10:04:51.628439025,100470,508,100445,100,100496,100,100118,508,100575,100,100114,100,100714,100,100080,100,100728,200,100063,100,100957,100,100041,100,101712,100,100038,100,101778,100,100037,100,102011,100,99983,100,,,99962,100
2019-06-28 10:04:56.610806014,100470,408,100445,100,100496,100,100118,508,100575,100,100114,100,100714,100,100080,100,100728,200,100063,100,100957,100,100041,100,101712,100,100038,100,101778,100,100037,100,102011,100,99983,100,,,99962,100
2019-06-28 10:05:00.000000000,100496,304,100445,304,100575,304,100118,304,100714,100,100114,100,100728,200,100080,100,100957,100,100063,100,101712,100,100041,100,101778,100,100038,100,102011,100,100037,100,,,99983,100,,,99962,100
2019-06-28 10:05:10.000000000,100496,239,100445,239,100575,235,100118,235,100714,235,100114,235,100728,200,100080,100,100957,100,100063,100,101712,100,100041,100,101778,100,100038,100,102011,100,100037,100,,,99983,100,,,99962,100
2019-06-28 10:05:20.000000000,100496,304,100445,304,100575,304,100118,304,100714,100,100114,100,100728,200,100080,100,100957,100,100063,100,101712,100,100041,100,101778,100,100038,100,102011,100,100037,100,,,99983,100,,,99962,100
2019-06-28 10:05:30.000000000,100496,239,100445,239,100575,235,100118,235,100714,235,100114,235,100728,200,100080,100,100957,100,100063,100,101712,100,100041,100,101778,100,100038,100,102011,100,100037,100,,,99983,100,,,99962,100
2019-06-28 10:05:34.333535371,100496,239,100457,100,100575,235,100445,239,100714,235,100118,235,100728,200,100114,235,100957,100,100080,100,101712,100,100063,100,101778,100,100041,100,102011,100,100038,100,,,100037,100,,,99983,100
2019-06-28 10:05:40.000000000,100496,508,100457,508,100575,100,100445,100,100714,100,100118,100,100728,200,100114,100,100957,100,100080,100,101712,100,100063,100,101778,100,100041,100,102011,100,100038,100,,,100037,100,,,99983,100
2019-06-28 10:05:49.271424545,100496,408,100457,508,100575,100,100445,100,100728,200,100118,100,100957,100,100114,100,101712,100,100080,100,101778,100,100063,100,102011,100,100041,100,,,100038,100,,,100037,100,,,99983,100
2019-06-28 10:05:50.000000000,100575,304,100457,304,100728,404,100445,304,100957,100,100118,100,101712,100,100114,100,101778,100,100080,100,102011,100,100063,100,,,100041,100,,,100038,100,,,100037,100,,,99983,100
2019-06-28 10:05:59.803039085,100575,304,100457,204,100728,404,100445,304,100957,100,100118,100,101712,100,100114,100,101778,100,100080,100,102011,100,100063,100,,,100041,100,,,100038,100,,,100037,100,,,99983,100
2019-06-28 10:06:00.000000000,100575,304,100445,304,100728,404,100118,304,100957,100,100114,100,101712,100,100080,100,101778,100,100063,100,102011,100,100041,100,,,100038,100,,,100037,100,,,99983,100,,,99962,100
2019-06-28 10:06:10.000000000,100575,239,100445,239,100728,335,100118,235,100957,235,100114,235,101712,100,100080,100,101778,100,100063,100,102011,100,100041,100,,,100038,100,,,100037,100,,,99983,100,,,99962,100
2019-06-28 10:06:12.264216398,100575,139,100445,239,100728,335,100118,235,100957,235,100114,235,101712,100,100080,100,101778,100,100063,100,102011,100,100041,100,,,100038,100,,,100037,100,,,99962,100,,,99945,100
2019-06-28 10:06:20.000000000,100728,339,100445,239,100957,235,100118,235,101712,235,100114,235,101778,100,100080,100,102011,100,100063,100,,,100041,100,,,100038,100,,,100037,100,,,99962,100,,,99945,100
2019-06-28 10:06:30.000000000,100728,339,100445,239,100957,235,100118,235,101712,235,100114,235,101778,100,100080,100,102011,100,100063,100,,,100041,100,,,100038,100,,,100037,100,,,99962,100,,,99945,100
2019-06-28 10:06:32.331057251,100728,239,100445,239,100957,235,100118,235,101712,235,100114,235,101778,100,100080,100,102011,100,100063,100,,,100041,100,,,100038,100,,,100037,100,,,99962,100,,,99945,100
2019-06-28 10:06:40.000000000,100728,304,100445,304,100957,304,100118,304,101712,100,100114,100,101778,100,100080,100,102011,100,100063,100,,,100041,100,,,100038,100,,,100037,100,,,99962,100,,,99945,100
2019-06-28 10:06:50.000000000,100728,239,100445,239,100957,235,100118,235,101712,235,100114,235,101778,100,100080,100,102011,100,100063,100,,,100041,100,,,100038,100,,,100037,100,,,99962,100,,,99945,100
2019-06-28 10:07:00.000000000,100728,239,100445,239,100957,235,100118,235,101712,235,100114,235,101778,100,100080,100,102011,100,100063,100,,,100041,100,,,100038,100,,,100037,100,,,99962,100,,,99945,100
2019-06-28 10:07:05.965262045,100728,239,100575,100,100957,235,100445,239,101712,235,100118,235,101778,100,100114,235,102011,100,100063,100,,,100041,100,,,100038,100,,,100037,100,,,99962,100,,,99945,100
2019-06-28 10:07:10.000000000,100728,202,100575,202,100957,202,100445,202,101712,202,100118,202,101778,202,100114,202,102011,100,100063,100,,,100041,100,,,100038,100,,,100037,100,,,99962,100,,,99945,100
2019-06-28 10:07:20.000000000,100728,239,100575,239,100957,235,100445,235,101712,235,100118,235,101778,100,100114,100,102011,100,100063,100,,,100041,100,,,100038,100,,,100037,100,,,99962,100,,,99945,100
2019-06-28 10:07:26.767403826,100728,139,100575,239,100957,235,100445,235,101712,235,100118,235,101778,100,100114,100,102011,100,100063,100,,,100041,100,,,100038,100,,,100037,100,,,99962,100,,,99945,100
2019-06-28 10:07:30.000000000,100957,508,100575,508,101712,100,100445,100,101778,100,100118,100,102011,100,100114,100,,,100063,100,,,100041,100,,,100038,100,,,100037,100,,,99962,100,,,99945,100
2019-06-28 10:07:40.000000000,100957,239,100575,239,101712,235,100445,235,101778,235,100118,235,102011,100,100114,100,,,100063,100,,,100041,100,,,100038,100,,,100037,100,,,99962,100,,,99945,100
2019-06-28 10:07:50.000000000,100957,202,100575,202,101712,202,100445,202,101778,202,100118,202,102011,202,100114,202,,,100063,100,,,100041,100,,,100038,100,,,100037,100,,,99962,100,,,99945,100
2019-06-28 10:08:00.000000000,100957,182,100575,182,101712,182,100445,182,101778,182,100118,182,102011,182,100114,182,102012,82,100063,182,,,100041,100,,,100038,100,,,100037,100,,,99962,100,,,99945,100
2019-06-28 10:08:10.000000000,100957,202,100575,202,101712,202,100445,202,101778,202,100118,202,102011,202,100114,202,,,100063,100,,,100041,100,,,100038,100,,,100037,100,,,99962,100,,,99945,100
2019-06-28 10:08:20.000000000,100957,508,100575,508,101712,100,100445,100,101778,100,100118,100,102011,100,100114,100,,,100063,100,,,100041,100,,,100038,100,,,100037,100,,,99962,100,,,99945,100
2019-06-28 10:08:30.000000000,100957,239,100575,239,101712,235,100445,235,101778,235,100118,235,102011,100,100114,100,,,100063,100,,,100041,100,,,100038,100,,,100037,100,,,99962,100,,,99945,100
2019-06-28 10:08:33.011961080,100957,139,100575,239,101712,235,100445,235,101778,235,100118,235,102011,100,100114,100,,,100063,100,,,100041,100,,,100038,100,,,100037,100,,,99962,100,,,99945,100
2019-06-28 10:08:40.000000000,101712,239,100575,239,101778,235,100445,235,102011,235,100118,235,,,100114,100,,,100063,100,,,100041,100,,,100038,100,,,100037,100,,,99962,100,,,99945,100
2019-06-28 10:08:50.000000000,101712,508,100575,508,101778,100,100445,100,102011,100,100118,100,,,100114,100,,,100063,100,,,100041,100,,,100038,100,,,100037,100,,,99962,100,,,99945,100
2019-06-28 10:09:00.000000000,101712,239,100575,239,101778,235,100445,235,102011,235,100118,235,,,100114,100,,,100063,100,,,100041,100,,,100038,100,,,100037,100,,,99962,100,,,99945,100
