,ask_price_1,ask_size_1,bid_price_1,bid_size_1,ask_price_2,ask_size_2,bid_price_2,bid_size_2,ask_price_3,ask_size_3,bid_price_3,bid_size_3,ask_price_4,ask_size_4,bid_price_4,bid_size_4,ask_price_5,ask_size_5,bid_price_5,bid_size_5,ask_price_6,ask_size_6,bid_price_6,bid_size_6,ask_price_7,ask_size_7,bid_price_7,bid_size_7,ask_price_8,ask_size_8,bid_price_8,bid_size_8,ask_price_9,ask_size_9,bid_price_9,bid_size_9,ask_price_10,ask_size_10,bid_price_10,bid_size_10
2019-06-28 09:30:00.000000000,100073,100,,,,,,,,,,,,,,,,,,,,,,,,,,,,,,,,,,,,,,
2019-06-28 09:30:00.000000001,100073,100,100021,100,,,,,,,,,,,,,,,,,,,,,,,,,,,,,,,,,,,,
2019-06-28 09:30:00.000000002,100073,100,100024,100,,,100021,100,,,,,,,,,,,,,,,,,,,,,,,,,,,,,,,,
2019-06-28 09:30:00.000000003,100073,100,100024,100,,,100021,100,,,99888,100,,,99833,100,,,,,,,,,,,,,,,,,,,,,,,,
2019-06-28 09:30:00.000000005,100073,100,100024,100,,,100021,100,,,100011,100,,,99888,100,,,99833,100,,,,,,,,,,,,,,,,,,,,
2019-06-28 09:30:00.000000009,100029,100,100024,100,100073,100,100021,100,,,100011,100,,,99888,100,,,99833,100,,,,,,,,,,,,,,,,,,,,
2019-06-28 09:30:00.000000010,100029,100,100024,100,100073,100,100021,100,,,100011,100,,,99975,100,,,99888,100,,,99833,100,,,,,,,,,,,,,,,,
2019-06-28 09:30:00.000000015,100029,100,100024,100,100073,100,100021,100,,,100011,100,,,99975,100,,,99914,100,,,99906,100,,,99888,100,,,99838,100,,,99833,100,,,,
2019-06-28 09:30:00.000000018,100029,100,100024,100,100073,100,100021,100,100174,100,100011,100,,,99975,100,,,99914,100,,,99906,100,,,99888,100,,,99838,100,,,99833,100,,,,
2019-06-28 09:30:00.000000019,100073,100,100024,100,100174,100,100021,100,,,100011,100,,,99975,100,,,99914,100,,,99906,100,,,99888,100,,,99838,100,,,99833,100,,,,
2019-06-28 09:30:00.000000021,100058,100,100024,100,100073,100,100021,100,100090,100,100011,100,100174,100,99975,100,,,99914,100,,,99906,100,,,99888,100,,,99838,100,,,99833,100,,,,
2019-06-28 09:30:00.000000024,100058,100,100024,100,100073,100,100021,100,100090,100,100011,100,100174,100,99999,100,,,99975,100,,,99914,100,,,99906,100,,,99888,100,,,99838,100,,,99833,100
2019-06-28 09:30:00.000000029,100058,100,100029,100,100073,100,100024,100,100090,100,100021,100,100174,100,100011,100,,,99999,100,,,99975,100,,,99914,100,,,99906,100,,,99888,100,,,99838,100
2019-06-28 09:30:00.000000030,100039,100,100029,100,100058,100,100024,100,100073,100,100021,100,100090,100,100011,100,100174,100,99999,100,,,99975,100,,,99914,100,,,99906,100,,,99888,100,,,99838,100
2019-06-28 09:30:00.000000031,100039,100,100024,100,100051,100,100021,100,100058,100,100011,100,100073,100,99999,100,100090,100,99975,100,100174,100,99914,100,,,99906,100,,,99888,100,,,99838,100,,,99833,100
2019-06-28 09:30:00.000000032,100039,100,100024,100,100051,100,100021,100,100058,100,100011,100,100073,100,99999,100,100090,100,99998,100,100174,100,99975,100,,,99914,100,,,99906,100,,,99888,100,,,99838,100
2019-06-28 09:30:00.000000035,100039,100,100024,100,100051,100,100021,100,100058,100,100011,100,100073,100,99999,100,100074,100,99998,100,100090,100,99975,100,100174,100,99914,100,,,99906,100,,,99888,100,,,99838,100
2019-06-28 09:30:00.000000036,100039,100,100024,100,100051,100,100021,100,100057,100,100011,100,100058,100,99999,100,100073,100,99998,100,100074,100,99975,100,100090,100,99914,100,100174,100,99906,100,,,99888,100,,,99838,100
2019-06-28 09:30:00.000000038,100039,100,100024,100,100051,100,100021,100,100057,100,100011,100,100058,100,99999,100,100066,100,99998,100,100073,100,99975,100,100074,100,99914,100,100090,100,99906,100,100174,100,99888,100,,,99838,100
2019-06-28 09:30:00.000000046,100039,100,100024,100,100051,100,100021,100,100057,100,100011,100,100058,100,99999,100,100066,100,99998,100,100073,100,99975,100,100074,100,99914,100,100090,100,99906,100,100174,100,99888,100,,,99845,100
2019-06-28 09:30:00.000000047,100039,200,100024,100,100051,100,100021,100,100057,100,100011,100,100058,100,99999,100,100066,100,99998,100,100073,100,99975,100,100074,100,99914,100,100090,100,99906,100,100174,100,99888,100,,,99845,100
2019-06-28 09:30:00.000000050,100039,200,100029,100,100051,100,100024,100,100057,100,100021,100,100058,100,100011,100,100066,100,99999,100,100073,100,99998,100,100074,100,99975,100,100090,100,99914,100,100174,100,99906,100,,,99888,100
2019-06-28 09:30:00.000000051,100039,200,100029,200,100051,100,100024,100,100057,100,100021,100,100058,100,100011,100,100066,100,99999,100,100073,100,99998,100,100074,100,99975,100,100090,100,99914,100,100174,100,99906,100,,,99898,100
2019-06-28 09:30:00.000000053,100039,200,100029,200,100051,100,100024,100,100057,100,100021,100,100058,100,100011,100,100066,100,99999,100,100073,100,99998,100,100074,100,99975,100,100090,100,99924,100,100174,100,99914,100,,,99906,100
2019-06-28 09:30:00.000000054,100039,200,100029,100,100051,100,100024,100,100057,100,100021,100,100058,100,100011,100,100066,100,99999,100,100073,100,99998,100,100074,100,99975,100,100090,100,99924,100,100174,100,99914,100,,,99906,100
2019-06-28 09:30:00.000000057,100039,200,100029,100,100051,100,100024,100,100057,100,100021,100,100058,100,100011,100,100066,100,99999,100,100073,100,99998,100,100074,100,99975,100,100078,100,99924,100,100090,100,99914,100,100174,100,99906,100
2019-06-28 09:30:00.000000058,100039,200,100029,100,100051,100,100024,100,100057,100,100021,100,100058,100,100011,100,100066,100,99999,100,100073,100,99998,100,100074,100,99975,100,100078,100,99924,100,100090,100,99914,100,100097,100,99906,100
2019-06-28 09:30:00.000000061,100039,200,100029,100,100051,100,100024,100,100057,100,100021,100,100058,100,100011,100,100066,100,99999,100,100073,100,99998,100,100074,100,99975,100,100078,100,99924,100,100090,100,99914,100,100097,100,99906,100
2019-06-28 09:30:00.000000063,100039,200,100029,100,100051,100,100024,100,100057,100,100021,100,100058,100,100011,100,100066,100,99999,100,100073,100,99998,100,100074,100,99975,100,100078,100,99962,100,100090,100,99924,100,100097,100,99914,100
2019-06-28 09:30:00.000000067,100039,200,100024,100,100051,100,100021,100,100057,100,100011,100,100058,100,99999,100,100066,100,99998,100,100073,100,99975,100,100074,100,99962,100,100078,100,99924,100,100090,100,99914,100,100097,100,99906,100
2019-06-28 09:30:00.000000068,100039,200,100011,100,100051,100,99999,100,100057,100,99998,100,100058,100,99975,100,100066,100,99962,100,100073,100,99924,100,100074,100,99917,100,100078,100,99914,100,100090,100,99906,100,100097,100,99898,100
2019-06-28 09:30:00.000000071,100039,200,100011,100,100051,100,99999,100,100057,100,99998,100,100058,100,99975,100,100066,100,99962,100,100073,100,99924,100,100074,100,99917,100,100078,100,99914,100,100090,100,99906,100,100097,100,99898,100
2019-06-28 09:30:00.000000072,100012,100,100011,100,100039,200,99999,100,100051,100,99998,100,100057,100,99975,100,100058,100,99962,100,100066,100,99924,100,100073,100,99917,100,100074,100,99914,100,100078,100,99906,100,100090,100,99898,100
2019-06-28 09:30:00.000000073,100012,100,100011,100,100039,200,99999,100,100051,100,99998,100,100057,100,99975,100,100058,100,99962,100,100066,100,99924,100,100073,100,99917,100,100074,100,99914,100,100078,100,99906,100,100089,100,99898,100
2019-06-28 09:30:00.000000075,100012,100,100011,100,100039,200,99999,100,100051,100,99998,100,100057,100,99975,100,100058,100,99962,100,100066,100,99924,100,100068,100,99917,100,100073,100,99914,100,100074,100,99906,100,100078,100,99898,100
2019-06-28 09:30:00.000000076,100012,100,100011,100,100039,200,99999,100,100051,100,99998,100,100057,100,99975,100,100058,100,99962,100,100066,100,99924,100,100068,100,99917,100,100073,100,99914,100,100074,100,99906,100,100078,100,99898,100
2019-06-28 09:30:00.000000078,100012,100,100011,100,100039,200,99999,100,100051,100,99998,100,100057,100,99975,100,100058,100,99962,100,100066,100,99924,100,100068,100,99917,100,100073,100,99914,100,100074,100,99906,100,100078,100,99900,100
2019-06-28 09:30:00.000000079,100012,100,100011,100,100039,200,99999,100,100051,100,99998,100,100057,100,99975,100,100058,100,99962,100,100066,100,99924,100,100068,100,99917,100,100073,100,99914,100,100074,200,99906,100,100078,100,99900,100
2019-06-28 09:30:00.000000083,100012,100,100011,100,100039,200,99999,100,100051,100,99998,100,100057,100,99975,100,100058,100,99962,100,100066,100,99924,100,100068,100,99917,100,100072,100,99914,100,100073,100,99906,100,100074,200,99900,100
2019-06-28 09:30:00.000000084,100012,100,100011,100,100024,100,99999,100,100039,200,99998,100,100051,100,99975,100,100057,100,99962,100,100058,100,99924,100,100066,100,99917,100,100068,100,99914,100,100072,100,99906,100,100073,100,99900,100
2019-06-28 09:30:00.000000085,100024,100,100011,100,100039,200,99999,100,100051,100,99998,100,100057,100,99975,100,100058,100,99962,100,100066,100,99924,100,100068,100,99917,100,100072,100,99914,100,100073,100,99906,100,100074,200,99900,100
2019-06-28 09:30:00.000000086,100024,100,100011,100,100039,200,99999,100,100051,100,99998,100,100057,100,99975,100,100058,100,99962,100,100063,100,99924,100,100066,100,99917,100,100068,100,99914,100,100072,100,99906,100,100073,100,99900,100
2019-06-28 09:30:00.000000087,100024,100,100011,100,100039,200,99999,100,100051,100,99998,100,100057,100,99975,100,100058,100,99962,100,100063,100,99924,100,100066,100,99917,100,100068,100,99914,100,100070,100,99906,100,100072,100,99900,100
2019-06-28 09:30:00.000000092,100021,100,100011,100,100024,100,99999,100,100039,200,99998,100,100051,100,99975,100,100057,100,99962,100,100058,100,99924,100,100063,100,99917,100,100066,100,99914,100,100068,100,99906,100,100070,100,99900,100
2019-06-28 09:30:00.000000095,100024,100,100011,100,100039,200,99999,100,100051,100,99998,100,100057,100,99975,100,100058,100,99962,100,100063,100,99924,100,100066,100,99917,100,100068,100,99914,100,100070,100,99906,100,100072,100,99900,100
2019-06-28 09:30:00.000000096,100024,100,100011,100,100039,200,99999,100,100051,100,99998,100,100057,100,99975,100,100058,100,99962,100,100063,100,99924,100,100066,100,99917,100,100068,100,99914,100,100070,100,99906,100,100072,100,99900,100
2019-06-28 09:30:00.000000098,100024,100,100011,100,100039,200,99999,100,100051,100,99998,100,100057,100,99975,100,100058,100,99962,100,100063,100,99924,100,100066,100,99917,100,100068,100,99914,100,100070,100,99906,100,100072,100,99900,100
2019-06-28 09:30:00.000000099,100024,100,100011,100,100039,200,99999,100,100051,100,99998,100,100057,100,99975,100,100058,100,99962,100,100063,100,99924,100,100066,100,99917,100,100068,100,99914,200,100070,100,99906,100,100072,100,99900,100
2019-06-28 09:30:10.000000000,100024,192,100011,192,100039,292,99999,192,100051,192,99998,192,100057,192,99975,192,100058,192,99962,192,100063,100,99924,100,100066,100,99917,100,100068,100,99914,200,100070,100,99906,100,100072,100,99900,100
2019-06-28 09:30:20.000000000,100024,562,100011,562,100039,200,99999,100,100051,100,99998,100,100057,100,99975,100,100058,100,99962,100,100063,100,99924,100,100066,100,99917,100,100068,100,99914,200,100070,100,99906,100,100072,100,99900,100
2019-06-28 09:30:27.299343979,100024,562,100011,462,100039,200,99999,100,100051,100,99998,100,100057,100,99975,100,100058,100,99962,100,100063,100,99924,100,100066,100,99917,100,100068,100,99914,200,100070,100,99906,100,100072,100,99900,100
2019-06-28 09:30:30.000000000,100024,192,99999,192,100039,292,99998,192,100051,192,99975,192,100057,192,99962,192,100058,192,99924,192,100063,100,99917,100,100066,100,99914,200,100068,100,99906,100,100070,100,99900,100,100072,100,99898,100
2019-06-28 09:30:31.259488697,100024,192,99999,192,100039,292,99998,192,100051,192,99975,192,100057,192,99962,192,100058,192,99924,192,100063,100,99917,100,100066,100,99914,200,100068,100,99906,100,100070,100,99900,100,100072,100,99898,100
2019-06-28 09:30:40.000000000,100024,216,99999,216,100039,316,99998,216,100051,216,99975,216,100057,216,99962,216,100058,100,99924,100,100063,100,99917,100,100066,100,99914,200,100068,100,99906,100,100070,100,99900,100,100072,100,99898,100
2019-06-28 09:30:50.000000000,100024,192,99999,192,100039,292,99998,192,100051,192,99975,192,100057,192,99962,192,100058,192,99924,192,100063,100,99917,100,100066,100,99914,200,100068,100,99906,100,100070,100,99900,100,100072,100,99898,100
2019-06-28 09:31:00.000000000,100024,216,99999,216,100039,316,99998,216,100051,216,99975,216,100057,216,99962,216,100058,100,99924,100,100063,100,99917,100,100066,100,99914,200,100068,100,99906,100,100070,100,99900,100,100072,100,99898,100
2019-06-28 09:31:01.205375390,100021,100,99999,216,100024,216,99998,216,100039,316,99975,216,100051,216,99962,216,100057,216,99924,100,100058,100,99917,100,100063,100,99914,200,100066,100,99906,100,100068,100,99900,100,100070,100,99898,100
2019-06-28 09:31:03.974583131,100021,200,99999,216,100024,216,99998,216,100039,316,99975,216,100051,216,99962,216,100057,216,99924,100,100058,100,99917,100,100063,100,99914,200,100066,100,99906,100,100068,100,99900,100,100070,100,99898,100
2019-06-28 09:31:10.000000000,100021,292,99999,192,100024,192,99998,192,100039,292,99975,192,100051,192,99962,192,100057,192,99924,192,100058,100,99917,100,100063,100,99914,200,100066,100,99906,100,100068,100,99900,100,100070,100,99898,100
2019-06-28 09:31:20.000000000,100021,292,99999,192,100024,192,99998,192,100039,292,99975,192,100051,192,99962,192,100057,192,99924,192,100058,100,99917,100,100063,100,99914,200,100066,100,99906,100,100068,100,99900,100,100070,100,99898,100
2019-06-28 09:31:30.000000000,100021,662,99999,562,100024,100,99998,100,100039,200,99975,100,100051,100,99962,100,100057,100,99924,100,100058,100,99917,100,100063,100,99914,200,100066,100,99906,100,100068,100,99900,100,100070,100,99898,100
2019-06-28 09:31:40.000000000,100021,292,99999,192,100024,192,99998,192,100039,292,99975,192,100051,192,99962,192,100057,192,99924,192,100058,100,99917,100,100063,100,99914,200,100066,100,99906,100,100068,100,99900,100,100070,100,99898,100
2019-06-28 09:31:47.949685296,100021,292,99999,192,100024,192,99998,192,100039,292,99975,192,100051,192,99962,192,100057,192,99924,192,100058,100,99917,100,100063,100,99914,200,100066,100,99906,100,100068,100,99900,100,100070,100,99898,100
2019-06-28 09:31:50.000000000,100021,316,99999,216,100024,216,99998,216,100039,316,99975,216,100051,216,99962,216,100057,100,99924,100,100058,100,99917,100,100063,100,99914,200,100066,100,99906,100,100068,100,99900,100,100070,100,99898,100
2019-06-28 09:31:52.377676285,100021,316,100012,100,100024,216,99999,216,100039,316,99998,216,100051,216,99975,216,100057,100,99962,216,100058,100,99924,100,100063,100,99917,100,100066,100,99914,200,100068,100,99906,100,100070,100,99900,100
2019-06-28 09:31:53.347544922,100021,316,100012,100,100024,216,99999,216,100039,316,99998,216,100051,216,99975,216,100057,100,99962,216,100058,100,99924,100,100063,100,99917,100,100066,100,99914,200,100068,100,99906,100,100070,100,99900,100
2019-06-28 09:32:00.000000000,100021,292,100012,192,100024,192,99999,192,100039,292,99998,192,100051,192,99975,192,100057,192,99962,192,100058,100,99924,100,100063,100,99917,100,100066,100,99914,200,100068,100,99906,100,100070,100,99900,100
2019-06-28 09:32:10.000000000,100021,431,100012,331,100024,331,99999,331,100039,200,99998,100,100051,100,99975,100,100057,100,99962,100,100058,100,99924,100,100063,100,99917,100,100066,100,99914,200,100068,100,99906,100,100070,100,99900,100
2019-06-28 09:32:20.000000000,100021,292,100012,192,100024,192,99999,192,100039,292,99998,192,100051,192,99975,192,100057,192,99962,192,100058,100,99924,100,100063,100,99917,100,100066,100,99914,200,100068,100,99906,100,100070,100,99900,100
2019-06-28 09:32:30.000000000,100021,662,100012,562,100024,100,99999,100,100039,200,99998,100,100051,100,99975,100,100057,100,99962,100,100058,100,99924,100,100063,100,99917,100,100066,100,99914,200,100068,100,99906,100,100070,100,99900,100
2019-06-28 09:32:40.000000000,100021,292,100012,192,100024,192,99999,192,100039,292,99998,192,100051,192,99975,192,100057,192,99962,192,100058,100,99924,100,100063,100,99917,100,100066,100,99914,200,100068,100,99906,100,100070,100,99900,100
2019-06-28 09:32:50.000000000,100021,431,100012,331,100024,331,99999,331,100039,200,99998,100,100051,100,99975,100,100057,100,99962,100,100058,100,99924,100,100063,100,99917,100,100066,100,99914,200,100068,100,99906,100,100070,100,99900,100
2019-06-28 09:32:58.863906929,100021,331,100012,331,100024,331,99999,331,100039,200,99998,100,100051,100,99975,100,100057,100,99924,100,100058,100,99917,100,100063,100,99914,200,100066,100,99906,100,100068,100,99900,100,100070,100,99898,100
2019-06-28 09:33:00.000000000,100021,331,100012,331,100024,331,99999,331,100039,200,99998,100,100051,100,99975,100,100057,100,99924,100,100058,100,99917,100,100063,100,99914,200,100066,100,99906,100,100068,100,99900,100,100070,100,99898,100
2019-06-28 09:33:07.499869199,100021,331,100012,331,100024,331,99999,331,100039,200,99998,100,100051,100,99924,100,100057,100,99917,100,100058,100,99914,200,100063,100,99906,100,100066,100,99900,100,100068,100,99898,100,100070,100,99890,100
2019-06-28 09:33:08.029622575,100021,331,100013,100,100024,331,100012,231,100039,200,99999,331,100051,100,99998,100,100057,100,99924,100,100058,100,99917,100,100063,100,99914,200,100066,100,99906,100,100068,100,99900,100,100070,100,99898,100
2019-06-28 09:33:10.000000000,100021,257,100013,257,100024,252,99999,252,100039,352,99998,252,100051,100,99924,100,100057,100,99917,100,100058,100,99914,200,100063,100,99906,100,100066,100,99900,100,100068,100,99898,100,100070,100,99890,100
2019-06-28 09:33:20.000000000,100021,216,100013,216,100024,216,99999,216,100039,316,99998,216,100051,216,99924,216,100057,100,99917,100,100058,100,99914,200,100063,100,99906,100,100066,100,99900,100,100068,100,99898,100,100070,100,99890,100
2019-06-28 09:33:20.480510105,100021,216,100013,216,100024,216,99999,216,100039,316,99998,216,100051,216,99924,216,100057,100,99917,100,100058,100,99914,200,100063,100,99906,100,100066,100,99900,100,100068,100,99898,100,100070,100,99890,100
2019-06-28 09:33:30.000000000,100021,216,100013,216,100024,216,99999,216,100039,316,99998,216,100051,216,99924,216,100057,100,99917,100,100058,100,99914,200,100063,100,99906,100,100066,100,99900,100,100068,100,99898,100,100070,100,99890,100
2019-06-28 09:33:30.001983019,100021,216,100013,316,100024,216,99999,216,100039,316,99998,216,100051,216,99924,216,100057,100,99917,100,100058,100,99914,200,100063,100,99906,100,100066,100,99900,100,100068,100,99898,100,100070,100,99890,100
2019-06-28 09:33:40.000000000,100021,216,100013,316,100024,216,99999,216,100039,316,99998,216,100051,216,99924,216,100057,100,99917,100,100058,100,99914,200,100063,100,99906,100,100066,100,99900,100,100068,100,99898,100,100070,100,99890,100
2019-06-28 09:33:50.000000000,100021,257,100013,357,100024,252,99999,252,100039,352,99998,252,100051,100,99924,100,100057,100,99917,100,100058,100,99914,200,100063,100,99906,100,100066,100,99900,100,100068,100,99898,100,100070,100,99890,100
2019-06-28 09:33:54.494726445,100021,157,100013,357,100024,252,99999,252,100039,352,99998,252,100051,100,99924,100,100057,100,99917,100,100058,100,99914,200,100063,100,99906,100,100066,100,99900,100,100068,100,99898,100,100070,100,99890,100
2019-06-28 09:34:00.000000000,100024,331,100013,431,100039,431,99999,331,100051,100,99998,100,100057,100,99924,100,100058,100,99917,100,100063,100,99914,200,100066,100,99906,100,100068,100,99900,100,100070,100,99898,100,100072,100,99890,100
2019-06-28 09:34:10.000000000,100024,331,100013,431,100039,431,99999,331,100051,100,99998,100,100057,100,99924,100,100058,100,99917,100,100063,100,99914,200,100066,100,99906,100,100068,100,99900,100,100070,100,99898,100,100072,100,99890,100
2019-06-28 09:34:11.946746555,100024,331,100013,431,100039,431,99999,331,100051,100,99998,100,100057,100,99924,100,100058,100,99917,100,100063,100,99914,200,100066,100,99906,100,100068,100,99900,100,100070,100,99898,100,100072,100,99890,100
2019-06-28 09:34:20.000000000,100024,216,100013,316,100039,316,99999,216,100051,216,99998,216,100057,216,99924,216,100058,100,99917,100,100063,100,99914,200,100066,100,99906,100,100068,100,99900,100,100070,100,99898,100,100072,100,99890,100
2019-06-28 09:34:30.000000000,100024,331,100013,431,100039,431,99999,331,100051,100,99998,100,100057,100,99924,100,100058,100,99917,100,100063,100,99914,200,100066,100,99906,100,100068,100,99900,100,100070,100,99898,100,100072,100,99890,100
2019-06-28 09:34:40.000000000,100024,331,100013,431,100039,431,99999,331,100051,100,99998,100,100057,100,99924,100,100058,100,99917,100,100063,100,99914,200,100066,100,99906,100,100068,100,99900,100,100070,100,99898,100,100072,100,99890,100
2019-06-28 09:34:50.000000000,100024,216,100013,316,100039,316,99999,216,100051,216,99998,216,100057,216,99924,216,100058,100,99917,100,100063,100,99914,200,100066,100,99906,100,100068,100,99900,100,100070,100,99898,100,100072,100,99890,100
2019-06-28 09:34:59.422345464,100024,116,100013,316,100039,316,99999,216,100051,216,99998,216,100057,216,99924,216,100058,100,99917,100,100063,100,99914,200,100066,100,99906,100,100068,100,99900,100,100070,100,99898,100,100072,100,99890,100
2019-06-28 09:35:00.000000000,100039,357,100013,357,100051,252,99999,252,100057,252,99998,252,100058,100,99924,100,100063,100,99917,100,100066,100,99914,200,100068,100,99906,100,100070,100,99900,100,100072,100,99898,100,100073,100,99890,100
2019-06-28 09:35:10.000000000,100039,431,100013,431,100051,331,99999,331,100057,100,99998,100,100058,100,99924,100,100063,100,99917,100,100066,100,99914,200,100068,100,99906,100,100070,100,99900,100,100072,100,99898,100,100073,100,99890,100
2019-06-28 09:35:20.000000000,100039,292,100013,292,100051,192,99999,192,100057,192,99998,192,100058,192,99924,192,100063,192,99917,192,100066,100,99914,200,100068,100,99906,100,100070,100,99900,100,100072,100,99898,100,100073,100,99890,100
2019-06-28 09:35:30.000000000,100039,431,100013,431,100051,331,99999,331,100057,100,99998,100,100058,100,99924,100,100063,100,99917,100,100066,100,99914,200,100068,100,99906,100,100070,100,99900,100,100072,100,99898,100,100073,100,99890,100
2019-06-28 09:35:33.337492075,100039,331,100013,431,100051,331,99999,331,100057,100,99998,100,100058,100,99924,100,100063,100,99917,100,100066,100,99914,200,100068,100,99906,100,100070,100,99900,100,100072,100,99898,100,100073,100,99890,100
2019-06-28 09:35:40.000000000,100039,257,100013,357,100051,252,99999,252,100057,252,99998,252,100058,100,99924,100,100063,100,99917,100,100066,100,99914,200,100068,100,99906,100,100070,100,99900,100,100072,100,99898,100,100073,100,99890,100
2019-06-28 09:35:40.666229687,100039,257,100013,357,100051,252,99999,252,100057,252,99998,252,100058,100,99924,100,100063,100,99917,100,100066,100,99914,200,100068,100,99906,100,100070,100,99900,100,100072,100,99898,100,100073,100,99890,100
2019-06-28 09:35:50.000000000,100039,562,100013,662,100051,100,99999,100,100057,100,99998,100,100058,100,99924,100,100063,100,99917,100,100066,100,99914,200,100068,100,99906,100,100070,100,99900,100,100072,100,99898,100,100073,100,99890,100
2019-06-28 09:35:59.668372003,100039,562,100013,662,100051,100,99999,100,100057,100,99998,100,100058,100,99924,100,100063,100,99917,100,100066,100,99914,200,100068,100,99906,100,100070,100,99900,100,100072,100,99898,100,100073,100,99890,100
2019-06-28 09:36:00.000000000,100039,331,100013,431,100051,331,99999,331,100057,100,99998,100,100058,100,99924,100,100063,100,99917,100,100066,100,99914,200,100068,100,99906,100,100070,100,99900,100,100072,100,99898,100,100073,100,99890,100
2019-06-28 09:36:02.486592671,100039,331,100013,431,100051,331,99999,331,100057,100,99998,100,100058,100,99924,100,100063,100,99917,100,100066,100,99914,200,100068,100,99906,100,100070,100,99900,100,100072,100,99898,100,100073,100,99890,100
2019-06-28 09:36:10.000000000,100039,192,100013,292,100051,192,99999,192,100057,192,99998,192,100058,192,99924,192,100063,192,99917,192,100066,100,99914,200,100068,100,99906,100,100070,100,99900,100,100072,100,99898,100,100073,100,99890,100
2019-06-28 09:36:11.125196966,100039,192,100013,192,100051,192,99999,192,100057,192,99998,192,100058,192,99924,192,100063,192,99917,192,100066,100,99914,200,100068,100,99906,100,100070,100,99900,100,100072,100,99898,100,100073,100,99890,100
2019-06-28 09:36:20.000000000,100039,192,100013,192,100051,192,99999,192,100057,192,99998,192,100058,192,99924,192,100063,192,99917,192,100066,100,99914,200,100068,100,99906,100,100070,100,99900,100,100072,100,99898,100,100073,100,99890,100
2019-06-28 09:36:30.000000000,100039,562,100013,562,100051,100,99999,100,100057,100,99998,100,100058,100,99924,100,100063,100,99917,100,100066,100,99914,200,100068,100,99906,100,100070,100,99900,100,100072,100,99898,100,100073,100,99890,100
2019-06-28 09:36:30.969602154,100039,562,100014,100,100051,100,100013,562,100057,100,99999,100,100058,100,99998,100,100063,100,99924,100,100066,100,99917,100,100068,100,99914,200,100070,100,99906,100,100072,100,99900,100,100073,100,99898,100
2019-06-28 09:36:36.841122753,100039,562,100014,100,100051,100,100013,562,100057,100,99999,100,100063,100,99998,100,100066,100,99924,100,100068,100,99917,100,100070,100,99914,200,100072,100,99906,100,100073,100,99900,100,100074,100,99898,100
2019-06-28 09:36:40.000000000,100039,257,100014,257,100051,252,100013,252,100057,252,99999,252,100063,100,99998,100,100066,100,99924,100,100068,100,99917,100,100070,100,99914,200,100072,100,99906,100,100073,100,99900,100,100074,100,99898,100
2019-06-28 09:36:50.000000000,100039,257,100014,257,100051,252,100013,252,100057,252,99999,252,100063,100,99998,100,100066,100,99924,100,100068,100,99917,100,100070,100,99914,200,100072,100,99906,100,100073,100,99900,100,100074,100,99898,100
2019-06-28 09:36:54.270197199,100039,257,100014,257,100051,252,100013,252,100057,252,99999,252,100063,100,99998,100,100066,100,99924,100,100068,100,99917,100,100070,100,99914,200,100072,100,99906,100,100073,100,99900,100,100074,100,99898,100
2019-06-28 09:37:00.000000000,100039,331,100014,331,100051,331,100013,331,100057,100,99999,100,100063,100,99998,100,100066,100,99924,100,100068,100,99917,100,100070,100,99914,200,100072,100,99906,100,100073,100,99900,100,100074,100,99898,100
2019-06-28 09:37:04.564715931,100038,100,100014,331,100039,331,100013,331,100051,331,99999,100,100057,100,99998,100,100063,100,99924,100,100066,100,99917,100,100068,100,99914,200,100070,100,99906,100,100072,100,99900,100,100073,100,99898,100
2019-06-28 09:37:10.000000000,100038,562,100014,562,100039,100,100013,100,100051,100,99999,100,100057,100,99998,100,100063,100,99924,100,100066,100,99917,100,100068,100,99914,200,100070,100,99906,100,100072,100,99900,100,100073,100,99898,100
2019-06-28 09:37:20.000000000,100038,331,100014,331,100039,331,100013,331,100051,100,99999,100,100057,100,99998,100,100063,100,99924,100,100066,100,99917,100,100068,100,99914,200,100070,100,99906,100,100072,100,99900,100,100073,100,99898,100
2019-06-28 09:37:27.652038023,100038,331,100014,331,100039,331,100013,331,100051,100,99999,100,100057,100,99998,100,100063,100,99924,100,100066,100,99917,100,100068,100,99914,200,100070,100,99906,100,100072,100,99900,100,100073,100,99898,100
2019-06-28 09:37:30.000000000,100038,192,100014,192,100039,192,100013,192,100051,192,99999,192,100057,192,99998,192,100063,192,99924,192,100066,100,99917,100,100068,100,99914,200,100070,100,99906,100,100072,100,99900,100,100073,100,99898,100
2019-06-28 09:37:40.000000000,100038,331,100014,331,100039,331,100013,331,100051,100,99999,100,100057,100,99998,100,100063,100,99924,100,100066,100,99917,100,100068,100,99914,200,100070,100,99906,100,100072,100,99900,100,100073,100,99898,100
2019-06-28 09:37:40.404770542,100038,331,100014,231,100039,331,100013,331,100051,100,99999,100,100057,100,99998,100,100063,100,99924,100,100066,100,99917,100,100070,100,99914,200,100072,100,99906,100,100073,100,99900,100,100074,100,99898,100
2019-06-28 09:37:44.039870911,100038,331,100014,231,100039,331,100013,331,100051,100,99999,100,100057,100,99998,100,100063,100,99984,100,100066,100,99924,100,100070,100,99917,100,100072,100,99914,200,100073,100,99906,100,100074,100,99900,100
2019-06-28 09:37:50.000000000,100038,331,100013,331,100039,331,99999,331,100051,100,99998,100,100057,100,99984,100,100063,100,99924,100,100066,100,99917,100,100070,100,99914,200,100072,100,99906,100,100073,100,99900,100,100074,100,99898,100
2019-06-28 09:38:00.000000000,100038,257,100013,257,100039,252,99999,252,100051,252,99998,252,100057,100,99984,100,100063,100,99924,100,100066,100,99917,100,100070,100,99914,200,100072,100,99906,100,100073,100,99900,100,100074,100,99898,100
2019-06-28 09:38:10.000000000,100038,257,100013,257,100039,252,99999,252,100051,252,99998,252,100057,100,99984,100,100063,100,99924,100,100066,100,99917,100,100070,100,99914,200,100072,100,99906,100,100073,100,99900,100,100074,100,99898,100
2019-06-28 09:38:12.155869923,100038,257,100013,157,100039,252,99999,252,100051,252,99998,252,100057,100,99984,100,100063,100,99924,100,100066,100,99917,100,100070,100,99914,200,100072,100,99906,100,100073,100,99900,100,100074,100,99898,100
2019-06-28 09:38:13.978638669,100038,257,100013,57,100039,252,99999,252,100051,252,99998,252,100057,100,99984,100,100063,100,99924,100,100066,100,99917,100,100070,100,99914,200,100072,100,99906,100,100073,100,99900,100,100074,100,99898,100
2019-06-28 09:38:20.000000000,100038,216,99999,216,100039,216,99998,216,100051,216,99984,216,100057,216,99924,216,100063,100,99917,100,100066,100,99914,200,100070,100,99906,100,100072,100,99900,100,100073,100,99898,100,100074,100,99890,100
2019-06-28 09:38:23.058078671,100013,100,99999,216,100038,216,99998,216,100039,216,99984,216,100051,216,99924,216,100057,216,99917,100,100063,100,99914,200,100066,100,99906,100,100070,100,99900,100,100072,100,99898,100,100073,100,99890,100
2019-06-28 09:38:30.000000000,100013,192,99999,192,100038,192,99998,192,100039,192,99984,192,100051,192,99924,192,100057,192,99917,192,100063,100,99914,200,100066,100,99906,100,100070,100,99900,100,100072,100,99898,100,100073,100,99890,100
2019-06-28 09:38:40.000000000,100013,257,99999,257,100038,252,99998,252,100039,252,99984,252,100051,100,99924,100,100057,100,99917,100,100063,100,99914,200,100066,100,99906,100,100070,100,99900,100,100072,100,99898,100,100073,100,99890,100
2019-06-28 09:38:45.424155770,100013,257,99999,257,100038,252,99998,252,100039,252,99984,252,100051,100,99924,100,100057,100,99917,100,100063,100,99914,200,100066,100,99906,100,100070,100,99900,100,100072,100,99898,100,100073,100,99890,100
2019-06-28 09:38:49.819107574,100013,257,99999,157,100038,252,99998,252,100039,252,99984,252,100051,100,99924,100,100063,100,99917,100,100066,100,99914,200,100070,100,99906,100,100072,100,99900,100,100073,100,99898,100,100074,100,99890,100
2019-06-28 09:38:50.000000000,100013,562,99998,562,100038,100,99984,100,100039,100,99924,100,100051,100,99917,100,100063,100,99914,200,100066,100,99906,100,100070,100,99900,100,100072,100,99898,100,100073,100,99890,100,100074,100,99888,100
2019-06-28 09:38:54.369264669,100013,562,99998,562,100038,100,99984,100,100039,200,99924,100,100051,100,99917,100,100063,100,99914,200,100066,100,99906,100,100070,100,99900,100,100072,100,99898,100,100073,100,99890,100,100074,100,99888,100
2019-06-28 09:38:58.718569601,100013,462,99998,562,100038,100,99984,100,100039,200,99924,100,100051,100,99917,100,100063,100,99914,200,100066,100,99906,100,100070,100,99900,100,100072,100,99898,100,100073,100,99890,100,100074,100,99888,100
2019-06-28 09:39:00.000000000,100038,216,99998,216,100039,316,99984,216,100051,216,99924,216,100063,216,99917,216,100066,100,99914,200,100070,100,99906,100,100072,100,99900,100,100073,100,99898,100,100074,100,99890,100,100078,100,99888,100
2019-06-28 09:39:10.000000000,100038,562,99998,562,100039,200,99984,100,100051,100,99924,100,100063,100,99917,100,100066,100,99914,200,100070,100,99906,100,100072,100,99900,100,100073,100,99898,100,100074,100,99890,100,100078,100,99888,100
2019-06-28 09:39:20.000000000,100038,216,99998,216,100039,316,99984,216,100051,216,99924,216,100063,216,99917,216,100066,100,99914,200,100070,100,99906,100,100072,100,99900,100,100073,100,99898,100,100074,100,99890,100,100078,100,99888,100
2019-06-28 09:39:30.000000000,100038,562,99998,562,100039,200,99984,100,100051,100,99924,100,100063,100,99917,100,100066,100,99914,200,100070,100,99906,100,100072,100,99900,100,100073,100,99898,100,100074,100,99890,100,100078,100,99888,100
2019-06-28 09:39:36.586543516,100038,562,99998,562,100039,200,99984,100,100051,100,99924,100,100063,100,99917,100,100066,100,99914,200,100070,100,99906,100,100072,100,99900,100,100073,100,99898,100,100074,100,99890,100,100078,100,99888,100
2019-06-28 09:39:40.000000000,100038,192,99998,192,100039,292,99984,192,100051,192,99924,192,100063,192,99917,192,100066,192,99914,292,100070,100,99906,100,100072,100,99900,100,100073,100,99898,100,100074,100,99890,100,100078,100,99888,100
2019-06-28 09:39:43.766414807,100038,192,99998,192,100039,292,99984,192,100051,192,99924,192,100063,192,99917,192,100066,192,99914,292,100070,100,99906,100,100072,100,99900,100,100073,100,99898,100,100074,100,99890,100,100078,100,99888,100
2019-06-28 09:39:50.000000000,100038,216,99998,216,100039,316,99984,216,100051,216,99924,216,100063,216,99917,216,100066,100,99914,200,100070,100,99906,100,100072,100,99900,100,100073,100,99898,100,100074,100,99890,100,100078,100,99888,100
2019-06-28 09:40:00.000000000,100038,331,99998,331,100039,431,99984,331,100051,100,99924,100,100063,100,99917,100,100066,100,99914,200,100070,100,99906,100,100072,100,99900,100,100073,100,99898,100,100074,100,99890,100,100078,100,99888,100
2019-06-28 09:40:10.000000000,100038,216,99998,216,100039,316,99984,216,100051,216,99924,216,100063,216,99917,216,100066,100,99914,200,100070,100,99906,100,100072,100,99900,100,100073,100,99898,100,100074,100,99890,100,100078,100,99888,100
2019-06-28 09:40:20.000000000,100038,257,99998,257,100039,352,99984,252,100051,252,99924,252,100063,100,99917,100,100066,100,99914,200,100070,100,99906,100,100072,100,99900,100,100073,100,99898,100,100074,100,99890,100,100078,100,99888,100
2019-06-28 09:40:23.729566545,100038,157,99998,257,100039,352,99984,252,100051,252,99924,252,100063,100,99917,100,100066,100,99914,200,100070,100,99906,100,100072,100,99900,100,100073,100,99898,100,100074,100,99890,100,100078,100,99888,100
2019-06-28 09:40:30.000000000,100039,292,99998,192,100051,192,99984,192,100063,192,99924,192,100066,192,99917,192,100070,192,99914,292,100072,100,99906,100,100073,100,99900,100,100074,100,99898,100,100078,100,99890,100,100089,100,99888,100
2019-06-28 09:40:40.000000000,100039,316,99998,216,100051,216,99984,216,100063,216,99924,216,100066,216,99917,216,100070,100,99914,200,100072,100,99906,100,100073,100,99900,100,100074,100,99898,100,100078,100,99890,100,100089,100,99888,100
2019-06-28 09:40:44.419833803,100039,316,99998,216,100051,216,99984,216,100063,216,99924,216,100066,216,99917,216,100070,100,99914,200,100072,100,99906,100,100073,100,99900,100,100074,100,99898,100,100078,100,99890,100,100089,100,99879,100
2019-06-28 09:40:50.000000000,100039,292,99998,192,100051,192,99984,192,100063,192,99924,192,100066,192,99917,192,100070,192,99914,292,100072,100,99906,100,100073,100,99900,100,100074,100,99898,100,100078,100,99890,100,100089,100,99879,100
2019-06-28 09:41:00.000000000,100039,662,99998,562,100051,100,99984,100,100063,100,99924,100,100066,100,99917,100,100070,100,99914,200,100072,100,99906,100,100073,100,99900,100,100074,100,99898,100,100078,100,99890,100,100089,100,99879,100
2019-06-28 09:41:10.000000000,100039,662,99998,562,100051,100,99984,100,100063,100,99924,100,100066,100,99917,100,100070,100,99914,200,100072,100,99906,100,100073,100,99900,100,100074,100,99898,100,100078,100,99890,100,100089,100,99879,100
2019-06-28 09:41:20.000000000,100039,316,99998,216,100051,216,99984,216,100063,216,99924,216,100066,216,99917,216,100070,100,99914,200,100072,100,99906,100,100073,100,99900,100,100074,100,99898,100,100078,100,99890,100,100089,100,99879,100
2019-06-28 09:41:30.000000000,100039,431,99998,331,100051,331,99984,331,100063,100,99924,100,100066,100,99917,100,100070,100,99914,200,100072,100,99906,100,100073,100,99900,100,100074,100,99898,100,100078,100,99890,100,100089,100,99879,100
2019-06-28 09:41:36.878399056,100039,431,100013,100,100051,331,99998,331,100063,100,99984,331,100066,100,99924,100,100070,100,99917,100,100072,100,99914,200,100073,100,99906,100,100074,100,99900,100,100078,100,99898,100,100089,100,99890,100
2019-06-28 09:41:37.538352064,100039,331,100013,100,100051,331,99998,331,100063,100,99984,331,100066,100,99924,100,100070,100,99917,100,100072,100,99914,200,100073,100,99906,100,100074,100,99898,100,100078,100,99890,100,100089,100,99879,100
2019-06-28 09:41:40.000000000,100039,257,100013,257,100051,252,99998,252,100063,252,99984,252,100066,100,99924,100,100070,100,99917,100,100072,100,99914,200,100073,100,99906,100,100074,100,99898,100,100078,100,99890,100,100089,100,99879,100
2019-06-28 09:41:50.000000000,100039,216,100013,216,100051,216,99998,216,100063,216,99984,216,100066,216,99924,216,100070,100,99917,100,100072,100,99914,200,100073,100,99906,100,100074,100,99898,100,100078,100,99890,100,100089,100,99879,100
2019-06-28 09:42:00.000000000,100039,331,100013,331,100051,331,99998,331,100063,100,99984,100,100066,100,99924,100,100070,100,99917,100,100072,100,99914,200,100073,100,99906,100,100074,100,99898,100,100078,100,99890,100,100089,100,99879,100
2019-06-28 09:42:10.000000000,100039,192,100013,192,100051,192,99998,192,100063,192,99984,192,100066,192,99924,192,100070,192,99917,192,100072,100,99914,200,100073,100,99906,100,100074,100,99898,100,100078,100,99890,100,100089,100,99879,100
2019-06-28 09:42:17.575752753,100039,192,100038,100,100051,192,100013,192,100063,192,99998,192,100066,192,99984,192,100070,192,99924,192,100072,100,99917,192,100073,100,99914,200,100074,100,99906,100,100078,100,99898,100,100089,100,99890,100
2019-06-28 09:42:20.000000000,100039,192,100038,192,100051,192,100013,192,100063,192,99998,192,100066,192,99984,192,100070,192,99924,192,100072,100,99917,100,100073,100,99914,200,100074,100,99906,100,100078,100,99898,100,100089,100,99890,100
2019-06-28 09:42:30.000000000,100039,562,100038,562,100051,100,100013,100,100063,100,99998,100,100066,100,99984,100,100070,100,99924,100,100072,100,99917,100,100073,100,99914,200,100074,100,99906,100,100078,100,99898,100,100089,100,99890,100
2019-06-28 09:42:36.571876646,100039,562,100038,662,100051,100,100013,100,100063,100,99998,100,100066,100,99984,100,100070,100,99924,100,100072,100,99917,100,100073,100,99914,200,100074,100,99906,100,100078,100,99898,100,100089,100,99890,100
2019-06-28 09:42:40.000000000,100039,192,100038,292,100051,192,100013,192,100063,192,99998,192,100066,192,99984,192,100070,192,99924,192,100072,100,99917,100,100073,100,99914,200,100074,100,99906,100,100078,100,99898,100,100089,100,99890,100
2019-06-28 09:42:42.815375132,100039,192,100038,292,100051,192,100013,192,100063,192,99998,192,100066,192,99984,192,100070,192,99924,192,100072,100,99917,100,100073,100,99914,200,100074,100,99906,100,100078,100,99898,100,100089,100,99890,100
2019-06-28 09:42:50.000000000,100039,192,100038,292,100051,192,100013,192,100063,192,99998,192,100066,192,99984,192,100070,192,99924,192,100072,100,99917,100,100073,100,99914,200,100074,100,99906,100,100078,100,99898,100,100089,100,99890,100
2019-06-28 09:43:00.000000000,100039,331,100038,431,100051,331,100013,331,100063,100,99998,100,100066,100,99984,100,100070,100,99924,100,100072,100,99917,100,100073,100,99914,200,100074,100,99906,100,100078,100,99898,100,100089,100,99890,100
2019-06-28 09:43:10.000000000,100039,257,100038,357,100051,252,100013,252,100063,252,99998,252,100066,100,99984,100,100070,100,99924,100,100072,100,99917,100,100073,100,99914,200,100074,100,99906,100,100078,100,99898,100,100089,100,99890,100
2019-06-28 09:43:20.000000000,100039,562,100038,662,100051,100,100013,100,100063,100,99998,100,100066,100,99984,100,100070,100,99924,100,100072,100,99917,100,100073,100,99914,200,100074,100,99906,100,100078,100,99898,100,100089,100,99890,100
2019-06-28 09:43:28.331950617,100039,562,100038,662,100051,100,100013,100,100063,100,99998,100,100066,100,99984,100,100070,100,99924,100,100072,100,99917,100,100073,100,99914,200,100074,100,99906,100,100078,100,99898,100,100089,100,99890,100
2019-06-28 09:43:30.000000000,100039,192,100038,292,100051,192,100013,192,100063,192,99998,192,100066,192,99984,192,100070,192,99924,192,100072,100,99917,100,100073,100,99914,200,100074,100,99906,100,100078,100,99898,100,100089,100,99890,100
2019-06-28 09:43:39.708853688,100039,192,100038,292,100051,192,100013,192,100063,192,99998,192,100066,192,99984,192,100070,192,99924,192,100072,100,99914,200,100073,100,99906,100,100074,100,99898,100,100078,100,99890,100,100089,100,99879,100
2019-06-28 09:43:40.000000000,100039,257,100038,357,100051,252,100013,252,100063,252,99998,252,100066,100,99984,100,100070,100,99924,100,100072,100,99914,200,100073,100,99906,100,100074,100,99898,100,100078,100,99890,100,100089,100,99879,100
2019-06-28 09:43:40.741641284,100039,157,100038,357,100051,152,100013,252,100063,252,99998,252,100066,100,99984,100,100070,100,99924,100,100072,100,99914,200,100073,100,99906,100,100074,100,99898,100,100078,100,99890,100,100089,100,99879,100
2019-06-28 09:43:50.000000000,100063,562,100038,662,100066,100,100013,100,100070,100,99998,100,100072,100,99984,100,100073,100,99924,100,100074,100,99914,200,100078,100,99906,100,100089,100,99898,100,100090,100,99890,100,100125,100,99879,100
2019-06-28 09:44:00.000000000,100063,192,100038,292,100066,192,100013,192,100070,192,99998,192,100072,192,99984,192,100073,192,99924,192,100074,100,99914,200,100078,100,99906,100,100089,100,99898,100,100090,100,99890,100,100125,100,99879,100
2019-06-28 09:44:10.000000000,100063,192,100038,292,100066,192,100013,192,100070,192,99998,192,100072,192,99984,192,100073,192,99924,192,100074,100,99914,200,100078,100,99906,100,100089,100,99898,100,100090,100,99890,100,100125,100,99879,100
2019-06-28 09:44:20.000000000,100063,562,100038,662,100066,100,100013,100,100070,100,99998,100,100072,100,99984,100,100073,100,99924,100,100074,100,99914,200,100078,100,99906,100,100089,100,99898,100,100090,100,99890,100,100125,100,99879,100
2019-06-28 09:44:28.673949187,100049,100,100038,662,100063,562,100013,100,100066,100,99998,100,100070,100,99984,100,100072,100,99924,100,100074,100,99914,200,100078,100,99906,100,100089,100,99898,100,100090,100,99890,100,100125,100,99879,100
2019-06-28 09:44:30.000000000,100049,216,100038,316,100063,216,100013,216,100066,216,99998,216,100070,216,99984,216,100072,100,99924,100,100074,100,99914,200,100078,100,99906,100,100089,100,99898,100,100090,100,99890,100,100125,100,99879,100
2019-06-28 09:44:40.000000000,100049,192,100038,292,100063,192,100013,192,100066,192,99998,192,100070,192,99984,192,100072,192,99924,192,100074,100,99914,200,100078,100,99906,100,100089,100,99898,100,100090,100,99890,100,100125,100,99879,100
2019-06-28 09:44:42.810903552,100049,192,100038,292,100063,192,100013,192,100066,192,99998,192,100070,192,99984,192,100072,192,99924,192,100074,100,99914,200,100089,100,99906,100,100090,100,99898,100,100125,100,99890,100,100133,100,99879,100
2019-06-28 09:44:43.098187504,100049,192,100038,192,100063,192,100013,192,100066,192,99998,192,100070,192,99984,192,100072,192,99924,192,100074,100,99914,200,100089,100,99906,100,100090,100,99898,100,100125,100,99890,100,100133,100,99879,100
2019-06-28 09:44:50.000000000,100049,216,100038,216,100063,216,100013,216,100066,216,99998,216,100070,216,99984,216,100072,100,99924,100,100074,100,99914,200,100089,100,99906,100,100090,100,99898,100,100125,100,99890,100,100133,100,99879,100
2019-06-28 09:45:00.000000000,100049,192,100038,192,100063,192,100013,192,100066,192,99998,192,100070,192,99984,192,100072,192,99924,192,100074,100,99914,200,100089,100,99906,100,100090,100,99898,100,100125,100,99890,100,100133,100,99879,100
2019-06-28 09:45:10.000000000,100049,331,100038,331,100063,331,100013,331,100066,100,99998,100,100070,100,99984,100,100072,100,99924,100,100074,100,99914,200,100089,100,99906,100,100090,100,99898,100,100125,100,99890,100,100133,100,99879,100
2019-06-28 09:45:20.000000000,100049,257,100038,257,100063,252,100013,252,100066,252,99998,252,100070,100,99984,100,100072,100,99924,100,100074,100,99914,200,100089,100,99906,100,100090,100,99898,100,100125,100,99890,100,100133,100,99879,100
2019-06-28 09:45:27.143925630,100049,257,100038,257,100058,100,100013,252,100063,252,99998,252,100066,252,99984,100,100070,100,99924,100,100072,100,99914,200,100074,100,99906,100,100089,100,99898,100,100090,100,99890,100,100125,100,99879,100
2019-06-28 09:45:27.720179494,100049,257,100038,257,100058,100,100013,252,100063,252,99998,252,100066,252,99984,100,100070,100,99924,100,100072,100,99914,200,100074,100,99906,100,100089,100,99898,100,100090,100,99890,100,100125,100,99879,100
2019-06-28 09:45:30.000000000,100049,192,100038,192,100058,192,100013,192,100063,192,99998,192,100066,192,99984,192,100070,192,99924,192,100072,100,99914,200,100074,100,99906,100,100089,100,99898,100,100090,100,99890,100,100125,100,99879,100
2019-06-28 09:45:31.369033044,100049,192,100038,192,100058,192,100013,192,100063,192,99998,192,100066,192,99984,192,100070,192,99924,192,100072,100,99914,200,100074,100,99906,100,100089,100,99898,100,100090,100,99890,100,100125,100,99879,100
2019-06-28 09:45:34.618417244,100049,192,100038,192,100058,192,100013,192,100063,192,99998,192,100066,192,99984,192,100070,192,99924,192,100072,100,99914,200,100074,100,99906,100,100089,100,99898,100,100090,100,99890,100,100125,100,99879,100
2019-06-28 09:45:40.000000000,100049,216,100038,216,100058,216,100013,216,100063,216,99998,216,100066,216,99984,216,100070,100,99924,100,100072,100,99914,200,100074,100,99906,100,100089,100,99898,100,100090,100,99890,100,100125,100,99879,100
2019-06-28 09:45:48.174803189,100049,216,100038,216,100058,216,100013,216,100063,216,99998,216,100066,216,99984,216,100070,100,99924,100,100074,100,99914,200,100089,100,99906,100,100090,100,99898,100,100125,100,99893,100,100162,100,99890,100
2019-06-28 09:45:50.000000000,100049,257,100038,257,100058,252,100013,252,100063,252,99998,252,100066,100,99984,100,100070,100,99924,100,100074,100,99914,200,100089,100,99906,100,100090,100,99898,100,100125,100,99893,100,100162,100,99890,100
2019-06-28 09:45:56.547757840,100049,257,100038,257,100058,252,100036,100,100063,152,100013,252,100066,100,99998,252,100070,100,99984,100,100074,100,99924,100,100089,100,99914,200,100090,100,99906,100,100125,100,99898,100,100162,100,99893,100
2019-06-28 09:46:00.000000000,100049,257,100038,257,100058,252,100036,252,100066,252,100013,252,100070,100,99998,100,100074,100,99984,100,100089,100,99924,100,100090,100,99914,200,100125,100,99906,100,100162,100,99898,100,100209,100,99893,100
2019-06-28 09:46:10.000000000,100049,216,100038,216,100058,216,100036,216,100066,216,100013,216,100070,216,99998,216,100074,100,99984,100,100089,100,99924,100,100090,100,99914,200,100125,100,99906,100,100162,100,99898,100,100209,100,99893,100
2019-06-28 09:46:19.122380932,100049,216,100038,216,100058,216,100036,216,100066,216,100035,100,100070,216,100013,216,100074,100,99998,216,100089,100,99984,100,100090,100,99924,100,100125,100,99914,200,100162,100,99906,100,100209,100,99898,100
2019-06-28 09:46:20.000000000,100049,216,100038,216,100058,216,100036,216,100066,216,100035,216,100070,216,100013,216,100074,100,99998,100,100089,100,99984,100,100090,100,99924,100,100125,100,99914,200,100162,100,99906,100,100209,100,99898,100
2019-06-28 09:46:20.259378617,100049,216,100039,100,100058,216,100038,216,100066,216,100036,216,100070,216,100035,216,100074,100,100013,216,100089,100,99998,100,100090,100,99984,100,100125,100,99924,100,100162,100,99914,200,100209,100,99906,100
2019-06-28 09:46:27.440728074,100049,116,100039,100,100058,216,100038,216,100066,216,100036,216,100070,216,100035,216,100074,100,100013,216,100089,100,99998,100,100090,100,99984,100,100125,100,99924,100,100162,100,99914,200,100209,100,99906,100
2019-06-28 09:46:30.000000000,100058,331,100039,331,100066,331,100038,331,100070,100,100036,100,100074,100,100035,100,100089,100,100013,100,100090,100,99998,100,100125,100,99984,100,100162,100,99924,100,100209,100,99914,200,100269,100,99906,100
2019-06-28 09:46:40.000000000,100058,331,100039,331,100066,331,100038,331,100070,100,100036,100,100074,100,100035,100,100089,100,100013,100,100090,100,99998,100,100125,100,99984,100,100162,100,99924,100,100209,100,99914,200,100269,100,99906,100
2019-06-28 09:46:50.000000000,100058,562,100039,562,100066,100,100038,100,100070,100,100036,100,100074,100,100035,100,100089,100,100013,100,100090,100,99998,100,100125,100,99984,100,100162,100,99924,100,100209,100,99914,200,100269,100,99906,100
2019-06-28 09:47:00.000000000,100058,562,100039,562,100066,100,100038,100,100070,100,100036,100,100074,100,100035,100,100089,100,100013,100,100090,100,99998,100,100125,100,99984,100,100162,100,99924,100,100209,100,99914,200,100269,100,99906,100
2019-06-28 09:47:05.586388690,100058,562,100039,562,100066,100,100038,100,100074,100,100036,100,100089,100,100035,100,100090,100,100013,100,100125,100,99998,100,100162,100,99984,100,100209,100,99924,100,100269,100,99914,300,100332,100,99906,100
2019-06-28 09:47:09.104389083,100058,562,100039,562,100066,100,100038,100,100074,100,100036,100,100089,100,100035,100,100090,100,100013,100,100125,100,99998,100,100162,100,99984,100,100209,100,99924,100,100269,100,99914,300,100309,100,99906,100
2019-06-28 09:47:10.000000000,100058,216,100039,216,100066,216,100038,216,100074,216,100036,216,100089,216,100035,216,100090,100,100013,100,100125,100,99998,100,100162,100,99984,100,100209,100,99924,100,100269,100,99914,300,100309,100,99906,100
2019-06-28 09:47:20.000000000,100058,562,100039,562,100066,100,100038,100,100074,100,100036,100,100089,100,100035,100,100090,100,100013,100,100125,100,99998,100,100162,100,99984,100,100209,100,99924,100,100269,100,99914,300,100309,100,99906,100
2019-06-28 09:47:30.000000000,100058,216,100039,216,100066,216,100038,216,100074,216,100036,216,100089,216,100035,216,100090,100,100013,100,100125,100,99998,100,100162,100,99984,100,100209,100,99924,100,100269,100,99914,300,100309,100,99906,100
2019-06-28 09:47:31.273175177,100058,216,100039,216,100066,216,100038,216,100074,216,100036,216,100089,216,100035,216,100090,100,100013,100,100125,100,99998,100,100162,100,99984,100,100209,100,99924,100,100309,100,99914,300,100332,100,99906,100
2019-06-28 09:47:40.000000000,100058,331,100039,331,100066,331,100038,331,100074,100,100036,100,100089,100,100035,100,100090,100,100013,100,100125,100,99998,100,100162,100,99984,100,100209,100,99924,100,100309,100,99914,300,100332,100,99906,100
2019-06-28 09:47:49.884355877,100058,331,100039,331,100066,331,100038,331,100074,100,100036,100,100090,100,100035,100,100125,100,100013,100,100162,100,99998,100,100209,100,99984,100,100309,100,99965,100,100332,100,99924,100,100541,100,99914,300
2019-06-28 09:47:50.000000000,100058,192,100039,192,100066,192,100038,192,100074,192,100036,192,100090,192,100035,192,100125,192,100013,192,100162,100,99998,100,100209,100,99984,100,100309,100,99965,100,100332,100,99924,100,100541,100,99914,300
2019-06-28 09:48:00.000000000,100058,192,100039,192,100066,192,100038,192,100074,192,100036,192,100090,192,100035,192,100125,192,100013,192,100162,100,99998,100,100209,100,99984,100,100309,100,99965,100,100332,100,99924,100,100541,100,99914,300
2019-06-28 09:48:10.000000000,100058,192,100039,192,100066,192,100038,192,100074,192,100036,192,100090,192,100035,192,100125,192,100013,192,100162,100,99998,100,100209,100,99984,100,100309,100,99965,100,100332,100,99924,100,100541,100,99914,300
2019-06-28 09:48:14.790467340,100058,192,100039,192,100066,192,100038,192,100074,192,100036,192,100090,192,100035,192,100125,192,100013,192,100162,100,99998,100,100209,100,99984,100,100309,100,99965,100,100332,100,99924,100,100541,100,99914,300
2019-06-28 09:48:14.798316213,100058,192,100039,92,100066,192,100038,192,100074,192,100036,192,100090,192,100035,192,100125,192,100013,192,100162,100,99998,100,100209,100,99984,100,100309,100,99965,100,100332,100,99924,100,100541,100,99914,300
2019-06-28 09:48:15.452524306,100058,192,100039,92,100066,192,100038,192,100074,192,100036,192,100090,192,100035,192,100125,192,100013,192,100162,100,99998,100,100209,100,99984,100,100309,100,99965,100,100332,100,99924,100,100541,100,99914,300
2019-06-28 09:48:20.000000000,100058,257,100038,257,100066,252,100036,252,100074,252,100035,252,100090,100,100013,100,100125,100,99998,100,100162,100,99984,100,100209,100,99965,100,100309,100,99924,100,100332,100,99914,300,100541,100,99906,100
2019-06-28 09:48:30.000000000,100058,331,100038,331,100066,331,100036,331,100074,100,100035,100,100090,100,100013,100,100125,100,99998,100,100162,100,99984,100,100209,100,99965,100,100309,100,99924,100,100332,100,99914,300,100541,100,99906,100
2019-06-28 09:48:40.000000000,100058,257,100038,257,100066,252,100036,252,100074,252,100035,252,100090,100,100013,100,100125,100,99998,100,100162,100,99984,100,100209,100,99965,100,100309,100,99924,100,100332,100,99914,300,100541,100,99906,100
2019-06-28 09:48:50.000000000,100058,192,100038,192,100066,192,100036,192,100074,192,100035,192,100090,192,100013,192,100125,192,99998,192,100162,100,99984,100,100209,100,99965,100,100309,100,99924,100,100332,100,99914,300,100541,100,99906,100
2019-06-28 09:48:54.060439356,100058,192,100038,192,100066,192,100036,192,100074,92,100035,192,100090,192,100013,192,100125,192,99998,192,100162,100,99984,100,100209,100,99965,100,100309,100,99924,100,100332,100,99914,300,100541,100,99906,100
2019-06-28 09:48:56.270106466,100058,192,100038,92,100066,192,100036,192,100074,92,100035,192,100090,192,100013,192,100125,192,99998,192,100162,100,99984,100,100209,100,99965,100,100309,100,99924,100,100332,100,99914,300,100541,100,99906,100
2019-06-28 09:48:59.985323394,100058,192,100038,92,100066,192,100036,192,100074,92,100035,192,100090,192,100013,192,100125,192,99998,192,100209,100,99984,100,100309,100,99965,100,100332,100,99924,100,100541,100,99914,300,100713,100,99906,100
2019-06-28 09:49:00.000000000,100058,192,100036,192,100066,192,100035,192,100090,192,100013,192,100125,192,99998,192,100209,192,99984,192,100309,100,99965,100,100332,100,99924,100,100541,100,99914,300,100713,100,99906,100,,,99898,100
2019-06-28 09:49:10.000000000,100058,257,100036,257,100066,252,100035,252,100090,252,100013,252,100125,100,99998,100,100209,100,99984,100,100309,100,99965,100,100332,100,99924,100,100541,100,99914,300,100713,100,99906,100,,,99898,100
2019-06-28 09:49:20.000000000,100058,257,100036,257,100066,252,100035,252,100090,252,100013,252,100125,100,99998,100,100209,100,99984,100,100309,100,99965,100,100332,100,99924,100,100541,100,99914,300,100713,100,99906,100,,,99898,100
2019-06-28 09:49:22.912330109,100058,257,100036,257,100066,252,100035,252,100090,252,100013,252,100125,100,99998,100,100209,100,99984,100,100309,100,99965,100,100332,100,99924,100,100541,100,99914,300,100713,100,99906,100,,,99898,100
2019-06-28 09:49:30.000000000,100058,331,100036,331,100066,331,100035,331,100090,100,100013,100,100125,100,99998,100,100209,100,99984,100,100309,100,99965,100,100332,100,99924,100,100541,100,99914,300,100713,100,99906,100,,,99898,100
2019-06-28 09:49:40.000000000,100058,257,100036,257,100066,252,100035,252,100090,252,100013,252,100125,100,99998,100,100209,100,99984,100,100309,100,99965,100,100332,100,99924,100,100541,100,99914,300,100713,100,99906,100,,,99898,100
2019-06-28 09:49:40.896013690,100058,257,100036,257,100066,152,100035,252,100090,252,100013,252,100125,100,99998,100,100209,100,99984,100,100309,100,99965,100,100332,100,99924,100,100541,100,99914,300,100713,100,99906,100,,,99898,100
2019-06-28 09:49:50.000000000,100058,562,100036,562,100090,100,100035,100,100125,100,100013,100,100209,100,99998,100,100309,100,99984,100,100332,100,99965,100,100541,100,99924,100,100713,100,99914,300,,,99906,100,,,99898,100
2019-06-28 09:50:00.000000000,100058,331,100036,331,100090,331,100035,331,100125,100,100013,100,100209,100,99998,100,100309,100,99984,100,100332,100,99965,100,100541,100,99924,100,100713,100,99914,300,,,99906,100,,,99898,100
2019-06-28 09:50:10.000000000,100058,192,100036,192,100090,192,100035,192,100125,192,100013,192,100209,192,99998,192,100309,192,99984,192,100332,100,99965,100,100541,100,99924,100,100713,100,99914,300,,,99906,100,,,99898,100
2019-06-28 09:50:14.695815099,100058,192,100036,192,100090,192,100035,192,100125,192,100013,192,100209,92,99998,192,100309,192,99984,192,100332,100,99965,100,100541,100,99924,100,100713,100,99914,300,,,99906,100,,,99898,100
2019-06-28 09:50:20.000000000,100058,257,100036,257,100090,252,100035,252,100125,252,100013,252,100309,100,99998,100,100332,100,99984,100,100541,100,99965,100,100713,100,99924,100,,,99914,300,,,99906,100,,,99898,100
2019-06-28 09:50:21.947106644,100058,257,100036,257,100090,252,100035,252,100125,252,100013,252,100309,100,99998,100,100332,100,99984,100,100541,100,99965,100,100713,100,99924,100,,,99914,200,,,99906,100,,,99898,100
2019-06-28 09:50:30.000000000,100058,562,100036,562,100090,100,100035,100,100125,100,100013,100,100309,100,99998,100,100332,100,99984,100,100541,100,99965,100,100713,100,99924,100,,,99914,200,,,99906,100,,,99898,100
2019-06-28 09:50:37.252205298,100039,100,100036,562,100058,562,100035,100,100090,100,100013,100,100125,100,99998,100,100309,100,99984,100,100332,100,99965,100,100541,100,99924,100,100713,100,99914,200,,,99906,100,,,99898,100
2019-06-28 09:50:40.000000000,100039,331,100036,331,100058,331,100035,331,100090,100,100013,100,100125,100,99998,100,100309,100,99984,100,100332,100,99965,100,100541,100,99924,100,100713,100,99914,200,,,99906,100,,,99898,100
2019-06-28 09:50:50.000000000,100039,216,100036,216,100058,216,100035,216,100090,216,100013,216,100125,216,99998,216,100309,100,99984,100,100332,100,99965,100,100541,100,99924,100,100713,100,99914,200,,,99906,100,,,99898,100
2019-06-28 09:51:00.000000000,100039,331,100036,331,100058,331,100035,331,100090,100,100013,100,100125,100,99998,100,100309,100,99984,100,100332,100,99965,100,100541,100,99924,100,100713,100,99914,200,,,99906,100,,,99898,100
2019-06-28 09:51:07.832540807,100039,331,100036,331,100058,331,100035,331,100090,100,100013,100,100125,100,99998,100,100309,100,99984,100,100332,100,99965,100,100541,100,99924,100,100713,100,99914,200,,,99906,100,,,99898,100
2019-06-28 09:51:10.000000000,100039,331,100036,331,100058,331,100035,331,100090,100,100013,100,100125,100,99998,100,100309,100,99984,100,100332,100,99965,100,100541,100,99924,100,100713,100,99914,200,,,99906,100,,,99898,100
2019-06-28 09:51:20.000000000,100039,216,100036,216,100058,216,100035,216,100090,216,100013,216,100125,216,99998,216,100309,100,99984,100,100332,100,99965,100,100541,100,99924,100,100713,100,99914,200,,,99906,100,,,99898,100
2019-06-28 09:51:29.282593338,100039,216,100036,216,100058,216,100035,216,100090,216,100013,216,100125,216,99998,216,100309,100,99984,100,100332,100,99965,100,100541,100,99924,100,100713,100,99914,200,,,99906,100,,,99898,100
2019-06-28 09:51:30.000000000,100039,331,100036,331,100058,331,100035,331,100090,100,100013,100,100125,100,99998,100,100309,100,99984,100,100332,100,99965,100,100541,100,99924,100,100713,100,99914,200,,,99906,100,,,99898,100
2019-06-28 09:51:31.858474728,100039,331,100036,331,100058,331,100035,331,100090,100,100013,100,100125,100,99998,100,100309,100,99984,100,100332,100,99965,100,100541,100,99924,100,100713,100,99914,200,,,99906,100,,,99898,100
2019-06-28 09:51:40.000000000,100039,562,100036,562,100058,100,100035,100,100090,100,100013,100,100125,100,99998,100,100309,100,99984,100,100332,100,99965,100,100541,100,99924,100,100713,100,99914,200,,,99906,100,,,99898,100
2019-06-28 09:51:50.000000000,100039,331,100036,331,100058,331,100035,331,100090,100,100013,100,100125,100,99998,100,100309,100,99984,100,100332,100,99965,100,100541,100,99924,100,100713,100,99914,200,,,99906,100,,,99898,100
2019-06-28 09:52:00.000000000,100039,216,100036,216,100058,216,100035,216,100090,216,100013,216,100125,216,99998,216,100309,100,99984,100,100332,100,99965,100,100541,100,99924,100,100713,100,99914,200,,,99906,100,,,99898,100
2019-06-28 09:52:10.000000000,100039,331,100036,331,100058,331,100035,331,100090,100,100013,100,100125,100,99998,100,100309,100,99984,100,100332,100,99965,100,100541,100,99924,100,100713,100,99914,200,,,99906,100,,,99898,100
2019-06-28 09:52:14.191811356,100039,431,100036,331,100058,331,100035,331,100090,100,100013,100,100125,100,99998,100,100309,100,99984,100,100332,100,99965,100,100541,100,99924,100,100713,100,99914,200,,,99906,100,,,99898,100
2019-06-28 09:52:20.000000000,100039,431,100036,331,100058,331,100035,331,100090,100,100013,100,100125,100,99998,100,100309,100,99984,100,100332,100,99965,100,100541,100,99924,100,100713,100,99914,200,,,99906,100,,,99898,100
2019-06-28 09:52:30.000000000,100039,316,100036,216,100058,216,100035,216,100090,216,100013,216,100125,216,99998,216,100309,100,99984,100,100332,100,99965,100,100541,100,99924,100,100713,100,99914,200,,,99906,100,,,99898,100
2019-06-28 09:52:39.028928853,100039,416,100036,216,100058,216,100035,216,100090,216,100013,216,100125,216,99998,216,100309,100,99984,100,100332,100,99965,100,100541,100,99924,100,100713,100,99914,200,,,99906,100,,,99898,100
2019-06-28 09:52:40.000000000,100039,457,100036,257,100058,252,100035,252,100090,252,100013,252,100125,100,99998,100,100309,100,99984,100,100332,100,99965,100,100541,100,99924,100,100713,100,99914,200,,,99906,100,,,99898,100
2019-06-28 09:52:44.283935317,100039,457,100036,257,100058,252,100035,252,100090,252,100013,252,100125,100,99998,100,100309,100,99984,100,100332,100,99965,100,100541,100,99924,100,100713,100,99914,200,,,99906,100,,,99898,100
2019-06-28 09:52:49.149059518,100039,557,100036,257,100058,252,100035,252,100090,252,100013,252,100125,100,99998,100,100309,100,99984,100,100332,100,99965,100,100541,100,99924,100,100713,100,99914,200,,,99906,100,,,99898,100
2019-06-28 09:52:50.000000000,100039,557,100036,257,100058,252,100035,252,100090,252,100013,252,100125,100,99998,100,100309,100,99984,100,100332,100,99965,100,100541,100,99924,100,100713,100,99914,200,,,99906,100,,,99898,100
2019-06-28 09:53:00.000000000,100039,492,100036,192,100058,192,100035,192,100090,192,100013,192,100125,192,99998,192,100309,192,99984,192,100332,100,99965,100,100541,100,99924,100,100713,100,99914,200,,,99906,100,,,99898,100
2019-06-28 09:53:08.911754029,100039,392,100036,192,100058,192,100035,192,100090,192,100013,192,100125,192,99998,192,100309,192,99984,192,100332,100,99965,100,100541,100,99924,100,100713,100,99914,200,,,99906,100,,,99898,100
2019-06-28 09:53:10.000000000,100039,457,100036,257,100058,252,100035,252,100090,252,100013,252,100125,100,99998,100,100309,100,99984,100,100332,100,99965,100,100541,100,99924,100,100713,100,99914,200,,,99906,100,,,99898,100
2019-06-28 09:53:20.000000000,100039,392,100036,192,100058,192,100035,192,100090,192,100013,192,100125,192,99998,192,100309,192,99984,192,100332,100,99965,100,100541,100,99924,100,100713,100,99914,200,,,99906,100,,,99898,100
2019-06-28 09:53:20.426904757,100039,392,100036,92,100058,192,100035,192,100090,192,100013,192,100125,192,99998,192,100309,192,99984,192,100332,100,99965,100,100541,100,99924,100,100713,100,99914,200,,,99906,100,,,99898,100
2019-06-28 09:53:30.000000000,100039,457,100035,257,100058,252,100013,252,100090,252,99998,252,100125,100,99984,100,100309,100,99965,100,100332,100,99924,100,100541,100,99914,200,100713,100,99906,100,,,99898,100,,,99890,100
2019-06-28 09:53:40.000000000,100039,531,100035,331,100058,331,100013,331,100090,100,99998,100,100125,100,99984,100,100309,100,99965,100,100332,100,99924,100,100541,100,99914,200,100713,100,99906,100,,,99898,100,,,99890,100
2019-06-28 09:53:50.000000000,100039,762,100035,562,100058,100,100013,100,100090,100,99998,100,100125,100,99984,100,100309,100,99965,100,100332,100,99924,100,100541,100,99914,200,100713,100,99906,100,,,99898,100,,,99890,100
2019-06-28 09:53:54.230756403,100039,762,100035,562,100058,100,100013,100,100090,100,99998,100,100125,100,99984,100,100309,100,99965,100,100332,100,99924,100,100541,100,99914,200,100713,100,99906,100,,,99898,100,,,99890,100
2019-06-28 09:54:00.000000000,100039,531,100035,331,100058,331,100013,331,100090,100,99998,100,100125,100,99984,100,100309,100,99965,100,100332,100,99924,100,100541,100,99914,200,100713,100,99906,100,,,99898,100,,,99890,100
2019-06-28 09:54:10.000000000,100039,531,100035,331,100058,331,100013,331,100090,100,99998,100,100125,100,99984,100,100309,100,99965,100,100332,100,99924,100,100541,100,99914,200,100713,100,99906,100,,,99898,100,,,99890,100
2019-06-28 09:54:10.907252180,100039,531,100035,331,100058,331,100013,331,100090,100,99998,100,100125,100,99984,100,100309,100,99965,100,100332,100,99924,100,100541,100,99914,200,100713,100,99906,100,,,99898,100,,,99890,100
2019-06-28 09:54:20.000000000,100039,457,100035,257,100058,252,100013,252,100090,252,99998,252,100125,100,99984,100,100309,100,99965,100,100332,100,99924,100,100541,100,99914,200,100713,100,99906,100,,,99898,100,,,99890,100
2019-06-28 09:54:20.507507337,100039,457,100035,257,100058,252,100013,252,100090,252,99998,252,100125,100,99984,100,100309,100,99965,100,100332,100,99924,100,100541,100,99914,200,100713,100,99906,100,,,99898,100,,,99890,100
2019-06-28 09:54:30.000000000,100039,457,100035,257,100058,252,100013,252,100090,252,99998,252,100125,100,99984,100,100309,100,99965,100,100332,100,99924,100,100541,100,99914,200,100713,100,99906,100,,,99898,100,,,99890,100
2019-06-28 09:54:40.000000000,100039,392,100035,192,100058,192,100013,192,100090,192,99998,192,100125,192,99984,192,100309,192,99965,192,100332,100,99924,100,100541,100,99914,200,100713,100,99906,100,,,99898,100,,,99890,100
2019-06-28 09:54:50.000000000,100039,416,100035,216,100058,216,100013,216,100090,216,99998,216,100125,216,99984,216,100309,100,99965,100,100332,100,99924,100,100541,100,99914,200,100713,100,99906,100,,,99898,100,,,99890,100
2019-06-28 09:55:00.000000000,100039,392,100035,192,100058,192,100013,192,100090,192,99998,192,100125,192,99984,192,100309,192,99965,192,100332,100,99924,100,100541,100,99914,200,100713,100,99906,100,,,99898,100,,,99890,100
2019-06-28 09:55:10.000000000,100039,762,100035,562,100058,100,100013,100,100090,100,99998,100,100125,100,99984,100,100309,100,99965,100,100332,100,99924,100,100541,100,99914,200,100713,100,99906,100,,,99898,100,,,99890,100
2019-06-28 09:55:20.000000000,100039,531,100035,331,100058,331,100013,331,100090,100,99998,100,100125,100,99984,100,100309,100,99965,100,100332,100,99924,100,100541,100,99914,200,100713,100,99906,100,,,99898,100,,,99890,100
2019-06-28 09:55:25.471804868,100039,531,100035,331,100058,331,100013,331,100090,100,99998,100,100125,100,99984,100,100309,100,99965,100,100332,100,99924,100,100541,100,99914,200,100713,100,99906,100,,,99898,100,,,99890,100
2019-06-28 09:55:30.000000000,100039,457,100035,257,100058,252,100013,252,100090,252,99998,252,100125,100,99984,100,100309,100,99965,100,100332,100,99924,100,100541,100,99914,200,100713,100,99906,100,,,99898,100,,,99890,100
2019-06-28 09:55:34.760185764,100039,457,100035,157,100058,252,100013,252,100090,252,99998,252,100125,100,99984,100,100309,100,99965,100,100332,100,99924,100,100541,100,99914,200,100713,100,99906,100,,,99898,100,,,99890,100
2019-06-28 09:55:40.000000000,100039,416,100013,216,100058,216,99998,216,100090,216,99984,216,100125,216,99965,216,100309,100,99924,100,100332,100,99914,200,100541,100,99906,100,100713,100,99898,100,,,99890,100,,,99865,200
2019-06-28 09:55:50.000000000,100039,762,100013,562,100058,100,99998,100,100090,100,99984,100,100125,100,99965,100,100309,100,99924,100,100332,100,99914,200,100541,100,99906,100,100713,100,99898,100,,,99890,100,,,99865,200
2019-06-28 09:56:00.000000000,100039,531,100013,331,100058,331,99998,331,100090,100,99984,100,100125,100,99965,100,100309,100,99924,100,100332,100,99914,200,100541,100,99906,100,100713,100,99898,100,,,99890,100,,,99865,200
2019-06-28 09:56:10.000000000,100039,392,100013,192,100058,192,99998,192,100090,192,99984,192,100125,192,99965,192,100309,192,99924,192,100332,100,99914,200,100541,100,99906,100,100713,100,99898,100,,,99890,100,,,99865,200
2019-06-28 09:56:12.846121178,100039,392,100013,92,100058,192,99998,192,100090,192,99984,192,100125,192,99965,192,100309,192,99924,192,100332,100,99914,200,100541,100,99906,100,100713,100,99898,100,,,99890,100,,,99865,200
2019-06-28 09:56:20.000000000,100039,416,99998,216,100058,216,99984,216,100090,216,99965,216,100125,216,99924,216,100309,100,99914,200,100332,100,99906,100,100541,100,99898,100,100713,100,99890,100,,,99865,200,,,99850,100
2019-06-28 09:56:23.987139562,100039,416,99998,116,100058,216,99984,216,100090,216,99965,216,100125,216,99924,216,100309,100,99914,200,100332,100,99906,100,100541,100,99898,100,100713,100,99890,100,,,99865,200,,,99850,100
2019-06-28 09:56:29.993386032,100039,416,99998,16,100058,216,99984,216,100090,216,99965,216,100125,216,99924,216,100309,100,99914,200,100332,100,99898,100,100541,100,99890,100,100713,100,99865,200,,,99850,100,,,99841,100
2019-06-28 09:56:30.000000000,100039,416,99984,216,100058,216,99965,216,100090,216,99924,216,100125,216,99914,316,100309,100,99898,100,100332,100,99890,100,100541,100,99865,200,100713,100,99850,100,,,99841,100,,,99748,100
2019-06-28 09:56:35.692309445,100013,100,99984,216,100039,316,99965,216,100058,216,99924,216,100090,216,99914,316,100125,216,99898,100,100309,100,99890,100,100332,100,99865,200,100541,100,99850,100,100713,100,99841,100,,,99748,100
2019-06-28 09:56:37.804196567,100013,100,99984,216,100039,316,99965,216,100058,216,99924,216,100090,216,99914,316,100125,216,99898,100,100309,100,99890,100,100332,100,99865,200,100541,100,99850,100,100713,100,99841,100,,,99776,100
2019-06-28 09:56:38.948558504,100013,100,99984,216,100039,316,99965,216,100058,216,99924,216,100090,216,99914,316,100125,216,99898,100,100309,100,99890,100,100332,100,99865,200,100541,100,99850,100,100713,100,99841,100,,,99776,100
2019-06-28 09:56:40.000000000,100013,216,99984,216,100039,316,99965,216,100058,216,99924,216,100090,216,99914,316,100125,100,99898,100,100309,100,99890,100,100332,100,99865,200,100541,100,99850,100,100713,100,99841,100,,,99776,100
2019-06-28 09:56:44.280916279,100013,316,99984,216,100039,316,99965,216,100058,216,99924,216,100090,216,99914,316,100125,100,99898,100,100309,100,99890,100,100332,100,99865,200,100541,100,99850,100,100713,100,99841,100,,,99776,100
2019-06-28 09:56:50.000000000,100013,292,99984,192,100039,292,99965,192,100058,192,99924,192,100090,192,99914,292,100125,192,99898,192,100309,100,99890,100,100332,100,99865,200,100541,100,99850,100,100713,100,99841,100,,,99776,100
2019-06-28 09:56:53.804431127,100013,292,99984,192,100039,292,99965,192,100058,192,99924,192,100090,192,99914,292,100125,192,99898,92,100309,100,99890,100,100332,100,99865,200,100541,100,99850,100,100713,100,99841,100,,,99776,100
2019-06-28 09:57:00.000000000,100013,292,99984,192,100039,292,99965,192,100058,192,99924,192,100090,192,99914,292,100125,192,99890,192,100309,100,99865,200,100332,100,99850,100,100541,100,99841,100,100713,100,99776,100,,,99748,100
2019-06-28 09:57:00.034489786,100013,292,99984,92,100039,292,99965,192,100058,192,99924,192,100090,192,99914,292,100125,192,99890,192,100309,100,99865,200,100332,100,99850,100,100541,100,99841,100,100713,100,99776,100,,,99748,100
2019-06-28 09:57:00.913152936,99998,100,99984,92,100013,292,99965,192,100039,292,99924,192,100058,192,99914,292,100090,192,99890,192,100125,192,99865,200,100309,100,99850,100,100332,100,99841,100,100541,100,99776,100,100713,100,99748,100
2019-06-28 09:57:10.000000000,99998,331,99965,331,100013,431,99924,331,100039,200,99914,200,100058,100,99890,100,100090,100,99865,200,100125,100,99850,100,100309,100,99841,100,100332,100,99776,100,100541,100,99748,100,100713,100,99745,100
2019-06-28 09:57:20.000000000,99998,562,99965,562,100013,200,99924,100,100039,200,99914,200,100058,100,99890,100,100090,100,99865,200,100125,100,99850,100,100309,100,99841,100,100332,100,99776,100,100541,100,99748,100,100713,100,99745,100
2019-06-28 09:57:30.000000000,99998,562,99965,562,100013,200,99924,100,100039,200,99914,200,100058,100,99890,100,100090,100,99865,200,100125,100,99850,100,100309,100,99841,100,100332,100,99776,100,100541,100,99748,100,100713,100,99745,100
2019-06-28 09:57:40.000000000,99998,562,99965,562,100013,200,99924,100,100039,200,99914,200,100058,100,99890,100,100090,100,99865,200,100125,100,99850,100,100309,100,99841,100,100332,100,99776,100,100541,100,99748,100,100713,100,99745,100
2019-06-28 09:57:46.101012501,99998,562,99965,562,100013,200,99924,100,100039,200,99914,200,100058,100,99890,100,100090,100,99865,200,100125,100,99850,100,100309,100,99841,100,100332,100,99776,100,100541,100,99748,100,100713,100,99745,100
2019-06-28 09:57:50.000000000,99998,257,99965,257,100013,352,99924,252,100039,352,99914,352,100058,100,99890,100,100090,100,99865,200,100125,100,99850,100,100309,100,99841,100,100332,100,99776,100,100541,100,99748,100,100713,100,99745,100
2019-06-28 09:58:00.000000000,99998,216,99965,216,100013,316,99924,216,100039,316,99914,316,100058,216,99890,216,100090,100,99865,200,100125,100,99850,100,100309,100,99841,100,100332,100,99776,100,100541,100,99748,100,100713,100,99745,100
2019-06-28 09:58:08.739673585,99998,216,99965,216,100013,316,99924,216,100039,316,99914,316,100058,216,99890,216,100090,100,99865,200,100125,100,99850,100,100309,100,99841,100,100332,100,99776,100,100541,100,99748,100,100713,100,99745,100
2019-06-28 09:58:10.000000000,99998,192,99965,192,100013,292,99924,192,100039,292,99914,292,100058,192,99890,192,100090,192,99865,292,100125,100,99850,100,100309,100,99841,100,100332,100,99776,100,100541,100,99748,100,100713,100,99745,100
2019-06-28 09:58:20.000000000,99998,192,99965,192,100013,292,99924,192,100039,292,99914,292,100058,192,99890,192,100090,192,99865,292,100125,100,99850,100,100309,100,99841,100,100332,100,99776,100,100541,100,99748,100,100713,100,99745,100
2019-06-28 09:58:20.053724059,99998,192,99965,92,100013,292,99924,192,100039,292,99914,292,100058,192,99890,192,100090,192,99865,292,100125,100,99850,100,100309,100,99841,100,100332,100,99776,100,100541,100,99748,100,100713,100,99745,100
2019-06-28 09:58:28.862257865,99965,8,99924,192,99998,192,99914,292,100013,292,99890,192,100039,292,99865,292,100058,192,99850,100,100090,192,99841,100,100125,100,99776,100,100309,100,99748,100,100332,100,99745,100,100541,100,99739,100
2019-06-28 09:58:30.000000000,99965,470,99924,562,99998,100,99914,200,100013,200,99890,100,100039,200,99865,200,100058,100,99850,100,100090,100,99841,100,100125,100,99776,100,100309,100,99748,100,100332,100,99745,100,100541,100,99739,100
2019-06-28 09:58:30.993811129,99965,470,99924,562,99998,100,99914,200,100013,200,99890,100,100039,200,99865,200,100058,100,99850,100,100090,100,99841,100,100125,100,99776,100,100309,100,99748,100,100332,100,99745,100,100541,100,99739,100
2019-06-28 09:58:39.818422020,99965,470,99924,462,99998,100,99914,200,100013,200,99890,100,100039,200,99865,200,100058,100,99850,100,100090,100,99841,100,100125,100,99776,100,100309,100,99748,100,100332,100,99745,100,100541,100,99739,100
2019-06-28 09:58:40.000000000,99965,239,99914,431,99998,331,99890,331,100013,200,99865,200,100039,200,99850,100,100058,100,99841,100,100090,100,99776,100,100125,100,99748,100,100309,100,99745,100,100332,100,99739,100,100541,100,99670,100
2019-06-28 09:58:48.136159277,99965,239,99914,431,99998,331,99890,331,100013,200,99865,200,100039,200,99850,100,100058,100,99841,100,100090,100,99776,100,100125,100,99748,100,100309,100,99745,100,100332,100,99739,100,100541,100,99670,100
2019-06-28 09:58:48.463579294,99965,239,99914,431,99998,331,99890,331,100013,200,99865,200,100039,200,99850,100,100058,100,99841,100,100125,100,99776,100,100309,100,99748,100,100332,100,99745,100,100541,100,99739,100,100713,100,99670,100
2019-06-28 09:58:50.000000000,99965,124,99914,316,99998,216,99890,216,100013,316,99865,316,100039,316,99850,216,100058,100,99841,100,100125,100,99776,100,100309,100,99748,100,100332,100,99745,100,100541,100,99739,100,100713,100,99670,100
2019-06-28 09:59:00.000000000,99965,239,99914,431,99998,331,99890,331,100013,200,99865,200,100039,200,99850,100,100058,100,99841,100,100125,100,99776,100,100309,100,99748,100,100332,100,99745,100,100541,100,99739,100,100713,100,99670,100
2019-06-28 09:59:00.039418967,99965,239,99914,431,99998,331,99890,331,100013,200,99865,200,100039,200,99850,100,100058,100,99841,100,100125,100,99776,100,100309,100,99748,100,100332,100,99745,100,100541,100,99739,100,100713,100,99670,100
2019-06-28 09:59:02.268485322,99965,239,99914,331,99998,331,99890,331,100013,200,99865,200,100039,200,99850,100,100058,100,99841,100,100125,100,99776,100,100309,100,99748,100,100332,100,99745,100,100541,100,99739,100,100713,100,99590,100
2019-06-28 09:59:09.627526616,99965,239,99914,331,99998,331,99890,331,100013,200,99865,200,100039,200,99850,100,100058,100,99841,100,100125,100,99776,100,100309,100,99748,100,100332,100,99745,100,100541,100,99739,100,100713,100,99590,100
2019-06-28 09:59:10.000000000,99965,165,99914,257,99998,252,99890,252,100013,352,99865,352,100039,200,99850,100,100058,100,99841,100,100125,100,99776,100,100309,100,99748,100,100332,100,99745,100,100541,100,99739,100,100713,100,99590,100
2019-06-28 09:59:20.000000000,99965,100,99914,192,99998,192,99890,192,100013,292,99865,292,100039,292,99850,192,100058,192,99841,192,100125,100,99776,100,100309,100,99748,100,100332,100,99745,100,100541,100,99739,100,100713,100,99590,100
2019-06-28 09:59:30.000000000,99965,100,99914,192,99998,192,99890,192,100013,292,99865,292,100039,292,99850,192,100058,192,99841,192,100125,100,99776,100,100309,100,99748,100,100332,100,99745,100,100541,100,99739,100,100713,100,99590,100
2019-06-28 09:59:40.000000000,99965,239,99914,331,99998,331,99890,331,100013,200,99865,200,100039,200,99850,100,100058,100,99841,100,100125,100,99776,100,100309,100,99748,100,100332,100,99745,100,100541,100,99739,100,100713,100,99590,100
2019-06-28 09:59:47.898808302,99965,239,99914,231,99998,331,99890,331,100013,200,99865,200,100039,200,99850,100,100058,100,99841,100,100125,100,99776,100,100309,100,99748,100,100332,100,99745,100,100541,100,99739,100,100713,100,99590,100
2019-06-28 09:59:50.000000000,99965,165,99890,257,99998,252,99865,352,100013,352,99850,252,100039,200,99841,100,100058,100,99776,100,100125,100,99748,100,100309,100,99745,100,100332,100,99739,100,100541,100,99590,100,100713,100,99576,100
2019-06-28 10:00:00.000000000,99965,165,99890,257,99998,252,99865,352,100013,352,99850,252,100039,200,99841,100,100058,100,99776,100,100125,100,99748,100,100309,100,99745,100,100332,100,99739,100,100541,100,99590,100,100713,100,99576,100
2019-06-28 10:00:08.946205857,99965,165,99890,257,99998,252,99865,352,100013,352,99850,252,100039,200,99841,100,100058,100,99776,100,100125,100,99748,100,100309,100,99745,100,100332,100,99739,100,100541,100,99590,100,100713,100,99576,100
2019-06-28 10:00:10.000000000,99965,100,99890,192,99998,192,99865,292,100013,292,99850,192,100039,292,99841,192,100058,192,99776,192,100125,100,99748,100,100309,100,99745,100,100332,100,99739,100,100541,100,99590,100,100713,100,99576,100
2019-06-28 10:00:15.615901491,99892,100,99890,192,99965,100,99865,292,99998,192,99850,192,100013,292,99841,192,100039,292,99776,192,100058,192,99748,100,100125,100,99745,100,100309,100,99739,100,100332,100,99590,100,100541,100,99576,100
2019-06-28 10:00:20.000000000,99892,562,99890,562,99965,8,99865,200,99998,100,99850,100,100013,200,99841,100,100039,200,99776,100,100058,100,99748,100,100125,100,99745,100,100309,100,99739,100,100332,100,99590,100,100541,100,99576,100
2019-06-28 10:00:30.000000000,99892,562,99890,562,99965,8,99865,200,99998,100,99850,100,100013,200,99841,100,100039,200,99776,100,100058,100,99748,100,100125,100,99745,100,100309,100,99739,100,100332,100,99590,100,100541,100,99576,100
2019-06-28 10:00:32.975621299,99892,562,99890,562,99965,8,99865,200,99998,100,99850,100,100013,200,99841,100,100039,200,99776,100,100058,100,99748,100,100125,100,99745,100,100309,100,99739,100,100332,100,99590,100,100541,100,99576,100
2019-06-28 10:00:38.532232260,99892,562,99890,562,99965,8,99865,200,99998,100,99850,100,100013,200,99841,100,100039,200,99776,100,100058,100,99748,100,100125,100,99745,100,100309,100,99739,100,100332,100,99590,100,100541,100,99576,100
2019-06-28 10:00:40.000000000,99892,562,99890,562,99965,8,99865,200,99998,100,99850,100,100013,200,99841,100,100039,200,99776,100,100058,100,99748,100,100125,100,99745,100,100309,100,99739,100,100332,100,99590,100,100541,100,99576,100
2019-06-28 10:00:50.000000000,99892,257,99890,257,99965,160,99865,352,99998,252,99850,252,100013,200,99841,100,100039,200,99776,100,100058,100,99748,100,100125,100,99745,100,100309,100,99739,100,100332,100,99590,100,100541,100,99576,100
2019-06-28 10:00:52.822455013,99892,257,99890,257,99965,160,99865,252,99998,252,99850,252,100013,200,99841,100,100039,200,99776,100,100058,100,99748,100,100125,100,99745,100,100309,100,99739,100,100332,100,99590,100,100541,100,99576,100
2019-06-28 10:00:53.017892737,99892,257,99890,157,99965,160,99865,252,99998,252,99850,252,100013,200,99841,100,100039,200,99776,100,100058,100,99748,100,100125,100,99745,100,100309,100,99739,100,100332,100,99590,100,100541,100,99576,100
2019-06-28 10:01:00.000000000,99892,257,99865,257,99965,160,99850,252,99998,252,99841,252,100013,200,99776,100,100039,200,99748,100,100058,100,99745,100,100125,100,99739,100,100309,100,99590,100,100332,100,99576,100,100541,100,99558,100
2019-06-28 10:01:00.333092670,99892,257,99865,157,99965,160,99850,252,99998,252,99841,252,100013,200,99776,100,100039,200,99748,100,100058,100,99745,100,100125,100,99739,100,100309,100,99590,100,100332,100,99576,100,100541,100,99558,100
2019-06-28 10:01:10.000000000,99892,216,99850,216,99965,124,99841,216,99998,216,99776,216,100013,316,99748,216,100039,200,99745,100,100058,100,99739,100,100125,100,99590,100,100309,100,99576,100,100332,100,99558,100,100541,100,99531,100
2019-06-28 10:01:12.887110055,99892,216,99850,116,99965,116,99841,216,99998,216,99776,216,100013,316,99748,216,100039,200,99745,100,100058,100,99739,100,100125,100,99590,100,100309,100,99576,100,100332,100,99558,100,100541,100,99531,100
2019-06-28 10:01:20.000000000,99892,562,99841,562,99998,100,99776,100,100013,200,99748,100,100039,200,99745,100,100058,100,99739,100,100125,100,99590,100,100309,100,99576,100,100332,100,99558,100,100541,100,99531,100,100713,100,99498,100
2019-06-28 10:01:22.702275453,99865,100,99841,562,99892,562,99776,100,99998,100,99748,100,100013,200,99745,100,100039,200,99739,100,100058,100,99590,100,100125,100,99576,100,100309,100,99558,100,100332,100,99531,100,100541,100,99498,100
2019-06-28 10:01:27.020984513,99865,100,99841,462,99892,562,99776,100,99998,100,99748,100,100013,200,99745,100,100039,200,99739,100,100058,100,99590,100,100125,100,99576,100,100309,100,99558,100,100332,100,99531,100,100541,100,99498,100
2019-06-28 10:01:30.000000000,99865,257,99776,257,99892,252,99748,252,99998,252,99745,252,100013,200,99739,100,100039,200,99590,100,100058,100,99576,100,100125,100,99558,100,100309,100,99531,100,100332,100,99498,100,100541,100,99489,100
2019-06-28 10:01:31.201341902,99865,257,99776,157,99892,252,99748,252,99998,252,99745,252,100013,200,99739,100,100039,200,99590,100,100058,100,99576,100,100125,100,99558,100,100309,100,99531,100,100332,100,99498,100,100541,100,99489,100
2019-06-28 10:01:40.000000000,99865,331,99748,331,99892,331,99745,331,99998,100,99739,100,100013,200,99590,100,100039,200,99576,100,100058,100,99558,100,100125,100,99531,100,100309,100,99498,100,100332,100,99489,100,100541,100,99479,100
2019-06-28 10:01:50.000000000,99865,192,99748,192,99892,192,99745,192,99998,192,99739,192,100013,292,99590,192,100039,292,99576,192,100058,100,99558,100,100125,100,99531,100,100309,100,99498,100,100332,100,99489,100,100541,100,99479,100
2019-06-28 10:01:52.323115489,99865,192,99748,192,99892,192,99745,192,99998,192,99739,192,100013,292,99650,100,100039,292,99590,192,100058,100,99576,192,100125,100,99558,100,100309,100,99531,100,100332,100,99498,100,100541,100,99489,100
2019-06-28 10:02:00.000000000,99865,562,99748,562,99892,100,99745,100,99998,100,99739,100,100013,200,99650,100,100039,200,99590,100,100058,100,99576,100,100125,100,99558,100,100309,100,99531,100,100332,100,99498,100,100541,100,99489,100
2019-06-28 10:02:10.000000000,99865,216,99748,216,99892,216,99745,216,99998,216,99739,216,100013,316,99650,216,100039,200,99590,100,100058,100,99576,100,100125,100,99558,100,100309,100,99531,100,100332,100,99498,100,100541,100,99489,100
2019-06-28 10:02:20.000000000,99865,331,99748,331,99892,331,99745,331,99998,100,99739,100,100013,200,99650,100,100039,200,99590,100,100058,100,99576,100,100125,100,99558,100,100309,100,99531,100,100332,100,99498,100,100541,100,99489,100
2019-06-28 10:02:30.000000000,99865,216,99748,216,99892,216,99745,216,99998,216,99739,216,100013,316,99650,216,100039,200,99590,100,100058,100,99576,100,100125,100,99558,100,100309,100,99531,100,100332,100,99498,100,100541,100,99489,100
2019-06-28 10:02:31.259705740,99865,216,99748,216,99892,216,99745,216,99998,216,99739,216,100013,316,99650,216,100039,200,99590,100,100058,100,99576,100,100125,100,99558,100,100309,100,99498,100,100332,100,99489,100,100541,100,99479,100
2019-06-28 10:02:40.000000000,99865,192,99748,192,99892,192,99745,192,99998,192,99739,192,100013,292,99650,192,100039,292,99590,192,100058,100,99576,100,100125,100,99558,100,100309,100,99498,100,100332,100,99489,100,100541,100,99479,100
2019-06-28 10:02:50.000000000,99865,331,99748,331,99892,331,99745,331,99998,100,99739,100,100013,200,99650,100,100039,200,99590,100,100058,100,99576,100,100125,100,99558,100,100309,100,99498,100,100332,100,99489,100,100541,100,99479,100
2019-06-28 10:02:51.159083771,99841,100,99748,331,99865,331,99745,331,99892,331,99739,100,99998,100,99650,100,100013,200,99590,100,100039,200,99576,100,100058,100,99558,100,100125,100,99498,100,100309,100,99489,100,100332,100,99479,100
2019-06-28 10:03:00.000000000,99841,562,99748,562,99865,100,99745,100,99892,100,99739,100,99998,100,99650,100,100013,200,99590,100,100039,200,99576,100,100058,100,99558,100,100125,100,99498,100,100309,100,99489,100,100332,100,99479,100
2019-06-28 10:03:08.569483556,99841,562,99748,462,99865,100,99745,100,99892,100,99739,100,99998,100,99650,100,100013,200,99590,100,100039,200,99576,100,100058,100,99558,100,100125,100,99498,100,100309,100,99479,100,100332,100,99436,100
2019-06-28 10:03:10.000000000,99841,331,99745,331,99865,331,99739,331,99892,100,99650,100,99998,100,99590,100,100013,200,99576,100,100039,200,99558,100,100058,100,99498,100,100125,100,99479,100,100309,100,99436,100,100332,100,99347,100
2019-06-28 10:03:20.000000000,99841,192,99745,192,99865,192,99739,192,99892,192,99650,192,99998,192,99590,192,100013,292,99576,192,100039,200,99558,100,100058,100,99498,100,100125,100,99479,100,100309,100,99436,100,100332,100,99347,100
2019-06-28 10:03:23.356034873,99776,100,99745,192,99841,192,99739,192,99865,192,99650,192,99892,192,99590,192,99998,192,99576,192,100013,292,99558,100,100039,200,99498,100,100058,100,99479,100,100125,100,99436,100,100309,100,99347,100
2019-06-28 10:03:30.000000000,99776,216,99745,216,99841,216,99739,216,99865,216,99650,216,99892,216,99590,216,99998,100,99576,100,100013,200,99558,100,100039,200,99498,100,100058,100,99479,100,100125,100,99436,100,100309,100,99347,100
2019-06-28 10:03:38.348778931,99776,216,99745,116,99841,216,99739,216,99865,216,99650,216,99892,216,99590,216,99998,100,99576,100,100013,200,99558,100,100039,200,99498,100,100058,100,99479,100,100125,100,99436,100,100309,100,99306,100
2019-06-28 10:03:40.000000000,99776,216,99739,216,99841,216,99650,216,99865,216,99590,216,99892,216,99576,216,99998,100,99558,100,100013,200,99498,100,100039,200,99479,100,100058,100,99436,100,100125,100,99306,100,100309,100,99243,100
2019-06-28 10:03:50.000000000,99776,562,99739,562,99841,100,99650,100,99865,100,99590,100,99892,100,99576,100,99998,100,99558,100,100013,200,99498,100,100039,200,99479,100,100058,100,99436,100,100125,100,99306,100,100309,100,99243,100
2019-06-28 10:04:00.000000000,99776,192,99739,192,99841,192,99650,192,99865,192,99590,192,99892,192,99576,192,99998,192,99558,192,100013,200,99498,100,100039,200,99479,100,100058,100,99436,100,100125,100,99306,100,100309,100,99243,100
2019-06-28 10:04:01.384899957,99748,100,99739,192,99776,192,99650,192,99841,192,99590,192,99865,192,99576,192,99892,192,99558,192,99998,192,99498,100,100013,100,99479,100,100039,200,99436,100,100058,100,99306,100,100125,100,99243,100
2019-06-28 10:04:10.000000000,99748,331,99739,331,99776,331,99650,331,99841,100,99590,100,99865,100,99576,100,99892,100,99558,100,99998,100,99498,100,100013,100,99479,100,100039,200,99436,100,100058,100,99306,100,100125,100,99243,100
2019-06-28 10:04:11.682068917,99748,331,99739,231,99776,331,99650,331,99841,100,99590,100,99865,100,99576,100,99892,100,99558,100,99998,100,99498,100,100013,100,99479,100,100039,200,99436,100,100058,100,99306,100,100309,100,99243,100
2019-06-28 10:04:16.924400501,99748,331,99739,231,99776,331,99650,331,99841,100,99590,100,99865,100,99576,100,99892,100,99558,100,99998,100,99498,100,100013,100,99479,100,100039,200,99436,100,100058,100,99306,100,100309,100,99250,100
2019-06-28 10:04:20.000000000,99748,257,99650,257,99776,252,99590,252,99841,252,99576,252,99865,100,99558,100,99892,100,99498,100,99998,100,99479,100,100013,100,99436,100,100039,200,99306,100,100058,100,99250,100,100309,100,99243,100
2019-06-28 10:04:22.106174412,99748,257,99650,257,99776,252,99590,252,99841,252,99576,252,99865,100,99558,100,99892,100,99498,100,99998,100,99479,100,100013,100,99436,100,100039,200,99306,100,100058,100,99250,100,100309,100,99243,100
2019-06-28 10:04:29.919127064,99745,100,99650,257,99748,257,99590,252,99776,252,99576,252,99841,252,99558,100,99865,100,99498,100,99892,100,99479,100,99998,100,99436,100,100013,100,99306,100,100039,200,99250,100,100058,100,99243,100
2019-06-28 10:04:30.000000000,99745,216,99650,216,99748,216,99590,216,99776,216,99576,216,99841,216,99558,216,99865,100,99498,100,99892,100,99479,100,99998,100,99436,100,100013,100,99306,100,100039,200,99250,100,100058,100,99243,100
2019-06-28 10:04:34.379977285,99745,216,99650,116,99748,216,99590,216,99776,216,99576,216,99841,216,99558,216,99865,100,99498,100,99892,100,99479,100,99998,100,99436,100,100013,100,99306,100,100039,200,99250,100,100058,100,99243,100
2019-06-28 10:04:38.979958939,99745,216,99650,116,99748,216,99590,216,99776,216,99576,216,99841,216,99558,216,99865,100,99498,100,99892,100,99479,100,99998,100,99436,100,100013,100,99306,100,100039,200,99250,100,100058,100,99243,100
2019-06-28 10:04:40.000000000,99745,562,99590,562,99748,100,99576,100,99776,100,99558,100,99841,100,99498,100,99865,100,99479,100,99892,100,99436,100,99998,100,99306,100,100013,100,99250,100,100039,200,99243,100,100058,100,99218,100
2019-06-28 10:04:50.000000000,99745,216,99590,216,99748,216,99576,216,99776,216,99558,216,99841,216,99498,216,99865,100,99479,100,99892,100,99436,100,99998,100,99306,100,100013,100,99250,100,100039,200,99243,100,100058,100,99218,100
2019-06-28 10:05:00.000000000,99745,257,99590,257,99748,252,99576,252,99776,252,99558,252,99841,100,99498,100,99865,100,99479,100,99892,100,99436,100,99998,100,99306,100,100013,100,99250,100,100039,200,99243,100,100058,100,99218,100
2019-06-28 10:05:10.000000000,99745,192,99590,192,99748,192,99576,192,99776,192,99558,192,99841,192,99498,192,99865,192,99479,192,99892,100,99436,100,99998,100,99306,100,100013,100,99250,100,100039,200,99243,100,100058,100,99218,100
2019-06-28 10:05:20.000000000,99745,216,99590,216,99748,216,99576,216,99776,216,99558,216,99841,216,99498,216,99865,100,99479,100,99892,100,99436,100,99998,100,99306,100,100013,100,99250,100,100039,200,99243,100,100058,100,99218,100
2019-06-28 10:05:30.000000000,99745,216,99590,216,99748,216,99576,216,99776,216,99558,216,99841,216,99498,216,99865,100,99479,100,99892,100,99436,100,99998,100,99306,100,100013,100,99250,100,100039,200,99243,100,100058,100,99218,100
2019-06-28 10:05:36.356605211,99745,216,99590,216,99748,216,99576,216,99776,216,99558,216,99841,216,99551,100,99865,100,99498,216,99892,100,99479,100,99998,100,99436,100,100013,100,99306,100,100039,200,99250,100,100058,100,99243,100
2019-06-28 10:05:40.000000000,99745,192,99590,192,99748,192,99576,192,99776,192,99558,192,99841,192,99551,192,99865,192,99498,192,99892,100,99479,100,99998,100,99436,100,100013,100,99306,100,100039,200,99250,100,100058,100,99243,100
2019-06-28 10:05:42.529003415,99745,92,99590,192,99748,192,99576,192,99776,192,99558,192,99841,192,99551,192,99865,192,99498,192,99892,100,99479,100,99998,100,99436,100,100013,100,99306,100,100039,200,99250,100,100058,100,99243,100
2019-06-28 10:05:50.000000000,99748,257,99590,257,99776,252,99576,252,99841,252,99558,252,99865,100,99551,100,99892,100,99498,100,99998,100,99479,100,100013,100,99436,100,100039,200,99306,100,100058,100,99250,100,100309,100,99243,100
2019-06-28 10:06:00.000000000,99748,331,99590,331,99776,331,99576,331,99841,100,99558,100,99865,100,99551,100,99892,100,99498,100,99998,100,99479,100,100013,100,99436,100,100039,200,99306,100,100058,100,99250,100,100309,100,99243,100
2019-06-28 10:06:10.000000000,99748,257,99590,257,99776,252,99576,252,99841,252,99558,252,99865,100,99551,100,99892,100,99498,100,99998,100,99479,100,100013,100,99436,100,100039,200,99306,100,100058,100,99250,100,100309,100,99243,100
2019-06-28 10:06:10.004286195,99748,257,99590,257,99776,252,99576,252,99841,252,99558,252,99865,100,99551,100,99892,100,99498,100,99998,100,99479,100,100013,100,99436,100,100039,100,99306,100,100058,100,99250,100,100309,100,99243,100
2019-06-28 10:06:10.280735343,99748,257,99590,157,99776,252,99576,252,99841,252,99558,252,99865,100,99551,100,99892,100,99498,100,99998,100,99479,100,100013,100,99436,100,100039,100,99306,100,100058,100,99250,100,100309,100,99243,100
2019-06-28 10:06:12.069222417,99748,257,99661,100,99776,252,99590,157,99841,252,99576,252,99865,100,99558,252,99892,100,99551,100,99998,100,99498,100,100013,100,99479,100,100039,100,99436,100,100058,100,99306,100,100309,100,99250,100
2019-06-28 10:06:20.000000000,99748,216,99661,216,99776,216,99576,216,99841,216,99558,216,99865,216,99551,216,99892,100,99498,100,99998,100,99479,100,100013,100,99436,100,100039,100,99306,100,100058,100,99250,100,100309,100,99243,100
2019-06-28 10:06:30.000000000,99748,257,99661,257,99776,252,99576,252,99841,252,99558,252,99865,100,99551,100,99892,100,99498,100,99998,100,99479,100,100013,100,99436,100,100039,100,99306,100,100058,100,99250,100,100309,100,99243,100
2019-06-28 10:06:31.779085619,99748,257,99661,257,99776,252,99576,252,99841,252,99558,252,99865,100,99551,100,99892,100,99498,100,99996,100,99479,100,99998,100,99436,100,100013,100,99306,100,100039,100,99250,100,100058,100,99243,100
2019-06-28 10:06:35.236423575,99725,100,99661,257,99748,257,99576,252,99776,252,99558,252,99841,252,99551,100,99865,100,99498,100,99892,100,99479,100,99996,100,99436,100,99998,100,99306,100,100013,100,99250,100,100039,100,99243,100
2019-06-28 10:06:40.000000000,99725,562,99661,562,99748,100,99576,100,99776,100,99558,100,99841,100,99551,100,99865,100,99498,100,99892,100,99479,100,99996,100,99436,100,99998,100,99306,100,100013,100,99250,100,100039,100,99243,100
2019-06-28 10:06:50.000000000,99725,562,99661,562,99748,100,99576,100,99776,100,99558,100,99841,100,99551,100,99865,100,99498,100,99892,100,99479,100,99996,100,99436,100,99998,100,99306,100,100013,100,99250,100,100039,100,99243,100
2019-06-28 10:06:57.769565409,99725,562,99661,562,99748,100,99626,100,99776,100,99576,100,99841,100,99558,100,99865,100,99551,100,99892,100,99498,100,99996,100,99479,100,99998,100,99436,100,100013,100,99306,100,100039,100,99250,100
2019-06-28 10:07:00.000000000,99725,257,99661,257,99748,252,99626,252,99776,252,99576,252,99841,100,99558,100,99865,100,99551,100,99892,100,99498,100,99996,100,99479,100,99998,100,99436,100,100013,100,99306,100,100039,100,99250,100
2019-06-28 10:07:10.000000000,99725,192,99661,192,99748,192,99626,192,99776,192,99576,192,99841,192,99558,192,99865,192,99551,192,99892,100,99498,100,99996,100,99479,100,99998,100,99436,100,100013,100,99306,100,100039,100,99250,100
2019-06-28 10:07:20.000000000,99725,216,99661,216,99748,216,99626,216,99776,216,99576,216,99841,216,99558,216,99865,100,99551,100,99892,100,99498,100,99996,100,99479,100,99998,100,99436,100,100013,100,99306,100,100039,100,99250,100
2019-06-28 10:07:29.020122245,99725,216,99661,216,99748,216,99651,100,99776,216,99626,216,99841,216,99576,216,99865,100,99558,216,99892,100,99551,100,99996,100,99498,100,99998,100,99479,100,100013,100,99436,100,100039,100,99306,100
2019-06-28 10:07:30.000000000,99725,192,99661,192,99748,192,99651,192,99776,192,99626,192,99841,192,99576,192,99865,192,99558,192,99892,100,99551,100,99996,100,99498,100,99998,100,99479,100,100013,100,99436,100,100039,100,99306,100
2019-06-28 10:07:40.000000000,99725,257,99661,257,99748,252,99651,252,99776,252,99626,252,99841,100,99576,100,99865,100,99558,100,99892,100,99551,100,99996,100,99498,100,99998,100,99479,100,100013,100,99436,100,100039,100,99306,100
2019-06-28 10:07:50.000000000,99725,331,99661,331,99748,331,99651,331,99776,100,99626,100,99841,100,99576,100,99865,100,99558,100,99892,100,99551,100,99996,100,99498,100,99998,100,99479,100,100013,100,99436,100,100039,100,99306,100
2019-06-28 10:08:00.000000000,99725,192,99661,192,99748,192,99651,192,99776,192,99626,192,99841,192,99576,192,99865,192,99558,192,99892,100,99551,100,99996,100,99498,100,99998,100,99479,100,100013,100,99436,100,100039,100,99306,100
2019-06-28 10:08:00.735404276,99725,192,99661,192,99748,192,99651,192,99755,100,99626,192,99776,192,99576,192,99841,192,99558,192,99865,192,99551,100,99892,100,99498,100,99996,100,99479,100,99998,100,99436,100,100013,100,99306,100
2019-06-28 10:08:07.600927139,99725,192,99661,192,99748,192,99651,192,99755,100,99626,192,99776,192,99576,192,99800,100,99558,192,99841,192,99551,100,99865,192,99498,100,99892,100,99479,100,99996,100,99436,100,99998,100,99306,100
2019-06-28 10:08:10.000000000,99725,562,99661,562,99748,100,99651,100,99755,100,99626,100,99776,100,99576,100,99800,100,99558,100,99841,100,99551,100,99865,100,99498,100,99892,100,99479,100,99996,100,99436,100,99998,100,99306,100
2019-06-28 10:08:13.383445812,99725,562,99661,562,99748,100,99653,100,99755,100,99651,100,99776,100,99626,100,99800,100,99576,100,99841,100,99558,100,99865,100,99551,100,99892,100,99498,100,99996,100,99479,100,99998,100,99436,100
2019-06-28 10:08:20.000000000,99725,331,99661,331,99748,331,99653,331,99755,100,99651,100,99776,100,99626,100,99800,100,99576,100,99841,100,99558,100,99865,100,99551,100,99892,100,99498,100,99996,100,99479,100,99998,100,99436,100
2019-06-28 10:08:24.061859650,99725,331,99661,331,99748,331,99653,331,99755,100,99651,100,99776,100,99626,100,99800,100,99576,100,99841,100,99558,100,99865,100,99551,100,99892,100,99498,100,99998,100,99481,100,100013,100,99479,100
2019-06-28 10:08:30.000000000,99725,257,99661,257,99748,252,99653,252,99755,252,99651,252,99776,100,99626,100,99800,100,99576,100,99841,100,99558,100,99865,100,99551,100,99892,100,99498,100,99998,100,99481,100,100013,100,99479,100
2019-06-28 10:08:40.000000000,99725,331,99661,331,99748,331,99653,331,99755,100,99651,100,99776,100,99626,100,99800,100,99576,100,99841,100,99558,100,99865,100,99551,100,99892,100,99498,100,99998,100,99481,100,100013,100,99479,100
