,ask_price_1,ask_size_1,bid_price_1,bid_size_1,ask_price_2,ask_size_2,bid_price_2,bid_size_2,ask_price_3,ask_size_3,bid_price_3,bid_size_3,ask_price_4,ask_size_4,bid_price_4,bid_size_4,ask_price_5,ask_size_5,bid_price_5,bid_size_5,ask_price_6,ask_size_6,bid_price_6,bid_size_6,ask_price_7,ask_size_7,bid_price_7,bid_size_7,ask_price_8,ask_size_8,bid_price_8,bid_size_8,ask_price_9,ask_size_9,bid_price_9,bid_size_9,ask_price_10,ask_size_10,bid_price_10,bid_size_10
2019-06-28 09:30:00.000000000,100179,100,,,,,,,,,,,,,,,,,,,,,,,,,,,,,,,,,,,,,,
2019-06-28 09:30:00.000000001,100179,100,99892,100,,,,,,,,,,,,,,,,,,,,,,,,,,,,,,,,,,,,
2019-06-28 09:30:00.000000003,100179,100,99895,100,,,99892,100,,,,,,,,,,,,,,,,,,,,,,,,,,,,,,,,
2019-06-28 09:30:00.000000005,100001,100,99895,200,100179,100,99892,100,,,,,,,,,,,,,,,,,,,,,,,,,,,,,,,,
2019-06-28 09:30:00.000000006,100001,100,99975,100,100179,100,99895,200,,,99892,100,,,,,,,,,,,,,,,,,,,,,,,,,,,,
2019-06-28 09:30:00.000000007,100001,100,99975,100,100179,100,99916,100,,,99895,200,,,99892,100,,,,,,,,,,,,,,,,,,,,,,,,
2019-06-28 09:30:00.000000008,100001,100,99975,100,100031,100,99916,100,100179,100,99895,200,,,99892,100,,,,,,,,,,,,,,,,,,,,,,,,
2019-06-28 09:30:00.000000009,100001,100,99975,100,100024,100,99916,100,100031,100,99895,200,100179,100,99892,100,,,,,,,,,,,,,,,,,,,,,,,,
2019-06-28 09:30:00.000000012,99999,100,99975,100,100001,100,99916,100,100024,100,99895,200,100031,100,99892,100,100037,100,,,100109,100,,,100179,100,,,,,,,,,,,,,,
2019-06-28 09:30:00.000000013,100001,100,99975,100,100024,100,99916,100,100031,100,99895,200,100037,100,99892,100,100109,100,,,100179,100,,,,,,,,,,,,,,,,,,
2019-06-28 09:30:00.000000017,100001,100,99916,100,100024,100,99895,200,100031,100,99892,100,100037,100,,,100109,100,,,100179,100,,,,,,,,,,,,,,,,,,
2019-06-28 09:30:00.000000019,100001,100,99978,100,100024,100,99916,100,100031,100,99895,200,100037,100,99892,100,100109,100,99883,100,100179,100,,,,,,,,,,,,,,,,,,
2019-06-28 09:30:00.000000021,100001,100,99978,100,100024,100,99916,100,100031,100,99895,200,100037,100,99892,100,100109,100,99883,100,100151,100,,,100179,100,,,,,,,,,,,,,,
2019-06-28 09:30:00.000000022,100001,100,99978,100,100024,100,99916,100,100031,100,99895,200,100037,100,99892,100,100082,100,99883,100,100109,100,,,100151,100,,,100179,100,,,,,,,,,,
2019-06-28 09:30:00.000000025,100001,100,99975,100,100024,100,99916,100,100031,100,99895,200,100037,100,99892,100,100082,100,99883,100,100109,100,,,100151,100,,,100179,100,,,,,,,,,,
2019-06-28 09:30:00.000000026,100001,100,99916,100,100024,100,99895,200,100031,100,99892,100,100037,100,99883,100,100082,100,,,100109,100,,,100151,100,,,100179,100,,,,,,,,,,
2019-06-28 09:30:00.000000028,99993,100,99916,100,100001,100,99895,200,100024,100,99892,100,100031,100,99883,100,100037,100,,,100082,100,,,100109,200,,,100151,100,,,100179,100,,,,,,
2019-06-28 09:30:00.000000030,99993,100,99973,100,100001,100,99916,100,100024,100,99895,200,100031,100,99892,100,100037,100,99883,100,100082,100,,,100109,200,,,100151,100,,,100179,100,,,,,,
2019-06-28 09:30:00.000000032,100001,100,99973,100,100024,100,99916,100,100031,100,99895,200,100037,100,99892,100,100082,100,99883,100,100109,200,,,100151,100,,,100179,100,,,,,,,,,,
2019-06-28 09:30:00.000000034,100024,100,99973,100,100031,100,99916,100,100037,100,99895,200,100082,100,99892,100,100109,200,99883,100,100151,100,,,100179,100,,,,,,,,,,,,,,
2019-06-28 09:30:00.000000036,100024,100,99916,100,100031,100,99895,200,100037,100,99892,100,100082,100,99883,100,100109,200,,,100151,100,,,100179,100,,,,,,,,,,,,,,
2019-06-28 09:30:00.000000037,100024,100,100021,100,100031,100,99916,100,100037,100,99895,200,100082,100,99892,100,100109,200,99883,100,100151,100,,,100179,100,,,,,,,,,,,,,,
2019-06-28 09:30:00.000000038,100024,100,100021,100,100031,100,99916,100,100037,100,99895,200,100082,100,99892,100,100109,200,99883,100,100150,100,,,100151,100,,,100179,100,,,,,,,,,,
2019-06-28 09:30:00.000000040,100024,100,100021,100,100031,100,99916,100,100037,100,99895,200,100050,100,99892,100,100082,100,99883,100,100109,200,,,100150,100,,,100151,100,,,100179,100,,,,,,
2019-06-28 09:30:00.000000043,100024,100,99916,100,100031,100,99895,200,100037,100,99892,100,100050,100,99887,100,100082,100,99883,100,100109,200,,,100150,100,,,100151,100,,,100179,100,,,,,,
2019-06-28 09:30:00.000000045,100024,100,99916,100,100031,100,99895,200,100037,100,99892,100,100050,100,99887,100,100057,100,99883,100,100082,100,,,100109,200,,,100150,100,,,100151,100,,,100179,100,,
2019-06-28 09:30:00.000000046,100024,100,99916,100,100031,100,99895,200,100034,100,99892,100,100037,100,99887,100,100050,100,99883,100,100057,100,,,100082,100,,,100109,200,,,100150,100,,,100151,100,,
2019-06-28 09:30:00.000000047,100023,100,99916,100,100024,100,99895,200,100031,100,99892,100,100034,100,99887,100,100037,100,99883,100,100050,100,,,100057,100,,,100082,100,,,100109,200,,,100150,100,,
2019-06-28 09:30:00.000000048,100023,100,99960,100,100024,100,99916,100,100031,100,99895,200,100034,100,99892,100,100037,100,99887,100,100050,100,99883,100,100057,100,,,100082,100,,,100109,200,,,100150,100,,
2019-06-28 09:30:00.000000049,100023,100,99960,100,100024,100,99916,100,100031,100,99895,200,100034,100,99892,100,100037,100,99887,100,100050,100,99883,100,100057,100,,,100082,100,,,100100,100,,,100109,200,,
2019-06-28 09:30:00.000000052,100023,100,99960,100,100024,100,99916,100,100031,100,99895,200,100034,100,99892,100,100037,100,99887,100,100050,100,99883,100,100057,100,,,100082,100,,,100100,100,,,100109,200,,
2019-06-28 09:30:00.000000053,100023,100,99960,100,100024,100,99947,100,100031,100,99916,100,100034,100,99895,200,100037,100,99892,100,100050,100,99887,100,100057,100,99883,100,100082,100,,,100100,100,,,100109,200,,
2019-06-28 09:30:00.000000060,100023,100,99960,100,100024,100,99947,100,100031,100,99916,100,100034,100,99895,200,100037,100,99892,100,100050,100,99887,100,100057,100,99883,100,100082,100,99862,100,100100,100,,,100109,200,,
2019-06-28 09:30:00.000000063,100023,200,99960,100,100024,100,99947,100,100031,100,99916,100,100034,100,99895,200,100037,100,99892,100,100050,100,99887,100,100057,100,99883,100,100082,100,99862,100,100100,100,,,100109,200,,
2019-06-28 09:30:00.000000065,100023,200,99960,200,100024,100,99947,100,100031,100,99916,100,100034,100,99895,200,100037,100,99892,100,100050,100,99887,100,100057,100,99883,100,100082,100,99862,100,100100,100,,,100109,200,,
2019-06-28 09:30:00.000000066,100023,200,99960,100,100024,100,99947,100,100031,100,99916,100,100034,100,99895,200,100037,100,99892,100,100050,100,99887,100,100057,100,99883,100,100082,100,99862,100,100100,100,99824,100,100109,200,,
2019-06-28 09:30:00.000000067,100023,100,99960,100,100024,100,99947,100,100031,100,99916,100,100034,100,99895,200,100037,100,99892,100,100050,100,99887,100,100057,100,99883,100,100082,100,99862,100,100100,100,99824,100,100109,200,,
2019-06-28 09:30:00.000000071,100023,100,99960,100,100024,100,99947,100,100031,100,99916,100,100034,100,99895,200,100037,100,99892,100,100050,100,99887,100,100057,100,99883,100,100082,100,99862,100,100098,100,99824,100,100100,100,,
2019-06-28 09:30:00.000000073,99967,100,99960,100,100023,100,99947,100,100024,100,99916,100,100031,100,99895,200,100034,100,99892,100,100037,100,99887,100,100050,100,99883,100,100057,100,99862,100,100082,100,99824,100,100098,100,,
2019-06-28 09:30:00.000000075,99967,100,99960,100,100023,200,99947,100,100024,100,99916,100,100031,100,99895,200,100034,100,99892,100,100037,100,99887,100,100050,100,99883,100,100057,100,99862,100,100082,100,99824,100,100098,100,,
2019-06-28 09:30:00.000000076,99967,100,99960,100,100016,100,99947,100,100023,200,99916,100,100024,100,99895,200,100031,100,99892,100,100034,100,99887,100,100037,100,99883,100,100050,100,99862,100,100057,100,99824,100,100082,100,,
2019-06-28 09:30:00.000000077,99967,100,99960,100,100016,100,99947,100,100022,100,99916,100,100023,200,99895,200,100024,100,99892,100,100031,100,99887,100,100034,100,99883,100,100037,100,99862,100,100050,100,99824,100,100057,100,,
2019-06-28 09:30:00.000000078,99967,100,99961,100,100016,100,99960,100,100022,100,99947,100,100023,200,99916,100,100024,100,99895,200,100031,100,99892,100,100034,100,99887,100,100037,100,99883,100,100050,100,99862,100,100057,100,99824,100
2019-06-28 09:30:00.000000079,99967,100,99961,100,100016,200,99960,100,100022,100,99947,100,100023,200,99916,100,100024,100,99895,200,100031,100,99892,100,100034,100,99887,100,100037,100,99883,100,100050,100,99862,200,100057,100,99824,100
2019-06-28 09:30:00.000000081,99967,100,99961,100,100016,200,99960,100,100022,100,99947,100,100023,200,99916,100,100024,100,99895,200,100031,100,99892,100,100034,100,99887,100,100037,100,99883,100,100050,100,99862,200,100057,100,99824,100
2019-06-28 09:30:00.000000083,99967,100,99961,100,100016,200,99960,100,100022,100,99947,100,100023,200,99916,100,100024,100,99895,200,100031,100,99892,100,100034,100,99887,100,100037,100,99883,100,100050,100,99862,200,100057,100,99824,100
2019-06-28 09:30:00.000000085,99967,100,99961,200,100016,200,99960,100,100022,100,99947,100,100023,200,99916,100,100024,100,99895,200,100031,100,99892,100,100034,100,99887,100,100037,100,99883,100,100050,100,99862,200,100057,100,99840,100
2019-06-28 09:30:00.000000089,99967,100,99961,200,100016,200,99960,100,100022,100,99947,100,100023,200,99916,100,100024,100,99895,200,100031,100,99892,100,100034,100,99887,100,100037,100,99883,100,100050,100,99862,200,100057,100,99840,100
2019-06-28 09:30:00.000000091,99967,100,99961,200,99993,100,99960,100,100016,200,99947,100,100022,100,99916,100,100023,200,99895,200,100024,100,99892,100,100031,100,99887,100,100034,100,99883,100,100037,100,99862,200,100050,100,99840,100
2019-06-28 09:30:00.000000096,99967,100,99961,200,99993,100,99960,100,100016,200,99947,100,100022,200,99916,100,100023,200,99895,200,100024,100,99892,100,100031,100,99887,100,100034,100,99883,100,100037,100,99862,200,100050,100,99840,100
2019-06-28 09:30:00.000000097,99993,100,99961,200,100016,200,99960,100,100022,200,99947,100,100023,200,99916,100,100024,100,99895,200,100031,100,99892,100,100034,100,99887,100,100037,100,99883,100,100050,100,99862,200,100057,100,99840,100
2019-06-28 09:30:00.000000098,99993,100,99961,200,100015,100,99960,100,100016,200,99947,100,100022,200,99926,100,100023,200,99916,100,100024,100,99895,200,100031,100,99892,100,100034,100,99887,100,100037,100,99883,100,100050,100,99862,200
2019-06-28 09:30:00.000000099,99993,100,99964,100,100015,100,99961,200,100016,200,99960,100,100022,200,99947,100,100023,200,99926,100,100024,100,99916,100,100031,100,99895,200,100034,100,99892,100,100037,100,99887,100,100050,100,99883,100
2019-06-28 09:30:09.661183871,99993,100,99964,100,100015,100,99961,200,100016,200,99960,100,100022,200,99947,100,100023,200,99926,100,100024,100,99916,100,100031,100,99895,200,100034,100,99892,100,100037,100,99887,100,100050,100,99883,100
2019-06-28 09:30:10.000000000,99993,179,99964,179,100015,179,99961,279,100016,279,99960,179,100022,279,99947,179,100023,200,99926,100,100024,100,99916,100,100031,100,99895,200,100034,100,99892,100,100037,100,99887,100,100050,100,99883,100
2019-06-28 09:30:20.000000000,99993,179,99964,179,100015,179,99961,279,100016,279,99960,179,100022,279,99947,179,100023,200,99926,100,100024,100,99916,100,100031,100,99895,200,100034,100,99892,100,100037,100,99887,100,100050,100,99883,100
2019-06-28 09:30:20.735051305,99993,179,99964,179,100015,179,99961,279,100016,179,99960,179,100022,279,99947,179,100023,200,99926,100,100024,100,99916,100,100031,100,99895,200,100034,100,99892,100,100037,100,99887,100,100050,100,99883,100
2019-06-28 09:30:22.697013671,99993,179,99964,179,100015,179,99961,279,100016,179,99960,179,100022,279,99947,179,100023,200,99926,100,100024,100,99916,100,100031,100,99895,200,100034,100,99887,100,100037,100,99883,100,100050,100,99862,200
2019-06-28 09:30:30.000000000,99993,207,99964,207,100015,204,99961,304,100016,204,99960,204,100022,200,99947,100,100023,200,99926,100,100024,100,99916,100,100031,100,99895,200,100034,100,99887,100,100037,100,99883,100,100050,100,99862,200
2019-06-28 09:30:30.888061306,99993,207,99967,100,100015,204,99964,207,100016,204,99961,304,100022,200,99960,204,100023,200,99947,100,100024,100,99926,100,100031,100,99916,100,100034,100,99895,200,100037,100,99887,100,100050,100,99883,100
2019-06-28 09:30:35.939577289,99993,207,99967,100,100015,204,99964,207,100016,204,99961,304,100022,200,99960,204,100023,200,99947,100,100024,100,99944,100,100031,100,99926,100,100034,100,99916,100,100037,100,99895,200,100050,100,99887,100
2019-06-28 09:30:40.000000000,99993,258,99967,258,100015,258,99964,258,100016,100,99961,200,100022,200,99960,100,100023,200,99947,100,100024,100,99944,100,100031,100,99926,100,100034,100,99916,100,100037,100,99895,200,100050,100,99887,100
2019-06-28 09:30:50.000000000,99993,179,99967,179,100015,179,99964,179,100016,179,99961,279,100022,279,99960,179,100023,200,99947,100,100024,100,99944,100,100031,100,99926,100,100034,100,99916,100,100037,100,99895,200,100050,100,99887,100
2019-06-28 09:30:52.852342510,99993,179,99967,179,100015,179,99964,179,100016,179,99961,279,100022,279,99960,179,100023,200,99947,100,100024,100,99944,100,100031,100,99926,100,100034,100,99916,100,100037,100,99895,200,100050,100,99887,100
2019-06-28 09:31:00.000000000,99993,163,99967,163,100015,163,99964,163,100016,163,99961,263,100022,263,99960,163,100023,263,99947,163,100024,100,99944,100,100031,100,99926,100,100034,100,99916,100,100037,100,99895,200,100050,100,99887,100
2019-06-28 09:31:10.000000000,99993,163,99967,163,100015,163,99964,163,100016,163,99961,263,100022,263,99960,163,100023,263,99947,163,100024,100,99944,100,100031,100,99926,100,100034,100,99916,100,100037,100,99895,200,100050,100,99887,100
2019-06-28 09:31:11.846958645,99993,63,99967,163,100015,163,99964,163,100016,163,99961,263,100022,263,99960,163,100023,263,99947,163,100024,100,99944,100,100031,100,99926,100,100034,100,99916,100,100037,100,99895,200,100050,100,99887,100
2019-06-28 09:31:17.079776634,99993,63,99967,163,100015,163,99964,163,100016,163,99961,263,100022,263,99960,163,100023,263,99947,163,100024,100,99944,100,100031,100,99926,100,100034,100,99916,100,100037,100,99895,200,100050,100,99887,100
2019-06-28 09:31:20.000000000,100015,207,99967,207,100016,204,99964,204,100022,304,99961,304,100023,200,99960,100,100024,100,99947,100,100031,100,99944,100,100034,100,99926,100,100037,100,99916,100,100050,100,99895,200,100057,100,99887,100
2019-06-28 09:31:25.966097520,100015,107,99967,207,100016,204,99964,204,100022,304,99961,304,100023,200,99960,100,100024,100,99947,100,100031,100,99926,100,100034,100,99916,100,100037,100,99895,200,100050,100,99887,100,100057,100,99883,100
2019-06-28 09:31:30.000000000,100016,416,99967,416,100022,200,99964,100,100023,200,99961,200,100024,100,99960,100,100031,100,99947,100,100034,100,99926,100,100037,100,99916,100,100050,100,99895,200,100057,100,99887,100,100058,100,99883,100
2019-06-28 09:31:31.077907052,100016,416,100005,100,100022,200,99967,416,100023,200,99964,100,100024,100,99961,200,100031,100,99960,100,100034,100,99947,100,100037,100,99926,100,100050,100,99916,100,100057,100,99895,200,100058,100,99887,100
2019-06-28 09:31:40.000000000,100016,416,100005,416,100022,200,99967,100,100023,200,99964,100,100024,100,99961,200,100031,100,99960,100,100034,100,99947,100,100037,100,99926,100,100050,100,99916,100,100057,100,99895,200,100058,100,99887,100
2019-06-28 09:31:50.000000000,100016,163,100005,163,100022,263,99967,163,100023,263,99964,163,100024,163,99961,263,100031,163,99960,163,100034,100,99947,100,100037,100,99926,100,100050,100,99916,100,100057,100,99895,200,100058,100,99887,100
2019-06-28 09:31:54.231953525,100016,163,100005,163,100022,263,99967,163,100023,263,99964,163,100024,163,99961,263,100031,163,99960,63,100034,100,99947,100,100037,100,99926,100,100050,100,99916,100,100057,100,99895,200,100058,100,99887,100
2019-06-28 09:32:00.000000000,100016,163,100005,163,100022,263,99967,163,100023,263,99964,163,100024,163,99961,263,100031,163,99947,163,100034,100,99926,100,100037,100,99916,100,100050,100,99895,200,100057,100,99887,100,100058,100,99883,100
2019-06-28 09:32:10.000000000,100016,207,100005,207,100022,304,99967,204,100023,304,99964,204,100024,100,99961,200,100031,100,99947,100,100034,100,99926,100,100037,100,99916,100,100050,100,99895,200,100057,100,99887,100,100058,100,99883,100
2019-06-28 09:32:20.000000000,100016,416,100005,416,100022,200,99967,100,100023,200,99964,100,100024,100,99961,200,100031,100,99947,100,100034,100,99926,100,100037,100,99916,100,100050,100,99895,200,100057,100,99887,100,100058,100,99883,100
2019-06-28 09:32:30.000000000,100016,416,100005,416,100022,200,99967,100,100023,200,99964,100,100024,100,99961,200,100031,100,99947,100,100034,100,99926,100,100037,100,99916,100,100050,100,99895,200,100057,100,99887,100,100058,100,99883,100
2019-06-28 09:32:40.000000000,100016,416,100005,416,100022,200,99967,100,100023,200,99964,100,100024,100,99961,200,100031,100,99947,100,100034,100,99926,100,100037,100,99916,100,100050,100,99895,200,100057,100,99887,100,100058,100,99883,100
2019-06-28 09:32:47.126119133,100016,416,100005,316,100022,200,99967,100,100023,200,99964,100,100024,100,99961,200,100031,100,99947,100,100034,100,99926,100,100037,100,99916,100,100050,100,99895,200,100057,100,99887,100,100058,100,99883,100
2019-06-28 09:32:50.000000000,100016,179,99967,179,100022,279,99964,179,100023,279,99961,279,100024,179,99947,179,100031,100,99926,100,100034,100,99916,100,100037,100,99895,200,100050,100,99887,100,100057,100,99883,100,100058,100,99862,100
2019-06-28 09:33:00.000000000,100016,416,99967,416,100022,200,99964,100,100023,200,99961,200,100024,100,99947,100,100031,100,99926,100,100034,100,99916,100,100037,100,99895,200,100050,100,99887,100,100057,100,99883,100,100058,100,99862,100
2019-06-28 09:33:07.197939977,100016,416,99967,416,100022,200,99964,100,100023,200,99961,200,100024,100,99954,100,100031,100,99947,100,100034,100,99926,100,100037,100,99916,100,100050,100,99895,200,100057,100,99887,100,100058,100,99883,100
2019-06-28 09:33:10.000000000,100016,416,99967,416,100022,200,99964,100,100023,200,99961,200,100024,100,99954,100,100031,100,99947,100,100034,100,99926,100,100037,100,99916,100,100050,100,99895,200,100057,100,99887,100,100058,100,99883,100
2019-06-28 09:33:20.000000000,100016,163,99967,163,100022,263,99964,163,100023,263,99961,263,100024,163,99954,163,100031,163,99947,163,100034,100,99926,100,100037,100,99916,100,100050,100,99895,200,100057,100,99887,100,100058,100,99883,100
2019-06-28 09:33:30.000000000,100016,163,99967,163,100022,263,99964,163,100023,263,99961,263,100024,163,99954,163,100031,163,99947,163,100034,100,99926,100,100037,100,99916,100,100050,100,99895,200,100057,100,99887,100,100058,100,99883,100
2019-06-28 09:33:36.836808313,100016,163,99967,163,100022,263,99964,163,100023,263,99961,263,100024,163,99954,163,100031,163,99947,163,100034,100,99926,100,100037,100,99916,100,100050,100,99895,200,100057,100,99887,100,100058,100,99883,100
2019-06-28 09:33:40.000000000,100016,179,99967,179,100022,279,99964,179,100023,279,99961,279,100024,179,99954,179,100031,100,99947,100,100034,100,99926,100,100037,100,99916,100,100050,100,99895,200,100057,100,99887,100,100058,100,99883,100
2019-06-28 09:33:50.000000000,100016,258,99967,258,100022,358,99964,258,100023,200,99961,200,100024,100,99954,100,100031,100,99947,100,100034,100,99926,100,100037,100,99916,100,100050,100,99895,200,100057,100,99887,100,100058,100,99883,100
2019-06-28 09:34:00.000000000,100016,258,99967,258,100022,358,99964,258,100023,200,99961,200,100024,100,99954,100,100031,100,99947,100,100034,100,99926,100,100037,100,99916,100,100050,100,99895,200,100057,100,99887,100,100058,100,99883,100
2019-06-28 09:34:05.116001364,100016,258,99976,100,100022,358,99967,258,100023,200,99964,258,100024,100,99961,200,100031,100,99954,100,100034,100,99947,100,100037,100,99926,100,100050,100,99916,100,100057,100,99895,200,100058,100,99887,100
2019-06-28 09:34:10.000000000,100016,207,99976,207,100022,304,99967,204,100023,304,99964,204,100024,100,99961,200,100031,100,99954,100,100034,100,99947,100,100037,100,99926,100,100050,100,99916,100,100057,100,99895,200,100058,100,99887,100
2019-06-28 09:34:20.000000000,100016,163,99976,163,100022,263,99967,163,100023,263,99964,163,100024,163,99961,263,100031,163,99954,163,100034,100,99947,100,100037,100,99926,100,100050,100,99916,100,100057,100,99895,200,100058,100,99887,100
2019-06-28 09:34:30.000000000,100016,258,99976,258,100022,358,99967,258,100023,200,99964,100,100024,100,99961,200,100031,100,99954,100,100034,100,99947,100,100037,100,99926,100,100050,100,99916,100,100057,100,99895,200,100058,100,99887,100
2019-06-28 09:34:40.000000000,100016,207,99976,207,100022,304,99967,204,100023,304,99964,204,100024,100,99961,200,100031,100,99954,100,100034,100,99947,100,100037,100,99926,100,100050,100,99916,100,100057,100,99895,200,100058,100,99887,100
2019-06-28 09:34:50.000000000,100016,258,99976,258,100022,358,99967,258,100023,200,99964,100,100024,100,99961,200,100031,100,99954,100,100034,100,99947,100,100037,100,99926,100,100050,100,99916,100,100057,100,99895,200,100058,100,99887,100
2019-06-28 09:34:56.837017900,100016,158,99976,258,100022,358,99967,258,100023,200,99964,100,100024,100,99961,200,100031,100,99954,100,100034,100,99947,100,100037,100,99926,100,100050,100,99916,100,100057,100,99895,200,100082,100,99887,100
2019-06-28 09:35:00.000000000,100022,279,99976,179,100023,279,99967,179,100024,179,99964,179,100031,179,99961,279,100034,100,99954,100,100037,100,99947,100,100050,100,99926,100,100057,100,99916,100,100082,100,99895,200,100098,100,99887,100
2019-06-28 09:35:02.791981157,100022,179,99976,179,100023,279,99967,179,100024,179,99964,179,100031,179,99961,279,100034,100,99954,100,100037,100,99947,100,100050,100,99926,100,100057,100,99916,100,100082,100,99895,200,100098,100,99887,100
2019-06-28 09:35:08.504303889,100022,79,99976,179,100023,279,99967,179,100024,179,99964,179,100031,179,99961,279,100034,100,99954,100,100037,100,99947,100,100050,100,99926,100,100057,100,99916,100,100082,100,99895,200,100098,100,99887,100
2019-06-28 09:35:10.000000000,100023,279,99976,179,100024,179,99967,179,100031,179,99964,179,100034,179,99961,279,100037,100,99954,100,100050,100,99947,100,100057,100,99926,100,100082,100,99916,100,100098,100,99895,200,100100,100,99887,100
2019-06-28 09:35:20.000000000,100023,307,99976,207,100024,204,99967,204,100031,204,99964,204,100034,100,99961,200,100037,100,99954,100,100050,100,99947,100,100057,100,99926,100,100082,100,99916,100,100098,100,99895,200,100100,100,99887,100
2019-06-28 09:35:30.000000000,100023,279,99976,179,100024,179,99967,179,100031,179,99964,179,100034,179,99961,279,100037,100,99954,100,100050,100,99947,100,100057,100,99926,100,100082,100,99916,100,100098,100,99895,200,100100,100,99887,100
2019-06-28 09:35:30.562242529,100023,279,100022,100,100024,179,99976,179,100031,179,99967,179,100034,179,99964,179,100037,100,99961,279,100050,100,99954,100,100057,100,99947,100,100082,100,99926,100,100098,100,99916,100,100100,100,99895,200
2019-06-28 09:35:31.926356070,100023,179,100022,100,100024,179,99976,179,100031,179,99967,179,100034,179,99964,179,100037,100,99961,279,100050,100,99954,100,100057,100,99947,100,100082,100,99926,100,100098,100,99916,100,100100,100,99895,200
2019-06-28 09:35:40.000000000,100023,207,100022,207,100024,204,99976,204,100031,204,99967,204,100034,100,99964,100,100037,100,99961,200,100050,100,99954,100,100057,100,99947,100,100082,100,99926,100,100098,100,99916,100,100100,100,99895,200
2019-06-28 09:35:46.635472809,100023,107,100022,207,100024,204,99976,204,100031,204,99967,204,100034,100,99964,100,100037,100,99961,200,100050,100,99954,100,100057,100,99947,100,100082,100,99926,100,100098,100,99916,100,100100,100,99895,200
2019-06-28 09:35:50.000000000,100024,416,100022,416,100031,100,99976,100,100034,100,99967,100,100037,100,99964,100,100050,100,99961,200,100057,100,99954,100,100082,100,99947,100,100098,100,99926,100,100100,100,99916,100,100102,100,99895,200
2019-06-28 09:36:00.000000000,100024,258,100022,258,100031,258,99976,258,100034,100,99967,100,100037,100,99964,100,100050,100,99961,200,100057,100,99954,100,100082,100,99947,100,100098,100,99926,100,100100,100,99916,100,100102,100,99895,200
2019-06-28 09:36:10.000000000,100024,163,100022,163,100031,163,99976,163,100034,163,99967,163,100037,163,99964,163,100050,163,99961,263,100057,100,99954,100,100082,100,99947,100,100098,100,99926,100,100100,100,99916,100,100102,100,99895,200
2019-06-28 09:36:20.000000000,100024,258,100022,258,100031,258,99976,258,100034,100,99967,100,100037,100,99964,100,100050,100,99961,200,100057,100,99954,100,100082,100,99947,100,100098,100,99926,100,100100,100,99916,100,100102,100,99895,200
2019-06-28 09:36:21.291181929,100024,158,100022,258,100031,258,99976,258,100034,100,99967,100,100037,100,99964,100,100050,100,99961,200,100057,100,99954,100,100082,100,99947,100,100098,100,99926,100,100100,100,99916,100,100102,100,99895,200
2019-06-28 09:36:23.207979309,100024,158,100023,100,100031,258,100022,258,100034,100,99976,258,100037,100,99967,100,100050,100,99964,100,100057,100,99961,200,100082,100,99954,100,100098,100,99947,100,100100,100,99926,100,100102,100,99916,100
2019-06-28 09:36:24.257435181,100024,58,100023,100,100031,258,100022,258,100034,100,99976,258,100037,100,99967,100,100050,100,99964,100,100057,100,99961,200,100082,100,99947,100,100098,100,99926,100,100100,100,99916,100,100102,100,99895,200
2019-06-28 09:36:30.000000000,100031,207,100023,207,100034,204,100022,204,100037,204,99976,204,100050,100,99967,100,100057,100,99964,100,100082,100,99961,200,100098,100,99947,100,100100,100,99926,100,100102,100,99916,100,100105,100,99895,200
2019-06-28 09:36:30.378642474,100031,207,100023,207,100034,204,100022,204,100037,204,99976,204,100050,100,99967,100,100057,100,99964,100,100082,100,99961,200,100098,100,99947,100,100100,100,99926,100,100102,100,99916,100,100105,100,99895,200
2019-06-28 09:36:40.000000000,100031,258,100023,258,100034,258,100022,258,100037,100,99976,100,100050,100,99967,100,100057,100,99964,100,100082,100,99961,200,100098,100,99947,100,100100,100,99926,100,100102,100,99916,100,100105,100,99895,200
2019-06-28 09:36:49.042348643,100031,258,100023,258,100034,258,100022,258,100037,100,99976,100,100050,100,99967,100,100057,100,99964,100,100082,100,99961,200,100098,100,99947,100,100100,100,99926,100,100102,100,99916,100,100105,100,99895,200
2019-06-28 09:36:49.615104356,100031,158,100023,258,100034,258,100022,258,100037,100,99976,100,100050,100,99967,100,100057,100,99964,100,100082,100,99961,200,100098,100,99947,100,100100,100,99926,100,100102,100,99916,100,100105,100,99895,200
2019-06-28 09:36:50.000000000,100034,207,100023,207,100037,204,100022,204,100050,204,99976,204,100057,100,99967,100,100082,100,99964,100,100098,100,99961,200,100100,100,99947,100,100102,100,99926,100,100105,100,99916,100,100109,200,99895,200
2019-06-28 09:36:51.988463074,100034,207,100023,207,100037,204,100022,204,100050,204,99976,204,100057,100,99967,100,100082,100,99964,100,100098,100,99961,200,100100,100,99947,100,100102,100,99926,100,100105,100,99916,100,100109,200,99895,200
2019-06-28 09:36:54.459068619,100034,207,100023,207,100037,204,100022,204,100050,204,99976,204,100057,100,99967,100,100082,100,99964,100,100098,100,99961,200,100100,100,99947,100,100102,100,99926,100,100109,200,99916,100,100110,100,99895,200
2019-06-28 09:37:00.000000000,100034,207,100023,207,100037,204,100022,204,100050,204,99976,204,100057,100,99967,100,100082,100,99964,100,100098,100,99961,200,100100,100,99947,100,100102,100,99926,100,100109,200,99916,100,100110,100,99895,200
2019-06-28 09:37:02.482533324,100034,207,100023,207,100037,204,100022,204,100050,204,99976,204,100057,100,99967,100,100082,100,99964,100,100098,100,99961,200,100100,100,99947,100,100102,100,99926,100,100109,200,99916,100,100110,100,99895,200
2019-06-28 09:37:06.012956532,100034,207,100023,207,100037,104,100022,204,100050,204,99976,204,100057,100,99967,100,100082,100,99964,100,100098,100,99961,200,100100,100,99947,100,100102,100,99926,100,100109,200,99916,100,100110,100,99895,200
2019-06-28 09:37:10.000000000,100034,416,100023,416,100050,100,100022,100,100057,100,99976,100,100082,100,99967,100,100098,100,99964,100,100100,100,99961,200,100102,100,99947,100,100109,200,99926,100,100110,100,99916,100,100150,100,99895,200
2019-06-28 09:37:20.000000000,100034,258,100023,258,100050,258,100022,258,100057,100,99976,100,100082,100,99967,100,100098,100,99964,100,100100,100,99961,200,100102,100,99947,100,100109,200,99926,100,100110,100,99916,100,100150,100,99895,200
2019-06-28 09:37:30.000000000,100034,258,100023,258,100050,258,100022,258,100057,100,99976,100,100082,100,99967,100,100098,100,99964,100,100100,100,99961,200,100102,100,99947,100,100109,200,99926,100,100110,100,99916,100,100150,100,99895,200
2019-06-28 09:37:40.000000000,100034,207,100023,207,100050,204,100022,204,100057,204,99976,204,100082,100,99967,100,100098,100,99964,100,100100,100,99961,200,100102,100,99947,100,100109,200,99926,100,100110,100,99916,100,100150,100,99895,200
2019-06-28 09:37:47.290626565,100034,107,100023,207,100050,204,100022,204,100057,204,99976,204,100082,100,99967,100,100098,100,99964,100,100100,100,99961,200,100102,100,99947,100,100109,200,99926,100,100110,100,99916,100,100150,100,99895,200
2019-06-28 09:37:50.000000000,100050,258,100023,258,100057,258,100022,258,100082,100,99976,100,100098,100,99967,100,100100,100,99964,100,100102,100,99961,200,100109,200,99947,100,100110,100,99926,100,100150,100,99916,100,100151,200,99895,200
2019-06-28 09:37:55.644958281,100050,258,100023,258,100057,258,100022,258,100082,100,99976,100,100098,100,99967,100,100100,100,99964,100,100102,100,99961,200,100109,200,99947,100,100110,100,99926,100,100150,100,99916,100,100151,200,99895,200
2019-06-28 09:38:00.000000000,100050,163,100023,163,100057,163,100022,163,100082,163,99976,163,100098,163,99967,163,100100,163,99964,163,100102,100,99961,200,100109,200,99947,100,100110,100,99926,100,100150,100,99916,100,100151,200,99895,200
2019-06-28 09:38:10.000000000,100050,179,100023,179,100057,179,100022,179,100082,179,99976,179,100098,179,99967,179,100100,100,99964,100,100102,100,99961,200,100109,200,99947,100,100110,100,99926,100,100150,100,99916,100,100151,200,99895,200
2019-06-28 09:38:10.373190256,100050,79,100023,179,100057,179,100022,179,100082,179,99976,179,100098,179,99967,179,100100,100,99964,100,100102,100,99961,200,100109,200,99947,100,100110,100,99926,100,100150,100,99916,100,100151,200,99895,200
2019-06-28 09:38:20.000000000,100057,163,100023,163,100082,163,100022,163,100098,163,99976,163,100100,163,99967,163,100102,163,99964,163,100109,200,99961,200,100110,100,99947,100,100150,100,99926,100,100151,200,99916,100,100174,100,99895,200
2019-06-28 09:38:24.083177249,100057,63,100023,163,100082,163,100022,163,100098,163,99976,163,100100,163,99967,163,100102,163,99964,163,100109,200,99961,200,100110,100,99947,100,100150,100,99926,100,100151,200,99916,100,100174,100,99895,200
2019-06-28 09:38:30.000000000,100082,207,100023,207,100098,204,100022,204,100100,204,99976,204,100102,100,99967,100,100109,200,99964,100,100110,100,99961,200,100150,100,99947,100,100151,200,99926,100,100174,100,99916,100,100278,100,99895,200
2019-06-28 09:38:32.239724012,100082,207,100050,100,100098,204,100023,207,100100,204,100022,204,100102,100,99976,204,100109,200,99967,100,100110,100,99964,100,100150,100,99961,200,100151,200,99947,100,100174,100,99926,100,100278,100,99916,100
2019-06-28 09:38:40.000000000,100082,207,100050,207,100098,204,100023,204,100100,204,100022,204,100102,100,99976,100,100109,200,99967,100,100110,100,99964,100,100150,100,99961,200,100151,200,99947,100,100174,100,99926,100,100278,100,99916,100
2019-06-28 09:38:50.000000000,100082,207,100050,207,100098,204,100023,204,100100,204,100022,204,100102,100,99976,100,100109,200,99967,100,100110,100,99964,100,100150,100,99961,200,100151,200,99947,100,100174,100,99926,100,100278,100,99916,100
2019-06-28 09:38:58.818084922,100082,107,100050,207,100098,204,100023,204,100100,204,100022,204,100102,100,99976,100,100109,200,99967,100,100110,100,99964,100,100150,100,99961,200,100151,200,99947,100,100174,100,99926,100,100278,100,99916,100
2019-06-28 09:39:00.000000000,100098,258,100050,258,100100,258,100023,258,100102,100,100022,100,100109,200,99976,100,100110,100,99967,100,100150,100,99964,100,100151,200,99961,200,100174,100,99947,100,100278,100,99926,100,100387,100,99916,100
2019-06-28 09:39:02.838993890,100098,158,100050,258,100100,258,100023,258,100102,100,100022,100,100109,200,99976,100,100110,100,99967,100,100150,100,99964,100,100151,200,99961,200,100174,100,99947,100,100278,100,99926,100,100387,100,99916,100
2019-06-28 09:39:06.528837257,100098,58,100050,258,100100,258,100023,258,100102,100,100022,100,100109,200,99976,100,100110,100,99967,100,100150,100,99964,100,100151,200,99961,200,100174,100,99947,100,100278,100,99926,100,100387,100,99916,100
2019-06-28 09:39:10.000000000,100100,179,100050,179,100102,179,100023,179,100109,279,100022,179,100110,179,99976,179,100150,100,99967,100,100151,200,99964,100,100174,100,99961,200,100278,100,99947,100,100387,100,99926,100,100521,100,99916,100
2019-06-28 09:39:10.617858481,100100,79,100050,179,100102,179,100023,179,100109,279,100022,179,100110,179,99976,179,100150,100,99967,100,100151,200,99964,100,100174,100,99961,200,100278,100,99947,100,100387,100,99926,100,100521,100,99916,100
2019-06-28 09:39:16.244714924,100100,79,100098,100,100102,179,100050,179,100109,179,100023,179,100110,179,100022,179,100150,100,99976,179,100151,200,99967,100,100174,100,99964,100,100278,100,99961,200,100387,100,99947,100,100521,100,99926,100
2019-06-28 09:39:20.000000000,100102,416,100098,416,100109,100,100050,100,100110,100,100023,100,100150,100,100022,100,100151,200,99976,100,100174,100,99967,100,100278,100,99964,100,100387,100,99961,200,100521,100,99947,100,100559,100,99926,100
2019-06-28 09:39:24.506060264,100102,316,100098,416,100109,100,100050,100,100110,100,100023,100,100150,100,100022,100,100151,200,99976,100,100174,100,99967,100,100278,100,99964,100,100387,100,99961,200,100521,100,99947,100,100559,100,99926,100
2019-06-28 09:39:25.778657470,100102,316,100098,416,100109,100,100050,100,100110,100,100022,100,100150,100,99976,100,100151,200,99967,100,100174,100,99964,100,100278,100,99961,200,100387,100,99947,100,100521,100,99926,100,100559,100,99916,100
2019-06-28 09:39:30.000000000,100109,416,100098,416,100110,100,100050,100,100150,100,100022,100,100151,200,99976,100,100174,100,99967,100,100278,100,99964,100,100387,100,99961,200,100521,100,99947,100,100559,100,99926,100,100570,100,99916,100
2019-06-28 09:39:40.000000000,100109,163,100098,163,100110,163,100050,163,100150,163,100022,163,100151,263,99976,163,100174,163,99967,163,100278,100,99964,100,100387,100,99961,200,100521,100,99947,100,100559,100,99926,100,100570,100,99916,100
2019-06-28 09:39:44.401827970,100109,163,100099,100,100110,163,100098,163,100150,163,100050,163,100151,263,100022,163,100174,163,99976,163,100278,100,99967,163,100387,100,99964,100,100521,100,99961,200,100559,100,99947,100,100570,100,99926,100
2019-06-28 09:39:50.000000000,100109,163,100099,163,100110,163,100098,163,100150,163,100050,163,100151,263,100022,163,100174,163,99976,163,100278,100,99967,100,100387,100,99964,100,100521,100,99961,200,100559,100,99947,100,100570,100,99926,100
2019-06-28 09:40:00.000000000,100109,207,100099,207,100110,204,100098,204,100150,204,100050,204,100151,200,100022,100,100174,100,99976,100,100278,100,99967,100,100387,100,99964,100,100521,100,99961,200,100559,100,99947,100,100570,100,99926,100
2019-06-28 09:40:00.387724904,100109,207,100099,207,100110,204,100098,204,100150,204,100050,204,100151,200,100022,100,100174,100,99976,100,100278,100,99967,100,100387,100,99964,100,100398,100,99961,200,100521,100,99947,100,100559,100,99926,100
2019-06-28 09:40:09.963338004,100109,207,100099,107,100110,204,100098,204,100150,204,100050,204,100151,200,100022,100,100174,100,99976,100,100278,100,99964,100,100387,100,99961,200,100398,100,99947,100,100521,100,99926,100,100559,100,99916,100
2019-06-28 09:40:10.000000000,100109,207,100098,207,100110,204,100050,204,100150,204,100022,204,100151,200,99976,100,100174,100,99964,100,100278,100,99961,200,100387,100,99947,100,100398,100,99926,100,100521,100,99916,100,100559,100,99895,200
2019-06-28 09:40:10.391227162,100109,207,100098,107,100110,204,100050,204,100150,204,100022,204,100151,200,99976,100,100174,100,99964,100,100278,100,99961,200,100387,100,99947,100,100398,100,99926,100,100521,100,99916,100,100559,100,99895,200
2019-06-28 09:40:14.305117462,100109,207,100098,107,100110,204,100050,204,100150,204,100022,204,100151,200,99976,100,100174,100,99964,100,100278,100,99961,200,100387,100,99947,100,100398,100,99926,100,100521,100,99916,100,100559,100,99895,200
2019-06-28 09:40:20.000000000,100109,258,100050,258,100110,258,100022,258,100150,100,99976,100,100151,200,99964,100,100174,100,99961,200,100278,100,99947,100,100387,100,99926,100,100398,100,99916,100,100521,100,99895,200,100559,100,99883,100
2019-06-28 09:40:21.539282271,100099,100,100050,258,100109,258,100022,258,100110,258,99976,100,100150,100,99964,100,100151,200,99961,100,100174,100,99947,100,100278,100,99926,100,100387,100,99916,100,100398,100,99895,200,100521,100,99883,100
2019-06-28 09:40:29.636320753,100099,100,100050,158,100109,258,100022,258,100110,258,99976,100,100150,100,99964,100,100151,200,99961,100,100174,100,99947,100,100278,100,99926,100,100387,100,99916,100,100398,100,99895,200,100521,100,99824,100
2019-06-28 09:40:30.000000000,100099,258,100022,258,100109,258,99976,258,100110,100,99964,100,100150,100,99961,100,100151,200,99947,100,100174,100,99926,100,100278,100,99916,100,100387,100,99895,200,100398,100,99824,100,100521,100,99272,100
2019-06-28 09:40:40.000000000,100099,163,100022,163,100109,163,99976,163,100110,163,99964,163,100150,163,99961,163,100151,263,99947,163,100174,100,99926,100,100278,100,99916,100,100387,100,99895,200,100398,100,99824,100,100521,100,99272,100
2019-06-28 09:40:50.000000000,100099,207,100022,207,100109,204,99976,204,100110,204,99964,204,100150,100,99961,100,100151,200,99947,100,100174,100,99926,100,100278,100,99916,100,100387,100,99895,200,100398,100,99824,100,100521,100,99272,100
2019-06-28 09:41:00.000000000,100099,207,100022,207,100109,204,99976,204,100110,204,99964,204,100150,100,99961,100,100151,200,99947,100,100174,100,99926,100,100278,100,99916,100,100387,100,99895,200,100398,100,99824,100,100521,100,99272,100
2019-06-28 09:41:10.000000000,100099,258,100022,258,100109,258,99976,258,100110,100,99964,100,100150,100,99961,100,100151,200,99947,100,100174,100,99926,100,100278,100,99916,100,100387,100,99895,200,100398,100,99824,100,100521,100,99272,100
2019-06-28 09:41:17.345011019,100099,258,100022,258,100109,258,99976,258,100110,100,99964,100,100150,100,99961,100,100151,200,99947,100,100174,100,99926,100,100278,100,99916,100,100398,100,99895,200,100521,100,99824,100,100559,100,99272,100
2019-06-28 09:41:20.000000000,100099,258,100022,258,100109,258,99976,258,100110,100,99964,100,100150,100,99961,100,100151,200,99947,100,100174,100,99926,100,100278,100,99916,100,100398,100,99895,200,100521,100,99824,100,100559,100,99272,100
2019-06-28 09:41:30.000000000,100099,179,100022,179,100109,179,99976,179,100110,179,99964,179,100150,179,99961,179,100151,200,99947,100,100174,100,99926,100,100278,100,99916,100,100398,100,99895,200,100521,100,99824,100,100559,100,99272,100
2019-06-28 09:41:32.492869796,100099,179,100022,179,100109,179,99976,179,100110,179,99964,179,100150,179,99961,179,100151,200,99947,100,100174,100,99926,100,100278,100,99916,100,100398,100,99895,200,100521,100,99824,100,100559,100,99272,100
2019-06-28 09:41:40.000000000,100099,416,100022,416,100109,100,99976,100,100110,100,99964,100,100150,100,99961,100,100151,200,99947,100,100174,100,99926,100,100278,100,99916,100,100398,100,99895,200,100521,100,99824,100,100559,100,99272,100
2019-06-28 09:41:43.496176909,100099,416,100022,416,100109,100,99976,100,100110,100,99964,100,100150,100,99961,100,100151,100,99947,100,100174,100,99926,100,100278,100,99916,100,100398,100,99895,200,100521,100,99824,100,100559,100,99272,100
2019-06-28 09:41:47.485850751,100099,416,100022,416,100109,100,99976,100,100110,100,99964,100,100150,100,99961,100,100151,100,99947,100,100174,100,99926,100,100278,100,99916,100,100398,100,99895,200,100521,100,99824,100,100559,100,99272,100
2019-06-28 09:41:50.000000000,100099,163,100022,163,100109,163,99976,163,100110,163,99964,163,100150,163,99961,163,100151,163,99947,163,100174,100,99926,100,100278,100,99916,100,100398,100,99895,200,100521,100,99824,100,100559,100,99272,100
2019-06-28 09:41:52.197178043,100098,100,100022,163,100099,163,99976,163,100109,163,99964,163,100110,163,99961,163,100150,163,99947,163,100151,163,99926,100,100174,100,99916,100,100278,100,99895,200,100398,100,99824,100,100521,100,99272,100
2019-06-28 09:42:00.000000000,100098,416,100022,416,100099,100,99976,100,100109,100,99964,100,100110,100,99961,100,100150,100,99947,100,100151,100,99926,100,100174,100,99916,100,100278,100,99895,200,100398,100,99824,100,100521,100,99272,100
2019-06-28 09:42:03.416133681,100098,416,100022,416,100099,100,99976,100,100109,100,99964,100,100110,100,99961,100,100150,100,99947,100,100151,100,99926,100,100174,100,99916,100,100278,100,99895,200,100398,100,99824,100,100521,100,99272,100
2019-06-28 09:42:10.000000000,100098,179,100022,179,100099,179,99976,179,100109,179,99964,179,100110,179,99961,179,100150,100,99947,100,100151,100,99926,100,100174,100,99916,100,100278,100,99895,200,100398,100,99824,100,100521,100,99272,100
2019-06-28 09:42:20.000000000,100098,179,100022,179,100099,179,99976,179,100109,179,99964,179,100110,179,99961,179,100150,100,99947,100,100151,100,99926,100,100174,100,99916,100,100278,100,99895,200,100398,100,99824,100,100521,100,99272,100
2019-06-28 09:42:30.000000000,100098,258,100022,258,100099,258,99976,258,100109,100,99964,100,100110,100,99961,100,100150,100,99947,100,100151,100,99926,100,100174,100,99916,100,100278,100,99895,200,100398,100,99824,100,100521,100,99272,100
2019-06-28 09:42:30.713810756,100098,258,100022,258,100099,258,99976,258,100109,100,99964,100,100110,100,99961,100,100150,100,99947,100,100151,100,99926,100,100174,100,99916,100,100278,100,99895,200,100398,100,99824,100,100521,100,99272,100
2019-06-28 09:42:31.236044112,100098,258,100022,158,100099,258,99976,258,100109,100,99964,100,100110,100,99961,100,100150,100,99947,100,100151,100,99926,100,100174,100,99916,100,100278,100,99895,100,100398,100,99824,100,100521,100,99272,100
2019-06-28 09:42:40.000000000,100098,416,99976,416,100099,100,99964,100,100109,100,99961,100,100110,100,99947,100,100150,100,99926,100,100151,100,99916,100,100174,100,99895,100,100278,100,99824,100,100398,100,99272,100,100521,100,99187,100
2019-06-28 09:42:50.000000000,100098,258,99976,258,100099,258,99964,258,100109,100,99961,100,100110,100,99947,100,100150,100,99926,100,100151,100,99916,100,100174,100,99895,100,100278,100,99824,100,100398,100,99272,100,100521,100,99187,100
2019-06-28 09:43:00.000000000,100098,258,99976,258,100099,258,99964,258,100109,100,99961,100,100110,100,99947,100,100150,100,99926,100,100151,100,99916,100,100174,100,99895,100,100278,100,99824,100,100398,100,99272,100,100521,100,99187,100
2019-06-28 09:43:00.344700972,100098,258,99976,158,100099,258,99964,258,100109,100,99961,100,100110,100,99947,100,100150,100,99926,100,100151,100,99916,100,100174,100,99895,100,100278,100,99824,100,100398,100,99272,100,100521,100,99187,100
2019-06-28 09:43:00.545365732,100098,258,99976,58,100099,258,99964,258,100109,100,99961,100,100110,100,99947,100,100150,100,99926,100,100151,100,99916,100,100174,100,99895,100,100278,100,99824,100,100398,100,99272,100,100521,100,99187,100
2019-06-28 09:43:00.589034676,99976,42,99964,258,100098,258,99961,100,100099,258,99947,100,100109,100,99926,100,100110,100,99916,100,100150,100,99895,100,100151,100,99824,100,100174,100,99272,100,100278,100,99187,100,100398,100,99093,100
2019-06-28 09:43:07.120924891,99976,42,99964,158,100098,258,99961,100,100099,258,99947,100,100109,100,99926,100,100110,100,99916,100,100150,100,99895,100,100151,100,99272,100,100174,100,99187,100,100278,100,99093,100,100398,100,99089,100
2019-06-28 09:43:10.000000000,99976,358,99961,416,100098,100,99947,100,100099,100,99926,100,100109,100,99916,100,100110,100,99895,100,100150,100,99272,100,100151,100,99187,100,100174,100,99093,100,100278,100,99089,100,100398,100,98891,100
2019-06-28 09:43:20.000000000,99976,149,99961,207,100098,204,99947,204,100099,204,99926,204,100109,100,99916,100,100110,100,99895,100,100150,100,99272,100,100151,100,99187,100,100174,100,99093,100,100278,100,99089,100,100398,100,98891,100
2019-06-28 09:43:21.285934960,99976,149,99961,107,100098,204,99947,204,100099,204,99926,204,100109,100,99916,100,100110,100,99895,100,100150,100,99272,100,100151,100,99187,100,100174,100,99093,100,100398,100,99089,100,100521,100,98891,100
2019-06-28 09:43:26.956914006,99976,149,99961,107,100098,204,99947,204,100099,204,99926,204,100109,100,99916,100,100110,100,99895,100,100150,100,99272,100,100151,100,99187,100,100174,100,99089,100,100398,100,99079,100,100521,100,98891,100
2019-06-28 09:43:30.000000000,99976,358,99947,416,100098,100,99926,100,100099,100,99916,100,100109,100,99895,100,100110,100,99272,100,100150,100,99187,100,100151,100,99089,100,100174,100,99079,100,100398,100,98891,100,100521,100,,
2019-06-28 09:43:40.000000000,99976,121,99947,179,100098,179,99926,179,100099,179,99916,179,100109,179,99895,179,100110,100,99272,100,100150,100,99187,100,100151,100,99089,100,100174,100,99079,100,100398,100,98891,100,100521,100,,
2019-06-28 09:43:46.504593196,99976,121,99947,179,100098,179,99926,179,100099,179,99916,179,100109,179,99895,179,100110,100,99556,100,100150,100,99272,100,100151,100,99187,100,100174,100,99089,100,100398,100,99079,100,100521,100,98891,100
2019-06-28 09:43:50.000000000,99976,200,99947,258,100098,258,99926,258,100099,100,99916,100,100109,100,99895,100,100110,100,99556,100,100150,100,99272,100,100151,100,99187,100,100174,100,99089,100,100398,100,99079,100,100521,100,98891,100
2019-06-28 09:44:00.000000000,99976,121,99947,179,100098,179,99926,179,100099,179,99916,179,100109,179,99895,179,100110,100,99556,100,100150,100,99272,100,100151,100,99187,100,100174,100,99089,100,100398,100,99079,100,100521,100,98891,100
2019-06-28 09:44:04.911609230,99964,100,99947,179,99976,121,99926,179,100098,179,99916,179,100099,179,99895,179,100109,179,99556,100,100110,100,99272,100,100150,100,99187,100,100151,100,99089,100,100174,100,99079,100,100398,100,98891,100
2019-06-28 09:44:10.000000000,99964,179,99947,179,99976,121,99926,179,100098,179,99916,179,100099,179,99895,179,100109,100,99556,100,100110,100,99272,100,100150,100,99187,100,100151,100,99089,100,100174,100,99079,100,100398,100,98891,100
2019-06-28 09:44:20.000000000,99964,179,99947,179,99976,121,99926,179,100098,179,99916,179,100099,179,99895,179,100109,100,99556,100,100110,100,99272,100,100150,100,99187,100,100151,100,99089,100,100174,100,99079,100,100398,100,98891,100
2019-06-28 09:44:30.000000000,99964,416,99947,416,99976,42,99926,100,100098,100,99916,100,100099,100,99895,100,100109,100,99556,100,100110,100,99272,100,100150,100,99187,100,100151,100,99089,100,100174,100,99079,100,100398,100,98891,100
2019-06-28 09:44:38.220269682,99964,416,99947,316,99976,42,99926,100,100098,100,99916,100,100099,100,99895,100,100109,100,99556,100,100110,100,99272,100,100150,100,99187,100,100151,100,99089,100,100174,100,99079,100,100398,100,98891,100
2019-06-28 09:44:40.000000000,99964,258,99926,258,99976,200,99916,258,100098,100,99895,100,100099,100,99556,100,100109,100,99272,100,100110,100,99187,100,100150,100,99089,100,100151,100,99079,100,100174,100,98891,100,100398,100,,
2019-06-28 09:44:50.000000000,99964,179,99926,179,99976,121,99916,179,100098,179,99895,179,100099,179,99556,179,100109,100,99272,100,100110,100,99187,100,100150,100,99089,100,100151,100,99079,100,100174,100,98891,100,100398,100,,
2019-06-28 09:44:51.611565216,99964,179,99926,179,99976,121,99916,179,100098,179,99895,179,100099,179,99861,100,100109,100,99556,179,100110,100,99272,100,100150,100,99187,100,100151,100,99089,100,100174,100,99079,100,100398,100,98891,100
2019-06-28 09:44:58.173526003,99964,179,99926,79,99976,79,99916,179,100098,179,99895,179,100099,179,99861,100,100109,100,99556,179,100110,100,99272,100,100150,100,99187,100,100151,100,99089,100,100174,100,99079,100,100398,100,98891,100
2019-06-28 09:45:00.000000000,99964,179,99916,179,100098,179,99895,179,100099,179,99861,179,100109,179,99556,179,100110,100,99272,100,100150,100,99187,100,100151,100,99089,100,100174,100,99079,100,100398,100,98891,100,100521,100,,
2019-06-28 09:45:10.000000000,99964,258,99916,258,100098,258,99895,258,100099,100,99861,100,100109,100,99556,100,100110,100,99272,100,100150,100,99187,100,100151,100,99089,100,100174,100,99079,100,100398,100,98891,100,100521,100,,
2019-06-28 09:45:20.000000000,99964,163,99916,163,100098,163,99895,163,100099,163,99861,163,100109,163,99556,163,100110,163,99272,163,100150,100,99187,100,100151,100,99089,100,100174,100,99079,100,100398,100,98891,100,100521,100,,
2019-06-28 09:45:30.000000000,99964,258,99916,258,100098,258,99895,258,100099,100,99861,100,100109,100,99556,100,100110,100,99272,100,100150,100,99187,100,100151,100,99089,100,100174,100,99079,100,100398,100,98891,100,100521,100,,
2019-06-28 09:45:31.167987991,99964,258,99916,258,100098,258,99895,258,100099,100,99861,100,100109,100,99556,100,100110,100,99272,100,100123,100,99187,100,100150,100,99089,100,100151,100,99079,100,100174,100,98891,100,100398,100,,
2019-06-28 09:45:40.000000000,99964,258,99916,258,100098,258,99895,258,100099,100,99861,100,100109,100,99556,100,100110,100,99272,100,100123,100,99187,100,100150,100,99089,100,100151,100,99079,100,100174,100,98891,100,100398,100,,
2019-06-28 09:45:50.000000000,99964,416,99916,416,100098,100,99895,100,100099,100,99861,100,100109,100,99556,100,100110,100,99272,100,100123,100,99187,100,100150,100,99089,100,100151,100,99079,100,100174,100,98891,100,100398,100,,
2019-06-28 09:46:00.000000000,99964,163,99916,163,100098,163,99895,163,100099,163,99861,163,100109,163,99556,163,100110,163,99272,163,100123,100,99187,100,100150,100,99089,100,100151,100,99079,100,100174,100,98891,100,100398,100,,
2019-06-28 09:46:10.000000000,99964,258,99916,258,100098,258,99895,258,100099,100,99861,100,100109,100,99556,100,100110,100,99272,100,100123,100,99187,100,100150,100,99089,100,100151,100,99079,100,100174,100,98891,100,100398,100,,
2019-06-28 09:46:14.470624467,99964,258,99916,258,100098,258,99895,258,100099,100,99861,100,100110,100,99556,100,100123,100,99272,100,100150,100,99187,100,100151,100,99089,100,100174,100,99079,100,100398,100,98891,100,100570,100,,
2019-06-28 09:46:19.768273099,99964,258,99948,100,100098,258,99916,258,100099,100,99895,258,100110,100,99861,100,100123,100,99556,100,100150,100,99272,100,100151,100,99187,100,100174,100,99089,100,100398,100,99079,100,100570,100,98891,100
2019-06-28 09:46:20.000000000,99964,163,99948,163,100098,163,99916,163,100099,163,99895,163,100110,163,99861,163,100123,163,99556,163,100150,100,99272,100,100151,100,99187,100,100174,100,99089,100,100398,100,99079,100,100570,100,98891,100
2019-06-28 09:46:26.578428485,99964,163,99948,263,100098,163,99916,163,100099,163,99895,163,100110,163,99861,163,100123,163,99556,163,100150,100,99272,100,100151,100,99187,100,100174,100,99089,100,100398,100,99079,100,100570,100,98891,100
2019-06-28 09:46:30.000000000,99964,258,99948,358,100098,258,99916,258,100099,100,99895,100,100110,100,99861,100,100123,100,99556,100,100150,100,99272,100,100151,100,99187,100,100174,100,99089,100,100398,100,99079,100,100570,100,98891,100
2019-06-28 09:46:40.000000000,99964,207,99948,307,100098,204,99916,204,100099,204,99895,204,100110,100,99861,100,100123,100,99556,100,100150,100,99272,100,100151,100,99187,100,100174,100,99089,100,100398,100,99079,100,100570,100,98891,100
2019-06-28 09:46:50.000000000,99964,179,99948,279,100098,179,99916,179,100099,179,99895,179,100110,179,99861,179,100123,100,99556,100,100150,100,99272,100,100151,100,99187,100,100174,100,99089,100,100398,100,99079,100,100570,100,98891,100
2019-06-28 09:47:00.000000000,99964,258,99948,358,100098,258,99916,258,100099,100,99895,100,100110,100,99861,100,100123,100,99556,100,100150,100,99272,100,100151,100,99187,100,100174,100,99089,100,100398,100,99079,100,100570,100,98891,100
2019-06-28 09:47:07.234916972,99964,158,99948,358,100098,258,99916,258,100099,100,99895,100,100110,100,99861,100,100123,100,99556,100,100150,100,99272,100,100151,100,99187,100,100174,100,99089,100,100398,100,99079,100,100570,100,98891,100
2019-06-28 09:47:10.000000000,100098,179,99948,279,100099,179,99916,179,100110,179,99895,179,100123,179,99861,179,100150,100,99556,100,100151,100,99272,100,100174,100,99187,100,100398,100,99089,100,100570,100,99079,100,100590,100,98891,100
2019-06-28 09:47:17.652963678,100098,79,99948,279,100099,179,99916,179,100110,179,99895,179,100123,179,99861,179,100150,100,99556,100,100174,100,99272,100,100398,100,99187,100,100570,100,99089,100,100590,100,99079,100,100713,100,98891,100
2019-06-28 09:47:20.000000000,100099,258,99948,358,100110,258,99916,258,100123,100,99895,100,100150,100,99861,100,100174,100,99556,100,100398,100,99272,100,100570,100,99187,100,100590,100,99089,100,100713,100,99079,100,,,98891,100
2019-06-28 09:47:30.000000000,100099,163,99948,263,100110,163,99916,163,100123,163,99895,163,100150,163,99861,163,100174,163,99556,163,100398,100,99272,100,100570,100,99187,100,100590,100,99089,100,100713,100,99079,100,,,98891,100
2019-06-28 09:47:40.000000000,100099,207,99948,307,100110,204,99916,204,100123,204,99895,204,100150,100,99861,100,100174,100,99556,100,100398,100,99272,100,100570,100,99187,100,100590,100,99089,100,100713,100,99079,100,,,98891,100
2019-06-28 09:47:50.000000000,100099,179,99948,279,100110,179,99916,179,100123,179,99895,179,100150,179,99861,179,100174,100,99556,100,100398,100,99272,100,100570,100,99187,100,100590,100,99089,100,100713,100,99079,100,,,98891,100
2019-06-28 09:48:00.000000000,100099,258,99948,358,100110,258,99916,258,100123,100,99895,100,100150,100,99861,100,100174,100,99556,100,100398,100,99272,100,100570,100,99187,100,100590,100,99089,100,100713,100,99079,100,,,98891,100
2019-06-28 09:48:00.492206150,100099,158,99948,358,100110,258,99916,258,100123,100,99895,100,100150,100,99861,100,100174,100,99556,100,100398,100,99272,100,100570,100,99187,100,100590,100,99089,100,100713,100,99079,100,,,98891,100
2019-06-28 09:48:10.000000000,100110,258,99948,358,100123,258,99916,258,100150,100,99895,100,100174,100,99861,100,100398,100,99556,100,100570,100,99272,100,100590,100,99187,100,100713,100,99089,100,,,99079,100,,,98891,100
2019-06-28 09:48:10.546608519,100110,158,99948,358,100123,258,99916,258,100150,100,99895,100,100174,100,99861,100,100398,100,99556,100,100570,100,99272,100,100590,100,99187,100,100713,100,99089,100,,,99079,100,,,98891,100
2019-06-28 09:48:19.100166372,100110,58,99948,358,100123,258,99916,258,100150,100,99895,100,100174,100,99861,100,100398,100,99556,100,100570,100,99272,100,100590,100,99187,100,100713,100,99089,100,,,99079,100,,,98891,100
2019-06-28 09:48:19.724880055,100123,258,100110,42,100150,100,99948,358,100174,100,99916,258,100398,100,99895,100,100570,100,99861,100,100590,100,99556,100,100713,100,99272,100,,,99187,100,,,99089,100,,,99079,100
2019-06-28 09:48:20.000000000,100123,163,100110,105,100150,163,99948,263,100174,163,99916,163,100398,163,99895,163,100570,163,99861,163,100590,100,99556,100,100713,100,99272,100,,,99187,100,,,99089,100,,,99079,100
2019-06-28 09:48:24.747435054,100123,163,100110,205,100150,163,99948,263,100174,163,99916,163,100398,163,99895,63,100570,163,99861,163,100590,100,99556,100,100713,100,99272,100,,,99187,100,,,99089,100,,,99079,100
2019-06-28 09:48:30.000000000,100123,416,100110,458,100150,100,99948,200,100174,100,99916,100,100398,100,99861,100,100570,100,99556,100,100590,100,99272,100,100713,100,99187,100,,,99089,100,,,99079,100,,,98891,100
2019-06-28 09:48:36.501689533,100123,416,100110,458,100150,100,99948,100,100174,100,99916,100,100398,100,99861,100,100570,100,99556,100,100590,100,99272,100,100713,100,99187,100,,,99089,100,,,99079,100,,,98891,100
2019-06-28 09:48:40.000000000,100123,416,100110,458,100150,100,99948,100,100174,100,99916,100,100398,100,99861,100,100570,100,99556,100,100590,100,99272,100,100713,100,99187,100,,,99089,100,,,99079,100,,,98891,100
2019-06-28 09:48:50.000000000,100123,207,100110,249,100150,204,99948,204,100174,204,99916,204,100398,100,99861,100,100570,100,99556,100,100590,100,99272,100,100713,100,99187,100,,,99089,100,,,99079,100,,,98891,100
2019-06-28 09:48:52.414209978,100123,107,100110,249,100150,204,99948,204,100174,204,99916,204,100398,100,99861,100,100570,100,99556,100,100590,100,99272,100,100713,100,99187,100,,,99089,100,,,99079,100,,,98891,100
2019-06-28 09:49:00.000000000,100150,207,100110,249,100174,204,99948,204,100398,204,99916,204,100570,100,99861,100,100590,100,99556,100,100713,100,99272,100,,,99187,100,,,99089,100,,,99079,100,,,98891,100
2019-06-28 09:49:06.115076246,100150,207,100111,100,100174,204,100110,249,100398,204,99948,204,100570,100,99916,204,100590,100,99861,100,100713,100,99556,100,,,99272,100,,,99187,100,,,99089,100,,,99079,100
2019-06-28 09:49:10.000000000,100150,163,100111,163,100174,163,100110,205,100398,163,99948,163,100570,163,99916,163,100590,163,99861,163,100713,100,99556,100,,,99272,100,,,99187,100,,,99089,100,,,99079,100
2019-06-28 09:49:13.734386837,100150,63,100111,163,100174,163,100110,205,100398,163,99948,163,100570,163,99916,163,100590,163,99861,163,100713,100,99556,100,,,99272,100,,,99187,100,,,99089,100,,,99079,100
2019-06-28 09:49:16.700352247,100150,63,100111,163,100174,163,100110,205,100398,163,99948,163,100570,163,99916,163,100590,163,99861,163,100713,100,99556,100,101331,100,99272,100,,,99187,100,,,99089,100,,,99079,100
2019-06-28 09:49:20.000000000,100174,416,100111,416,100398,100,100110,142,100570,100,99948,100,100590,100,99916,100,100713,100,99861,100,101331,100,99556,100,,,99272,100,,,99187,100,,,99089,100,,,99079,100
2019-06-28 09:49:30.000000000,100174,258,100111,258,100398,258,100110,300,100570,100,99948,100,100590,100,99916,100,100713,100,99861,100,101331,100,99556,100,,,99272,100,,,99187,100,,,99089,100,,,99079,100
2019-06-28 09:49:40.000000000,100174,416,100111,416,100398,100,100110,142,100570,100,99948,100,100590,100,99916,100,100713,100,99861,100,101331,100,99556,100,,,99272,100,,,99187,100,,,99089,100,,,99079,100
2019-06-28 09:49:50.000000000,100174,179,100111,179,100398,179,100110,221,100570,179,99948,179,100590,179,99916,179,100713,100,99861,100,101331,100,99556,100,,,99272,100,,,99187,100,,,99089,100,,,99079,100
2019-06-28 09:50:00.000000000,100174,207,100111,207,100398,204,100110,246,100570,204,99948,204,100590,100,99916,100,100713,100,99861,100,101331,100,99556,100,,,99272,100,,,99187,100,,,99089,100,,,99079,100
2019-06-28 09:50:06.398211957,100174,207,100111,207,100398,204,100110,246,100570,204,99948,204,100590,100,99916,100,100713,100,99861,100,101331,100,99556,100,101527,100,99272,100,,,99187,100,,,99089,100,,,99079,100
2019-06-28 09:50:10.000000000,100174,416,100111,416,100398,100,100110,142,100570,100,99948,100,100590,100,99916,100,100713,100,99861,100,101331,100,99556,100,101527,100,99272,100,,,99187,100,,,99089,100,,,99079,100
2019-06-28 09:50:14.053144154,100174,416,100111,416,100398,100,100110,142,100570,100,99948,100,100590,100,99916,100,100713,100,99861,100,101331,100,99556,100,101527,100,99272,100,101792,100,99187,100,,,99089,100,,,99079,100
2019-06-28 09:50:14.415310116,100174,416,100123,100,100398,100,100111,416,100570,100,100110,142,100590,100,99916,100,100713,100,99861,100,101331,100,99556,100,101527,100,99272,100,101792,100,99187,100,,,99089,100,,,99079,100
2019-06-28 09:50:20.000000000,100174,416,100123,416,100398,100,100111,100,100570,100,100110,142,100590,100,99916,100,100713,100,99861,100,101331,100,99556,100,101527,100,99272,100,101792,100,99187,100,,,99089,100,,,99079,100
2019-06-28 09:50:30.000000000,100174,416,100123,416,100398,100,100111,100,100570,100,100110,142,100590,100,99916,100,100713,100,99861,100,101331,100,99556,100,101527,100,99272,100,101792,100,99187,100,,,99089,100,,,99079,100
2019-06-28 09:50:39.309258542,100174,316,100123,416,100398,100,100111,100,100570,100,100110,142,100590,100,99916,100,101331,100,99861,100,101527,100,99556,100,101792,100,99272,100,,,99187,100,,,99089,100,,,99079,100
2019-06-28 09:50:40.000000000,100398,258,100123,258,100570,258,100111,258,100590,100,100110,142,101331,100,99916,100,101527,100,99861,100,101792,100,99556,100,,,99272,100,,,99187,100,,,99089,100,,,99079,100
2019-06-28 09:50:50.000000000,100398,258,100123,258,100570,258,100111,258,100590,100,100110,142,101331,100,99916,100,101527,100,99861,100,101792,100,99556,100,,,99272,100,,,99187,100,,,99089,100,,,99079,100
2019-06-28 09:51:00.000000000,100398,163,100123,163,100570,163,100111,163,100590,163,100110,205,101331,163,99916,163,101527,163,99861,163,101792,100,99556,100,,,99272,100,,,99187,100,,,99089,100,,,99079,100
2019-06-28 09:51:10.000000000,100398,258,100123,258,100570,258,100111,258,100590,100,100110,142,101331,100,99916,100,101527,100,99861,100,101792,100,99556,100,,,99272,100,,,99187,100,,,99089,100,,,99079,100
2019-06-28 09:51:20.000000000,100398,416,100123,416,100570,100,100111,100,100590,100,100110,142,101331,100,99916,100,101527,100,99861,100,101792,100,99556,100,,,99272,100,,,99187,100,,,99089,100,,,99079,100
2019-06-28 09:51:23.692196552,100398,316,100123,416,100570,100,100111,100,100590,100,100110,142,101331,100,99916,100,101527,100,99861,100,101792,100,99556,100,,,99187,100,,,99089,100,,,99079,100,,,98891,100
2019-06-28 09:51:25.914348965,100398,216,100123,416,100570,100,100111,100,100590,100,100110,142,101331,100,99916,100,101527,100,99861,100,101792,100,99556,100,,,99187,100,,,99089,100,,,99079,100,,,98891,100
2019-06-28 09:51:30.000000000,100570,207,100123,207,100590,204,100111,204,101331,204,100110,246,101527,100,99916,100,101792,100,99861,100,,,99556,100,,,99187,100,,,99089,100,,,99079,100,,,98891,100
2019-06-28 09:51:36.496617142,100570,107,100123,207,100590,204,100111,204,101331,204,100110,246,101527,100,99916,100,101792,100,99861,100,,,99556,100,,,99187,100,,,99089,100,,,99079,100,,,98891,100
2019-06-28 09:51:40.000000000,100590,207,100123,207,101331,204,100111,204,101527,204,100110,246,101792,100,99916,100,,,99861,100,,,99556,100,,,99187,100,,,99089,100,,,99079,100,,,98891,100
2019-06-28 09:51:50.000000000,100590,258,100123,258,101331,258,100111,258,101527,100,100110,142,101792,100,99916,100,,,99861,100,,,99556,100,,,99187,100,,,99089,100,,,99079,100,,,98891,100
2019-06-28 09:51:59.253489766,100590,158,100123,258,101331,258,100111,258,101527,100,100110,142,101792,100,99916,100,,,99861,100,,,99556,100,,,99187,100,,,99089,100,,,99079,100,,,98891,100
2019-06-28 09:52:00.000000000,101331,258,100123,258,101527,258,100111,258,101792,100,100110,142,,,99916,100,,,99861,100,,,99556,100,,,99187,100,,,99089,100,,,99079,100,,,98891,100
2019-06-28 09:52:10.000000000,101331,207,100123,207,101527,204,100111,204,101792,204,100110,246,,,99916,100,,,99861,100,,,99556,100,,,99187,100,,,99089,100,,,99079,100,,,98891,100
2019-06-28 09:52:18.675339789,101331,107,100123,207,101527,204,100111,204,101792,204,100110,246,,,99916,100,,,99861,100,,,99556,100,,,99187,100,,,99089,100,,,99079,100,,,98891,100
2019-06-28 09:52:20.000000000,101527,416,100123,416,101792,100,100111,100,,,100110,142,,,99916,100,,,99861,100,,,99556,100,,,99187,100,,,99089,100,,,99079,100,,,98891,100
2019-06-28 09:52:26.427145446,101527,416,100123,416,101792,100,100111,100,101937,100,100110,142,,,99916,100,,,99861,100,,,99556,100,,,99187,100,,,99089,100,,,99079,100,,,98891,100
2019-06-28 09:52:30.000000000,101527,163,100123,163,101792,163,100111,163,101937,163,100110,205,101938,63,99916,163,,,99861,163,,,99556,100,,,99187,100,,,99089,100,,,99079,100,,,98891,100
2019-06-28 09:52:40.000000000,101527,416,100123,416,101792,100,100111,100,101937,100,100110,142,,,99916,100,,,99861,100,,,99556,100,,,99187,100,,,99089,100,,,99079,100,,,98891,100
2019-06-28 09:52:50.000000000,101527,258,100123,258,101792,258,100111,258,101937,100,100110,142,,,99916,100,,,99861,100,,,99556,100,,,99187,100,,,99089,100,,,99079,100,,,98891,100
2019-06-28 09:53:00.000000000,101527,179,100123,179,101792,179,100111,179,101937,179,100110,221,101938,79,99916,179,,,99861,100,,,99556,100,,,99187,100,,,99089,100,,,99079,100,,,98891,100
2019-06-28 09:53:03.111769029,101527,79,100123,179,101792,179,100111,179,101937,179,100110,221,101938,79,99916,179,,,99861,100,,,99556,100,,,99187,100,,,99089,100,,,99079,100,,,98891,100
2019-06-28 09:53:10.000000000,101792,258,100123,258,101937,258,100111,258,,,100110,142,,,99916,100,,,99861,100,,,99556,100,,,99187,100,,,99089,100,,,99079,100,,,98891,100
2019-06-28 09:53:20.000000000,101792,416,100123,416,101937,100,100111,100,,,100110,142,,,99916,100,,,99861,100,,,99556,100,,,99187,100,,,99089,100,,,99079,100,,,98891,100
2019-06-28 09:53:30.000000000,101792,258,100123,258,101937,258,100111,258,,,100110,142,,,99916,100,,,99861,100,,,99556,100,,,99187,100,,,99089,100,,,99079,100,,,98891,100
2019-06-28 09:53:40.000000000,101792,179,100123,179,101937,179,100111,179,101938,79,100110,221,,,99916,179,,,99861,100,,,99556,100,,,99187,100,,,99089,100,,,99079,100,,,98891,100
2019-06-28 09:53:45.620896413,101792,179,100123,179,101795,100,100111,179,101937,179,100110,221,101938,79,99916,179,,,99861,100,,,99556,100,,,99187,100,,,99089,100,,,99079,100,,,98891,100
2019-06-28 09:53:49.929600748,101792,179,101331,100,101795,100,100123,179,101937,179,100111,179,101938,79,100110,221,,,99916,179,,,99861,100,,,99556,100,,,99187,100,,,99089,100,,,99079,100
2019-06-28 09:53:50.000000000,101792,416,101331,416,101795,100,100123,100,101937,100,100111,100,,,100110,142,,,99916,100,,,99861,100,,,99556,100,,,99187,100,,,99089,100,,,99079,100
2019-06-28 09:53:57.484932185,101792,416,101331,516,101795,100,100123,100,101937,100,100111,100,,,100110,142,,,99916,100,,,99861,100,,,99556,100,,,99187,100,,,99089,100,,,99079,100
2019-06-28 09:54:00.000000000,101792,258,101331,358,101795,258,100123,258,101937,100,100111,100,,,100110,142,,,99916,100,,,99861,100,,,99556,100,,,99187,100,,,99089,100,,,99079,100
2019-06-28 09:54:10.000000000,101792,258,101331,358,101795,258,100123,258,101937,100,100111,100,,,100110,142,,,99916,100,,,99861,100,,,99556,100,,,99187,100,,,99089,100,,,99079,100
2019-06-28 09:54:11.915801888,101792,258,101724,100,101795,258,101331,358,101937,100,100123,258,,,100111,100,,,100110,142,,,99916,100,,,99861,100,,,99556,100,,,99187,100,,,99079,100
2019-06-28 09:54:20.000000000,101792,207,101724,207,101795,204,101331,304,101937,204,100123,204,,,100111,100,,,100110,142,,,99916,100,,,99861,100,,,99556,100,,,99187,100,,,99079,100
2019-06-28 09:54:30.000000000,101792,416,101724,416,101795,100,101331,200,101937,100,100123,100,,,100111,100,,,100110,142,,,99916,100,,,99861,100,,,99556,100,,,99187,100,,,99079,100
2019-06-28 09:54:40.000000000,101792,179,101724,179,101795,179,101331,279,101937,179,100123,179,101938,79,100111,179,,,100110,142,,,99916,100,,,99861,100,,,99556,100,,,99187,100,,,99079,100
2019-06-28 09:54:50.000000000,101792,207,101724,207,101795,204,101331,304,101937,204,100123,204,,,100111,100,,,100110,142,,,99916,100,,,99861,100,,,99556,100,,,99187,100,,,99079,100
2019-06-28 09:54:59.455877008,101792,107,101724,207,101795,204,101664,100,101937,204,101331,304,,,100123,204,,,100111,100,,,100110,142,,,99916,100,,,99861,100,,,99556,100,,,99187,100
2019-06-28 09:54:59.723454088,101792,107,101724,207,101795,204,101664,100,101937,204,101556,100,,,101331,304,,,100123,204,,,100111,100,,,100110,142,,,99916,100,,,99861,100,,,99556,100
2019-06-28 09:55:00.000000000,101795,207,101724,207,101937,204,101664,204,101938,104,101556,204,,,101331,200,,,100123,100,,,100111,100,,,100110,142,,,99916,100,,,99861,100,,,99556,100
2019-06-28 09:55:06.763532080,101795,207,101724,207,101937,204,101664,204,101938,104,101556,204,,,101462,100,,,101331,200,,,100123,100,,,100111,100,,,100110,100,,,99916,100,,,99861,100
2019-06-28 09:55:10.000000000,101795,416,101724,416,101937,100,101664,100,,,101556,100,,,101462,100,,,101331,200,,,100123,100,,,100111,100,,,100110,100,,,99916,100,,,99861,100
2019-06-28 09:55:20.000000000,101795,207,101724,207,101937,204,101664,204,101938,104,101556,204,,,101462,100,,,101331,200,,,100123,100,,,100111,100,,,100110,100,,,99916,100,,,99861,100
2019-06-28 09:55:30.000000000,101795,207,101724,207,101937,204,101664,204,101938,104,101556,204,,,101462,100,,,101331,200,,,100123,100,,,100111,100,,,100110,100,,,99916,100,,,99861,100
2019-06-28 09:55:38.509587749,101795,207,101724,107,101937,204,101664,204,101938,104,101556,204,,,101462,100,,,101331,200,,,100123,100,,,100111,100,,,100110,100,,,99916,100,,,99861,100
2019-06-28 09:55:40.000000000,101795,416,101664,416,101937,100,101556,100,,,101462,100,,,101331,200,,,100123,100,,,100111,100,,,100110,100,,,99916,100,,,99861,100,,,99556,100
2019-06-28 09:55:50.000000000,101795,163,101664,163,101937,163,101556,163,101938,63,101462,163,,,101331,263,,,100123,163,,,100111,100,,,100110,100,,,99916,100,,,99861,100,,,99556,100
2019-06-28 09:56:00.000000000,101795,179,101664,179,101937,179,101556,179,101938,79,101462,179,,,101331,279,,,100123,100,,,100111,100,,,100110,100,,,99916,100,,,99861,100,,,99556,100
2019-06-28 09:56:10.000000000,101795,163,101664,163,101937,163,101556,163,101938,63,101462,163,,,101331,263,,,100123,163,,,100111,100,,,100110,100,,,99916,100,,,99861,100,,,99556,100
2019-06-28 09:56:20.000000000,101795,179,101664,179,101937,179,101556,179,101938,79,101462,179,,,101331,279,,,100123,100,,,100111,100,,,100110,100,,,99916,100,,,99861,100,,,99556,100
2019-06-28 09:56:23.709697509,101795,179,101725,100,101937,179,101664,179,101938,79,101556,179,,,101462,179,,,101331,279,,,100123,100,,,100111,100,,,99916,100,,,99861,100,,,99556,100
2019-06-28 09:56:30.000000000,101795,179,101725,179,101937,179,101664,179,101938,79,101556,179,,,101462,179,,,101331,200,,,100123,100,,,100111,100,,,99916,100,,,99861,100,,,99556,100
2019-06-28 09:56:35.088047985,101795,179,101725,79,101937,179,101664,179,101938,79,101556,179,,,101462,179,,,101331,200,,,100123,100,,,100111,100,,,99916,100,,,99861,100,,,99556,100
2019-06-28 09:56:40.000000000,101795,163,101664,163,101937,163,101556,163,101938,63,101462,163,,,101331,263,,,100123,163,,,100111,100,,,99916,100,,,99861,100,,,99556,100,,,99187,100
2019-06-28 09:56:50.000000000,101795,207,101664,207,101937,204,101556,204,101938,104,101462,204,,,101331,200,,,100123,100,,,100111,100,,,99916,100,,,99861,100,,,99556,100,,,99187,100
2019-06-28 09:56:53.933765921,101795,207,101664,207,101937,204,101556,204,101938,104,101462,204,102031,100,101331,200,,,100123,100,,,100111,100,,,99916,100,,,99861,100,,,99556,100,,,99187,100
2019-06-28 09:57:00.000000000,101795,179,101664,179,101937,179,101556,179,102031,179,101462,179,102032,79,101331,279,,,100123,100,,,100111,100,,,99916,100,,,99861,100,,,99556,100,,,99187,100
2019-06-28 09:57:10.000000000,101795,416,101664,416,101937,100,101556,100,102031,100,101462,100,,,101331,200,,,100123,100,,,100111,100,,,99916,100,,,99861,100,,,99556,100,,,99187,100
2019-06-28 09:57:20.000000000,101795,416,101664,416,101937,100,101556,100,102031,100,101462,100,,,101331,200,,,100123,100,,,100111,100,,,99916,100,,,99861,100,,,99556,100,,,99187,100
2019-06-28 09:57:20.876958106,101795,416,101710,100,101937,100,101664,316,102031,100,101556,100,,,101462,100,,,101331,200,,,100123,100,,,100111,100,,,99916,100,,,99861,100,,,99556,100
2019-06-28 09:57:25.107235871,101795,416,101710,100,101937,100,101664,316,101955,100,101556,100,102031,100,101462,100,,,101331,200,,,100123,100,,,100111,100,,,99916,100,,,99861,100,,,99556,100
2019-06-28 09:57:30.000000000,101795,207,101710,207,101937,204,101556,204,101955,204,101462,204,102031,100,101331,200,,,100123,100,,,100111,100,,,99916,100,,,99861,100,,,99556,100,,,99187,100
2019-06-28 09:57:40.000000000,101795,207,101710,207,101937,204,101556,204,101955,204,101462,204,102031,100,101331,200,,,100123,100,,,100111,100,,,99916,100,,,99861,100,,,99556,100,,,99187,100
2019-06-28 09:57:42.147099062,101795,207,101710,107,101937,204,101556,204,101955,204,101462,204,102031,100,101331,200,,,100123,100,,,100111,100,,,99916,100,,,99861,100,,,99556,100,,,99187,100
2019-06-28 09:57:50.000000000,101795,207,101556,207,101937,204,101462,204,101955,204,101331,304,102031,100,100123,100,,,100111,100,,,99916,100,,,99861,100,,,99556,100,,,99187,100,,,99079,100
2019-06-28 09:57:50.231856472,101795,207,101664,100,101937,204,101556,207,101955,204,101462,204,102031,100,101331,304,,,100123,100,,,100111,100,,,99916,100,,,99861,100,,,99556,100,,,99187,100
2019-06-28 09:58:00.000000000,101795,416,101664,416,101937,100,101556,100,101955,100,101462,100,102031,100,101331,200,,,100123,100,,,100111,100,,,99916,100,,,99861,100,,,99556,100,,,99187,100
2019-06-28 09:58:08.585173810,101725,100,101664,416,101795,416,101556,100,101937,100,101462,100,101955,100,101331,200,102031,100,100123,100,,,100111,100,,,99916,100,,,99861,100,,,99556,100,,,99187,100
2019-06-28 09:58:10.000000000,101725,416,101664,416,101795,100,101556,100,101937,100,101462,100,101955,100,101331,200,102031,100,100123,100,,,100111,100,,,99916,100,,,99861,100,,,99556,100,,,99187,100
2019-06-28 09:58:10.488458206,101725,416,101664,316,101795,100,101556,100,101937,100,101462,100,101955,100,101331,200,102031,100,100123,100,,,100111,100,,,99916,100,,,99861,100,,,99556,100,,,99187,100
2019-06-28 09:58:20.000000000,101725,163,101556,163,101795,163,101462,163,101937,163,101331,263,101955,163,100123,163,102031,163,100111,163,,,99916,100,,,99861,100,,,99556,100,,,99187,100,,,99079,100
2019-06-28 09:58:30.000000000,101725,179,101556,179,101795,179,101462,179,101937,179,101331,279,101955,179,100123,179,102031,100,100111,100,,,99916,100,,,99861,100,,,99556,100,,,99187,100,,,99079,100
2019-06-28 09:58:40.000000000,101725,163,101556,163,101795,163,101462,163,101937,163,101331,263,101955,163,100123,163,102031,163,100111,163,,,99916,100,,,99861,100,,,99556,100,,,99187,100,,,99079,100
2019-06-28 09:58:42.975013389,101725,163,101556,163,101795,163,101462,163,101937,163,101331,263,101955,163,101151,100,102031,163,100123,163,,,100111,163,,,99916,100,,,99861,100,,,99556,100,,,99187,100
2019-06-28 09:58:49.969514166,101725,163,101556,163,101795,163,101462,163,101937,163,101331,263,101955,163,101151,100,102031,163,101091,100,,,100123,163,,,100111,163,,,99916,100,,,99861,100,,,99556,100
2019-06-28 09:58:50.000000000,101725,163,101556,163,101795,163,101462,163,101937,163,101331,263,101955,163,101151,163,102031,163,101091,163,,,100123,100,,,100111,100,,,99916,100,,,99861,100,,,99556,100
2019-06-28 09:59:00.000000000,101725,179,101556,179,101795,179,101462,179,101937,179,101331,279,101955,179,101151,179,102031,100,101091,100,,,100123,100,,,100111,100,,,99916,100,,,99861,100,,,99556,100
2019-06-28 09:59:08.488808813,101710,100,101556,179,101725,179,101462,179,101795,179,101331,279,101937,179,101151,179,101955,179,101091,100,102031,100,100123,100,,,100111,100,,,99916,100,,,99861,100,,,99556,100
2019-06-28 09:59:10.000000000,101710,416,101556,416,101725,100,101462,100,101795,100,101331,200,101937,100,101151,100,101955,100,101091,100,102031,100,100123,100,,,100111,100,,,99916,100,,,99861,100,,,99556,100
2019-06-28 09:59:20.000000000,101710,416,101556,416,101725,100,101462,100,101795,100,101331,200,101937,100,101151,100,101955,100,101091,100,102031,100,100123,100,,,100111,100,,,99916,100,,,99861,100,,,99556,100
2019-06-28 09:59:20.898425999,101710,416,101556,416,101725,100,101462,100,101795,100,101331,200,101937,100,101151,100,101955,100,101091,100,102031,100,100269,100,,,100123,100,,,100111,100,,,99916,100,,,99861,100
2019-06-28 09:59:30.000000000,101710,179,101556,179,101725,179,101462,179,101795,179,101331,279,101937,179,101151,179,101955,100,101091,100,102031,100,100269,100,,,100123,100,,,100111,100,,,99916,100,,,99861,100
2019-06-28 09:59:40.000000000,101710,258,101556,258,101725,258,101462,258,101795,100,101331,200,101937,100,101151,100,101955,100,101091,100,102031,100,100269,100,,,100123,100,,,100111,100,,,99916,100,,,99861,100
2019-06-28 09:59:50.000000000,101710,207,101556,207,101725,204,101462,204,101795,204,101331,304,101937,100,101151,100,101955,100,101091,100,102031,100,100269,100,,,100123,100,,,100111,100,,,99916,100,,,99861,100
2019-06-28 09:59:52.804597106,101710,207,101556,207,101725,204,101462,204,101795,204,101331,304,101937,100,101151,100,101955,100,101091,100,102031,100,100269,100,,,100174,100,,,100123,100,,,100111,100,,,99916,100
2019-06-28 10:00:00.000000000,101710,207,101556,207,101725,204,101462,204,101795,204,101331,304,101937,100,101151,100,101955,100,101091,100,102031,100,100269,100,,,100174,100,,,100123,100,,,100111,100,,,99916,100
2019-06-28 10:00:10.000000000,101710,416,101556,416,101725,100,101462,100,101795,100,101331,200,101937,100,101151,100,101955,100,101091,100,102031,100,100269,100,,,100174,100,,,100123,100,,,100111,100,,,99916,100
2019-06-28 10:00:20.000000000,101710,179,101556,179,101725,179,101462,179,101795,179,101331,279,101937,179,101151,179,101955,100,101091,100,102031,100,100269,100,,,100174,100,,,100123,100,,,100111,100,,,99916,100
2019-06-28 10:00:30.000000000,101710,258,101556,258,101725,258,101462,258,101795,100,101331,200,101937,100,101151,100,101955,100,101091,100,102031,100,100269,100,,,100174,100,,,100123,100,,,100111,100,,,99916,100
2019-06-28 10:00:30.249259132,101710,258,101556,258,101725,258,101462,258,101795,100,101331,200,101937,100,101151,100,101955,100,101091,100,102031,100,100269,100,,,100174,100,,,100123,100,,,100111,100,,,99911,100
2019-06-28 10:00:35.061614462,101710,258,101556,258,101725,258,101462,258,101795,100,101331,200,101937,100,101151,100,101955,100,101091,100,102031,100,100269,100,,,100174,100,,,100123,100,,,100111,100,,,99911,100
2019-06-28 10:00:40.000000000,101710,179,101556,179,101725,179,101462,179,101795,179,101331,279,101937,179,101151,179,101955,100,101091,100,102031,100,100269,100,,,100174,100,,,100123,100,,,100111,100,,,99911,100
2019-06-28 10:00:50.000000000,101710,179,101556,179,101725,179,101462,179,101795,179,101331,279,101937,179,101151,179,101955,100,101091,100,102031,100,100269,100,,,100174,100,,,100123,100,,,100111,100,,,99911,100
2019-06-28 10:00:53.245186047,101710,179,101556,179,101725,179,101462,179,101795,179,101331,279,101937,179,101151,179,101955,100,101091,100,102031,100,100282,100,,,100269,100,,,100174,100,,,100123,100,,,100111,100
2019-06-28 10:00:54.627578790,101710,179,101556,79,101725,179,101462,179,101795,179,101331,279,101937,179,101151,179,101955,100,101091,100,102031,100,100282,100,,,100269,100,,,100174,100,,,100123,100,,,100111,100
2019-06-28 10:01:00.000000000,101710,258,101462,258,101725,258,101331,358,101795,100,101151,100,101937,100,101091,100,101955,100,100282,100,102031,100,100269,100,,,100174,100,,,100123,100,,,100111,100,,,99911,100
2019-06-28 10:01:03.070445502,101664,100,101462,258,101710,258,101331,358,101725,258,101151,100,101795,100,101091,100,101937,100,100282,100,101955,100,100269,100,102031,100,100174,100,,,100123,100,,,100111,100,,,99911,100
2019-06-28 10:01:10.000000000,101664,416,101462,416,101710,100,101331,200,101725,100,101151,100,101795,100,101091,100,101937,100,100282,100,101955,100,100269,100,102031,100,100174,100,,,100123,100,,,100111,100,,,99911,100
2019-06-28 10:01:17.919418507,101664,516,101462,416,101710,100,101331,200,101725,100,101151,100,101795,100,101091,100,101937,100,100282,100,101955,100,100269,100,102031,100,100174,100,,,100123,100,,,100111,100,,,99911,100
2019-06-28 10:01:20.000000000,101664,263,101462,163,101710,163,101331,263,101725,163,101151,163,101795,163,101091,163,101937,163,100282,163,101955,100,100269,100,102031,100,100174,100,,,100123,100,,,100111,100,,,99911,100
2019-06-28 10:01:21.551150163,101664,263,101462,163,101710,163,101331,263,101725,163,101151,163,101795,163,101091,163,101937,163,100282,163,101955,100,100269,100,102031,100,100174,100,,,100123,100,,,100111,100,,,99911,100
2019-06-28 10:01:30.000000000,101664,516,101462,416,101710,100,101331,200,101725,100,101151,100,101795,100,101091,100,101937,100,100282,100,101955,100,100269,100,102031,100,100174,100,,,100123,100,,,100111,100,,,99911,100
2019-06-28 10:01:33.455001554,101664,516,101462,416,101710,100,101331,200,101725,100,101151,100,101795,100,101091,100,101937,100,100282,100,101955,100,100269,100,102031,100,100180,100,,,100174,100,,,100123,100,,,100111,100
2019-06-28 10:01:40.000000000,101664,516,101462,416,101710,100,101331,200,101725,100,101151,100,101795,100,101091,100,101937,100,100282,100,101955,100,100269,100,102031,100,100180,100,,,100174,100,,,100123,100,,,100111,100
2019-06-28 10:01:45.461705935,101664,616,101462,416,101710,100,101331,200,101725,100,101151,100,101795,100,101091,100,101937,100,100282,100,101955,100,100269,100,102031,100,100180,100,,,100174,100,,,100123,100,,,100111,100
2019-06-28 10:01:50.000000000,101664,458,101462,258,101710,258,101331,358,101725,100,101151,100,101795,100,101091,100,101937,100,100282,100,101955,100,100269,100,102031,100,100180,100,,,100174,100,,,100123,100,,,100111,100
2019-06-28 10:02:00.000000000,101664,458,101462,258,101710,258,101331,358,101725,100,101151,100,101795,100,101091,100,101937,100,100282,100,101955,100,100269,100,102031,100,100180,100,,,100174,100,,,100123,100,,,100111,100
2019-06-28 10:02:06.397582727,101664,458,101462,258,101710,258,101331,358,101725,100,101151,100,101795,100,101091,100,101937,100,100282,100,101955,100,100269,100,102031,100,100180,100,,,100174,100,,,100123,100,,,100111,100
2019-06-28 10:02:10.000000000,101664,616,101462,416,101710,100,101331,200,101725,100,101151,100,101795,100,101091,100,101937,100,100282,100,101955,100,100269,100,102031,100,100180,100,,,100174,100,,,100123,100,,,100111,100
2019-06-28 10:02:20.000000000,101664,379,101462,179,101710,179,101331,279,101725,179,101151,179,101795,179,101091,179,101937,100,100282,100,101955,100,100269,100,102031,100,100180,100,,,100174,100,,,100123,100,,,100111,100
2019-06-28 10:02:30.000000000,101664,407,101462,207,101710,204,101331,304,101725,204,101151,204,101795,100,101091,100,101937,100,100282,100,101955,100,100269,100,102031,100,100180,100,,,100174,100,,,100123,100,,,100111,100
2019-06-28 10:02:40.000000000,101664,363,101462,163,101710,163,101331,263,101725,163,101151,163,101795,163,101091,163,101937,163,100282,163,101955,100,100269,100,102031,100,100180,100,,,100174,100,,,100123,100,,,100111,100
2019-06-28 10:02:50.000000000,101664,379,101462,179,101710,179,101331,279,101725,179,101151,179,101795,179,101091,179,101937,100,100282,100,101955,100,100269,100,102031,100,100180,100,,,100174,100,,,100123,100,,,100111,100
2019-06-28 10:03:00.000000000,101664,379,101462,179,101710,179,101331,279,101725,179,101151,179,101795,179,101091,179,101937,100,100282,100,101955,100,100269,100,102031,100,100180,100,,,100174,100,,,100123,100,,,100111,100
2019-06-28 10:03:10.000000000,101664,407,101462,207,101710,204,101331,304,101725,204,101151,204,101795,100,101091,100,101937,100,100282,100,101955,100,100269,100,102031,100,100180,100,,,100174,100,,,100123,100,,,100111,100
2019-06-28 10:03:20.000000000,101664,363,101462,163,101710,163,101331,263,101725,163,101151,163,101795,163,101091,163,101937,163,100282,163,101955,100,100269,100,102031,100,100180,100,,,100174,100,,,100123,100,,,100111,100
2019-06-28 10:03:26.808410670,101664,463,101462,163,101710,163,101331,263,101725,163,101151,163,101795,163,101091,163,101937,163,100282,163,101955,100,100269,100,102031,100,100180,100,,,100174,100,,,100123,100,,,100111,100
2019-06-28 10:03:30.000000000,101664,558,101462,258,101710,258,101331,358,101725,100,101151,100,101795,100,101091,100,101937,100,100282,100,101955,100,100269,100,102031,100,100180,100,,,100174,100,,,100123,100,,,100111,100
2019-06-28 10:03:30.159957967,101664,658,101462,258,101710,258,101331,358,101725,100,101151,100,101795,100,101091,100,101937,100,100282,100,101955,100,100269,100,102031,100,100180,100,,,100174,100,,,100123,100,,,100111,100
2019-06-28 10:03:40.000000000,101664,607,101462,207,101710,204,101331,304,101725,204,101151,204,101795,100,101091,100,101937,100,100282,100,101955,100,100269,100,102031,100,100180,100,,,100174,100,,,100123,100,,,100111,100
2019-06-28 10:03:50.000000000,101664,816,101462,416,101710,100,101331,200,101725,100,101151,100,101795,100,101091,100,101937,100,100282,100,101955,100,100269,100,102031,100,100180,100,,,100174,100,,,100123,100,,,100111,100
2019-06-28 10:04:00.000000000,101664,579,101462,179,101710,179,101331,279,101725,179,101151,179,101795,179,101091,179,101937,100,100282,100,101955,100,100269,100,102031,100,100180,100,,,100174,100,,,100123,100,,,100111,100
2019-06-28 10:04:01.427649109,101664,579,101462,179,101710,179,101331,279,101725,179,101151,179,101795,179,101091,179,101937,100,100282,100,101955,100,100269,100,102031,100,100180,100,,,100174,100,,,100123,100,,,100111,100
2019-06-28 10:04:06.030037486,101664,579,101462,179,101710,179,101331,179,101725,179,101151,179,101795,179,101091,179,101937,100,100282,100,101955,100,100269,100,102031,100,100180,100,,,100174,100,,,100123,100,,,100111,100
2019-06-28 10:04:07.890167355,101664,679,101462,179,101710,179,101331,179,101725,179,101151,179,101795,179,101091,179,101937,100,100282,100,101955,100,100269,100,102031,100,100180,100,,,100174,100,,,100123,100,,,100111,100
2019-06-28 10:04:10.000000000,101664,707,101462,207,101710,204,101331,204,101725,204,101151,204,101795,100,101091,100,101937,100,100282,100,101955,100,100269,100,102031,100,100180,100,,,100174,100,,,100123,100,,,100111,100
2019-06-28 10:04:20.000000000,101664,679,101462,179,101710,179,101331,179,101725,179,101151,179,101795,179,101091,179,101937,100,100282,100,101955,100,100269,100,102031,100,100180,100,,,100174,100,,,100123,100,,,100111,100
2019-06-28 10:04:30.000000000,101664,663,101462,163,101710,163,101331,163,101725,163,101151,163,101795,163,101091,163,101937,163,100282,163,101955,100,100269,100,102031,100,100180,100,,,100174,100,,,100123,100,,,100111,100
2019-06-28 10:04:40.000000000,101664,916,101462,416,101710,100,101331,100,101725,100,101151,100,101795,100,101091,100,101937,100,100282,100,101955,100,100269,100,102031,100,100180,100,,,100174,100,,,100123,100,,,100111,100
2019-06-28 10:04:50.000000000,101664,758,101462,258,101710,258,101331,258,101725,100,101151,100,101795,100,101091,100,101937,100,100282,100,101955,100,100269,100,102031,100,100180,100,,,100174,100,,,100123,100,,,100111,100
2019-06-28 10:04:54.107199064,101664,858,101462,258,101710,258,101331,258,101725,100,101151,100,101795,100,101091,100,101937,100,100282,100,101955,100,100269,100,102031,100,100180,100,,,100174,100,,,100123,100,,,100111,100
2019-06-28 10:05:00.000000000,101664,763,101462,163,101710,163,101331,163,101725,163,101151,163,101795,163,101091,163,101937,163,100282,163,101955,100,100269,100,102031,100,100180,100,,,100174,100,,,100123,100,,,100111,100
2019-06-28 10:05:10.000000000,101664,807,101462,207,101710,204,101331,204,101725,204,101151,204,101795,100,101091,100,101937,100,100282,100,101955,100,100269,100,102031,100,100180,100,,,100174,100,,,100123,100,,,100111,100
2019-06-28 10:05:16.803424554,101664,807,101462,207,101710,204,101331,204,101725,204,101151,204,101795,100,101091,100,101937,100,100282,100,101955,100,100269,100,102031,100,100180,100,,,100174,100,,,100123,100,,,100111,100
2019-06-28 10:05:20.000000000,101664,763,101462,163,101710,163,101331,163,101725,163,101151,163,101795,163,101091,163,101937,163,100282,163,101955,100,100269,100,102031,100,100180,100,,,100174,100,,,100123,100,,,100111,100
2019-06-28 10:05:26.256723574,101664,763,101462,163,101710,163,101331,163,101725,163,101151,163,101795,163,101091,163,101937,163,100282,163,101955,100,100269,100,102031,100,100180,100,,,100174,100,,,100123,100,,,100111,100
2019-06-28 10:05:30.000000000,101664,779,101462,179,101710,179,101331,179,101725,179,101151,179,101795,179,101091,179,101937,100,100282,100,101955,100,100269,100,102031,100,100180,100,,,100174,100,,,100123,100,,,100111,100
2019-06-28 10:05:34.307301691,101664,779,101462,179,101710,179,101331,179,101725,179,101151,179,101795,179,101091,179,101937,100,100282,100,101955,100,100269,100,102031,100,100180,100,,,100174,100,,,100123,100,,,100111,100
2019-06-28 10:05:40.000000000,101664,779,101462,179,101710,179,101331,179,101725,179,101151,179,101795,179,101091,179,101937,100,100282,100,101955,100,100269,100,102031,100,100180,100,,,100174,100,,,100123,100,,,100111,100
2019-06-28 10:05:50.000000000,101664,1016,101462,416,101710,100,101331,100,101725,100,101151,100,101795,100,101091,100,101937,100,100282,100,101955,100,100269,100,102031,100,100180,100,,,100174,100,,,100123,100,,,100111,100
2019-06-28 10:05:50.419717465,101664,916,101462,416,101710,100,101331,100,101725,100,101151,100,101795,100,101091,100,101937,100,100282,100,101955,100,100269,100,102031,100,100180,100,,,100174,100,,,100123,100,,,100111,100
2019-06-28 10:06:00.000000000,101664,679,101462,179,101710,179,101331,179,101725,179,101151,179,101795,179,101091,179,101937,100,100282,100,101955,100,100269,100,102031,100,100180,100,,,100174,100,,,100123,100,,,100111,100
2019-06-28 10:06:05.598942928,101664,679,101462,179,101710,179,101331,179,101725,179,101151,179,101795,179,101091,179,101937,100,100282,100,101955,100,100269,100,102031,100,100180,100,,,100174,100,,,100123,100,,,100111,100
2019-06-28 10:06:10.000000000,101664,758,101462,258,101710,258,101331,258,101725,100,101151,100,101795,100,101091,100,101937,100,100282,100,101955,100,100269,100,102031,100,100180,100,,,100174,100,,,100123,100,,,100111,100
2019-06-28 10:06:20.000000000,101664,916,101462,416,101710,100,101331,100,101725,100,101151,100,101795,100,101091,100,101937,100,100282,100,101955,100,100269,100,102031,100,100180,100,,,100174,100,,,100123,100,,,100111,100
2019-06-28 10:06:30.000000000,101664,707,101462,207,101710,204,101331,204,101725,204,101151,204,101795,100,101091,100,101937,100,100282,100,101955,100,100269,100,102031,100,100180,100,,,100174,100,,,100123,100,,,100111,100
2019-06-28 10:06:40.000000000,101664,758,101462,258,101710,258,101331,258,101725,100,101151,100,101795,100,101091,100,101937,100,100282,100,101955,100,100269,100,102031,100,100180,100,,,100174,100,,,100123,100,,,100111,100
2019-06-28 10:06:50.000000000,101664,663,101462,163,101710,163,101331,163,101725,163,101151,163,101795,163,101091,163,101937,163,100282,163,101955,100,100269,100,102031,100,100180,100,,,100174,100,,,100123,100,,,100111,100
2019-06-28 10:07:00.000000000,101664,707,101462,207,101710,204,101331,204,101725,204,101151,204,101795,100,101091,100,101937,100,100282,100,101955,100,100269,100,102031,100,100180,100,,,100174,100,,,100123,100,,,100111,100
2019-06-28 10:07:00.889813158,101664,707,101462,207,101710,204,101331,204,101725,204,101151,204,101795,100,101091,100,101937,100,100282,100,101955,100,100269,100,102031,100,100180,100,,,100174,100,,,100123,100,,,100111,100
2019-06-28 10:07:02.726960933,101664,707,101462,107,101710,204,101331,204,101725,204,101151,204,101795,100,101091,100,101937,100,100282,100,101955,100,100269,100,102031,100,100180,100,,,100174,100,,,100123,100,,,100111,100
2019-06-28 10:07:07.571497257,101664,707,101462,7,101710,204,101331,204,101725,204,101151,204,101795,100,101091,100,101937,100,100282,100,101955,100,100269,100,102031,100,100180,100,,,100174,100,,,100123,100,,,100111,100
2019-06-28 10:07:10.000000000,101664,916,101331,416,101710,100,101151,100,101725,100,101091,100,101795,100,100282,100,101937,100,100269,100,101955,100,100180,100,102031,100,100174,100,,,100123,100,,,100111,100,,,99911,100
2019-06-28 10:07:20.000000000,101664,679,101331,179,101710,179,101151,179,101725,179,101091,179,101795,179,100282,179,101937,100,100269,100,101955,100,100180,100,102031,100,100174,100,,,100123,100,,,100111,100,,,99911,100
2019-06-28 10:07:27.814924222,101664,679,101331,179,101710,179,101151,179,101725,179,101091,179,101795,179,100282,179,101937,100,100269,100,101955,100,100180,100,102031,100,100174,100,,,100123,100,,,100111,100,,,99921,100
2019-06-28 10:07:28.495787295,101664,679,101331,79,101710,179,101151,179,101725,179,101091,179,101795,179,100282,179,101937,100,100269,100,101955,100,100180,100,102031,100,100174,100,,,100123,100,,,100111,100,,,99921,100
2019-06-28 10:07:30.000000000,101664,663,101151,163,101710,163,101091,163,101725,163,100282,163,101795,163,100269,163,101937,163,100180,163,101955,100,100174,100,102031,100,100123,100,,,100111,100,,,99921,100,,,99911,100
2019-06-28 10:07:40.000000000,101664,916,101151,416,101710,100,101091,100,101725,100,100282,100,101795,100,100269,100,101937,100,100180,100,101955,100,100174,100,102031,100,100123,100,,,100111,100,,,99921,100,,,99911,100
2019-06-28 10:07:50.000000000,101664,758,101151,258,101710,258,101091,258,101725,100,100282,100,101795,100,100269,100,101937,100,100180,100,101955,100,100174,100,102031,100,100123,100,,,100111,100,,,99921,100,,,99911,100
2019-06-28 10:08:00.000000000,101664,916,101151,416,101710,100,101091,100,101725,100,100282,100,101795,100,100269,100,101937,100,100180,100,101955,100,100174,100,102031,100,100123,100,,,100111,100,,,99921,100,,,99911,100
2019-06-28 10:08:02.540315996,101664,916,101151,416,101710,100,101091,100,101725,100,100282,100,101795,100,100269,100,101937,100,100180,100,101955,100,100174,100,102031,100,100123,100,,,99921,100,,,99911,100,,,99861,100
2019-06-28 10:08:10.000000000,101664,663,101151,163,101710,163,101091,163,101725,163,100282,163,101795,163,100269,163,101937,163,100180,163,101955,100,100174,100,102031,100,100123,100,,,99921,100,,,99911,100,,,99861,100
2019-06-28 10:08:10.463743382,101664,663,101151,163,101710,163,101091,163,101725,163,100282,163,101795,163,100269,163,101937,163,100180,163,101955,100,100174,100,102031,100,100123,100,,,100011,100,,,99921,100,,,99911,100
2019-06-28 10:08:20.000000000,101664,663,101151,163,101710,163,101091,163,101725,163,100282,163,101795,163,100269,163,101937,163,100180,163,101955,100,100174,100,102031,100,100123,100,,,100011,100,,,99921,100,,,99911,100
2019-06-28 10:08:22.833864892,101664,663,101151,163,101710,163,101091,163,101725,163,100282,163,101795,163,100269,163,101937,163,100180,163,101955,100,100174,100,102031,100,100123,100,,,100088,100,,,100011,100,,,99921,100
2019-06-28 10:08:25.877977180,101664,663,101151,163,101710,163,101091,163,101725,163,100291,100,101795,163,100282,163,101937,163,100269,163,102031,100,100180,163,,,100174,100,,,100123,100,,,100088,100,,,100011,100
2019-06-28 10:08:28.560657047,101462,100,101151,163,101664,663,101091,163,101710,163,100291,100,101725,63,100282,163,101795,163,100269,163,101937,163,100180,163,102031,100,100174,100,,,100123,100,,,100088,100,,,100011,100
2019-06-28 10:08:30.000000000,101462,416,101151,416,101664,600,101091,100,101710,100,100291,100,101795,100,100282,100,101937,100,100269,100,102031,100,100180,100,,,100174,100,,,100123,100,,,100088,100,,,100011,100
2019-06-28 10:08:40.000000000,101462,179,101151,179,101664,679,101091,179,101710,179,100291,179,101795,179,100282,179,101937,100,100269,100,102031,100,100180,100,,,100174,100,,,100123,100,,,100088,100,,,100011,100
2019-06-28 10:08:50.000000000,101462,163,101151,163,101664,663,101091,163,101710,163,100291,163,101795,163,100282,163,101937,163,100269,163,102031,100,100180,100,,,100174,100,,,100123,100,,,100088,100,,,100011,100
2019-06-28 10:09:00.000000000,101462,258,101151,258,101664,758,101091,258,101710,100,100291,100,101795,100,100282,100,101937,100,100269,100,102031,100,100180,100,,,100174,100,,,100123,100,,,100088,100,,,100011,100
2019-06-28 10:09:10.000000000,101462,416,101151,416,101664,600,101091,100,101710,100,100291,100,101795,100,100282,100,101937,100,100269,100,102031,100,100180,100,,,100174,100,,,100123,100,,,100088,100,,,100011,100
2019-06-28 10:09:14.901233444,101462,516,101151,416,101664,600,101091,100,101710,100,100291,100,101795,100,100282,100,101937,100,100269,100,102031,100,100180,100,,,100174,100,,,100123,100,,,100088,100,,,100011,100
2019-06-28 10:09:20.000000000,101462,516,101151,416,101664,600,101091,100,101710,100,100291,100,101795,100,100282,100,101937,100,100269,100,102031,100,100180,100,,,100174,100,,,100123,100,,,100088,100,,,100011,100
2019-06-28 10:09:21.901756806,101462,516,101151,416,101664,600,101091,100,101710,100,100483,100,101795,100,100291,100,101937,100,100282,100,102031,100,100269,100,,,100180,100,,,100174,100,,,100123,100,,,100088,100
2019-06-28 10:09:28.165515558,101462,516,101151,416,101664,600,101091,100,101710,100,100483,100,101795,100,100291,100,101937,100,100282,100,102031,100,100269,100,,,100251,100,,,100180,100,,,100174,100,,,100123,100
2019-06-28 10:09:30.000000000,101462,358,101151,258,101664,758,101091,258,101710,100,100483,100,101795,100,100291,100,101937,100,100282,100,102031,100,100269,100,,,100251,100,,,100180,100,,,100174,100,,,100123,100
2019-06-28 10:09:40.000000000,101462,358,101151,258,101664,758,101091,258,101710,100,100483,100,101795,100,100291,100,101937,100,100282,100,102031,100,100269,100,,,100251,100,,,100180,100,,,100174,100,,,100123,100
2019-06-28 10:09:50.000000000,101462,358,101151,258,101664,758,101091,258,101710,100,100483,100,101795,100,100291,100,101937,100,100282,100,102031,100,100269,100,,,100251,100,,,100180,100,,,100174,100,,,100123,100
2019-06-28 10:09:50.984631912,101462,358,101151,258,101664,758,101091,258,101710,100,100483,100,101795,100,100291,100,101937,100,100282,100,102031,100,100269,100,,,100251,100,,,100180,100,,,100174,100,,,100123,100
2019-06-28 10:09:53.922267971,101462,358,101151,158,101664,758,101091,258,101710,100,100483,100,101795,100,100291,100,101937,100,100282,100,102031,100,100269,100,,,100251,100,,,100180,100,,,100174,100,,,100123,100
2019-06-28 10:10:00.000000000,101462,279,101091,179,101664,679,100483,179,101710,179,100291,179,101795,179,100282,179,101937,100,100269,100,102031,100,100251,100,,,100180,100,,,100174,100,,,100123,100,,,100088,100
2019-06-28 10:10:06.176809378,101331,100,101091,179,101462,279,100483,179,101664,679,100291,179,101710,179,100282,179,101795,179,100269,100,101937,100,100251,100,102031,100,100180,100,,,100174,100,,,100123,100,,,100088,100
2019-06-28 10:10:10.000000000,101331,416,101091,416,101462,200,100483,100,101664,600,100291,100,101710,100,100282,100,101795,100,100269,100,101937,100,100251,100,102031,100,100180,100,,,100174,100,,,100123,100,,,100088,100
2019-06-28 10:10:20.000000000,101331,258,101091,258,101462,358,100483,258,101664,600,100291,100,101710,100,100282,100,101795,100,100269,100,101937,100,100251,100,102031,100,100180,100,,,100174,100,,,100123,100,,,100088,100
2019-06-28 10:10:30.000000000,101331,258,101091,258,101462,358,100483,258,101664,600,100291,100,101710,100,100282,100,101795,100,100269,100,101937,100,100251,100,102031,100,100180,100,,,100174,100,,,100123,100,,,100088,100
2019-06-28 10:10:33.649973693,101331,258,101091,158,101462,358,100483,258,101664,600,100291,100,101710,100,100282,100,101795,100,100269,100,101937,100,100251,100,102031,100,100180,100,,,100174,100,,,100123,100,,,100088,100
2019-06-28 10:10:35.015163020,101331,258,101091,58,101462,358,100483,258,101664,600,100291,100,101710,100,100282,100,101795,100,100269,100,101937,100,100251,100,102031,100,100180,100,,,100174,100,,,100123,100,,,100088,100
2019-06-28 10:10:40.000000000,101331,258,100483,258,101462,358,100291,258,101664,600,100282,100,101710,100,100269,100,101795,100,100251,100,101937,100,100180,100,102031,100,100174,100,,,100123,100,,,100088,100,,,100011,100
