,ask_price_1,ask_size_1,bid_price_1,bid_size_1,ask_price_2,ask_size_2,bid_price_2,bid_size_2,ask_price_3,ask_size_3,bid_price_3,bid_size_3,ask_price_4,ask_size_4,bid_price_4,bid_size_4,ask_price_5,ask_size_5,bid_price_5,bid_size_5,ask_price_6,ask_size_6,bid_price_6,bid_size_6,ask_price_7,ask_size_7,bid_price_7,bid_size_7,ask_price_8,ask_size_8,bid_price_8,bid_size_8,ask_price_9,ask_size_9,bid_price_9,bid_size_9,ask_price_10,ask_size_10,bid_price_10,bid_size_10
2019-06-28 09:30:00.000000000,100085,100,,,,,,,,,,,,,,,,,,,,,,,,,,,,,,,,,,,,,,
2019-06-28 09:30:00.000000001,100085,100,99892,100,,,,,,,,,,,,,,,,,,,,,,,,,,,,,,,,,,,,
2019-06-28 09:30:00.000000003,100071,100,99892,100,100085,100,,,,,,,,,,,,,,,,,,,,,,,,,,,,,,,,,,
2019-06-28 09:30:00.000000004,100071,100,99892,100,100085,100,,,100087,100,,,,,,,,,,,,,,,,,,,,,,,,,,,,,,
2019-06-28 09:30:00.000000007,100071,100,99892,100,100085,100,,,100087,100,,,100142,100,,,,,,,,,,,,,,,,,,,,,,,,,,
2019-06-28 09:30:00.000000010,100071,100,100013,100,100085,100,99892,100,100087,100,,,100142,100,,,,,,,,,,,,,,,,,,,,,,,,,,
2019-06-28 09:30:00.000000011,100071,100,100013,100,100085,100,99969,100,100087,100,99953,100,100142,100,99892,100,,,,,,,,,,,,,,,,,,,,,,,,
2019-06-28 09:30:00.000000015,100071,100,100013,100,100085,100,99969,100,100087,100,99953,100,100142,100,99892,100,,,99824,100,,,,,,,,,,,,,,,,,,,,
2019-06-28 09:30:00.000000017,100071,100,100013,100,100085,100,99969,100,100087,100,99953,100,100142,100,99918,100,100188,100,99892,100,,,99824,100,,,,,,,,,,,,,,,,
2019-06-28 09:30:00.000000018,100071,100,100013,100,100084,100,99969,100,100085,100,99953,100,100087,100,99918,100,100142,100,99892,100,100188,100,99824,100,,,99768,100,,,,,,,,,,,,
2019-06-28 09:30:00.000000020,100071,100,100023,100,100084,100,100013,100,100085,100,99969,100,100087,100,99953,100,100142,100,99918,100,100188,100,99892,100,,,99824,100,,,99768,100,,,,,,,,
2019-06-28 09:30:00.000000021,100071,100,100013,100,100084,100,99969,100,100085,100,99953,100,100087,100,99918,100,100142,100,99892,100,100188,100,99824,100,,,99768,100,,,,,,,,,,,,
2019-06-28 09:30:00.000000025,100071,100,100013,100,100084,100,99974,100,100085,100,99969,100,100087,100,99957,100,100142,100,99953,100,100188,100,99918,100,,,99906,100,,,99892,100,,,99824,100,,,99768,100
2019-06-28 09:30:00.000000026,100057,100,100013,100,100071,100,99974,100,100084,100,99969,100,100085,100,99957,100,100087,100,99953,100,100124,100,99918,100,100142,100,99906,100,100188,100,99892,100,,,99824,100,,,99768,100
2019-06-28 09:30:00.000000027,100057,100,99974,100,100071,100,99969,100,100084,100,99957,100,100085,100,99953,100,100087,100,99918,100,100124,100,99906,100,100142,100,99892,100,100188,100,99824,100,,,99768,100,,,,
2019-06-28 09:30:00.000000029,100009,100,99974,100,100057,100,99969,100,100071,100,99957,100,100084,100,99953,100,100085,100,99918,100,100087,100,99906,100,100124,100,99892,100,100142,100,99824,100,100188,100,99768,100,,,,
2019-06-28 09:30:00.000000031,100009,100,99974,100,100057,100,99969,100,100071,100,99957,100,100084,100,99953,100,100085,100,99918,100,100087,100,99906,100,100120,100,99892,100,100124,100,99824,100,100142,100,99768,100,100188,100,,
2019-06-28 09:30:00.000000032,100009,100,99969,100,100057,100,99957,100,100071,100,99953,100,100084,100,99918,100,100085,100,99906,100,100087,100,99892,100,100120,100,99824,100,100124,100,99768,100,100142,100,,,100188,100,,
2019-06-28 09:30:00.000000035,100009,100,99969,100,100057,100,99957,100,100071,100,99953,200,100084,100,99918,100,100085,100,99906,100,100087,100,99892,100,100120,100,99824,100,100124,100,99768,100,100142,100,,,100188,100,,
2019-06-28 09:30:00.000000036,100009,100,99969,100,100044,100,99957,100,100057,100,99953,200,100071,100,99918,100,100084,100,99906,100,100085,100,99892,100,100087,100,99824,100,100120,100,99768,100,100124,100,,,100142,100,,
2019-06-28 09:30:00.000000037,100009,100,99969,100,100018,100,99957,100,100044,100,99953,200,100057,100,99918,100,100071,100,99906,100,100084,100,99892,100,100085,100,99824,100,100087,100,99768,100,100120,100,,,100124,100,,
2019-06-28 09:30:00.000000038,100009,100,99969,100,100018,100,99957,100,100044,100,99953,200,100046,100,99918,100,100057,100,99906,100,100071,100,99892,100,100084,100,99824,100,100085,100,99768,100,100087,100,,,100120,100,,
2019-06-28 09:30:00.000000039,99989,100,99969,100,100009,100,99957,100,100018,100,99953,200,100044,100,99918,100,100046,100,99906,100,100057,100,99892,100,100071,100,99824,100,100084,100,99768,100,100085,100,,,100087,100,,
2019-06-28 09:30:00.000000040,99989,100,99969,100,100009,100,99957,100,100018,100,99953,200,100044,100,99918,100,100046,100,99906,100,100057,100,99892,100,100071,100,99824,100,100084,100,99768,100,100085,100,,,100087,100,,
2019-06-28 09:30:00.000000041,99989,100,99974,100,100009,100,99969,100,100018,100,99957,100,100044,100,99953,200,100046,100,99918,100,100057,100,99906,100,100071,100,99892,100,100084,100,99824,100,100085,100,99768,100,100087,100,,
2019-06-28 09:30:00.000000042,99989,100,99974,100,100009,100,99969,100,100018,100,99957,100,100044,100,99953,200,100045,100,99918,100,100046,100,99906,100,100057,100,99892,100,100071,100,99824,100,100084,100,99768,100,100085,100,,
2019-06-28 09:30:00.000000044,99989,100,99974,100,100009,100,99969,100,100018,100,99957,100,100040,100,99953,200,100044,100,99918,100,100045,100,99906,100,100046,100,99892,100,100057,100,99824,100,100071,100,99768,100,100084,100,,
2019-06-28 09:30:00.000000046,100009,100,99974,100,100018,100,99969,100,100040,100,99957,100,100044,100,99953,200,100045,100,99918,100,100046,100,99906,100,100057,100,99892,100,100071,100,99824,100,100084,100,99768,100,100085,100,,
2019-06-28 09:30:00.000000048,100009,100,99974,100,100018,100,99969,100,100040,100,99963,100,100044,100,99957,100,100045,100,99953,200,100046,100,99918,100,100057,100,99906,100,100071,100,99892,100,100084,100,99824,100,100085,100,99768,100
2019-06-28 09:30:00.000000049,100009,100,99974,100,100018,100,99969,100,100040,100,99963,100,100044,100,99957,100,100045,100,99953,200,100046,100,99918,100,100057,100,99906,100,100071,100,99892,100,100084,100,99836,100,100085,100,99824,100
2019-06-28 09:30:00.000000051,100009,100,99974,100,100018,100,99969,100,100040,100,99963,100,100044,100,99957,100,100045,100,99953,200,100046,100,99918,100,100057,100,99906,100,100071,100,99892,100,100084,100,99836,100,100085,100,99824,100
2019-06-28 09:30:00.000000052,100009,100,99974,100,100018,100,99969,100,100040,100,99963,100,100044,100,99957,100,100045,100,99953,200,100046,100,99918,100,100057,100,99906,100,100071,100,99892,100,100084,100,99867,100,100085,100,99836,100
2019-06-28 09:30:00.000000053,100009,100,99974,100,100018,100,99969,200,100040,100,99963,100,100044,100,99957,100,100045,100,99953,200,100046,100,99918,100,100057,100,99906,100,100071,100,99892,100,100084,100,99867,100,100085,100,99836,100
2019-06-28 09:30:00.000000054,100009,100,99974,100,100018,100,99969,200,100040,100,99963,100,100044,100,99957,100,100045,100,99953,200,100046,100,99918,100,100057,100,99906,100,100071,100,99892,100,100084,100,99867,100,100085,100,99836,100
2019-06-28 09:30:00.000000056,100009,100,99974,100,100018,100,99969,200,100040,100,99963,100,100044,100,99957,100,100045,100,99953,200,100046,100,99918,100,100057,100,99906,100,100071,100,99892,100,100084,100,99867,100,100085,100,99836,100
2019-06-28 09:30:00.000000063,100009,100,99974,100,100018,100,99969,200,100040,100,99963,100,100044,100,99957,100,100045,100,99953,200,100046,100,99918,100,100057,100,99906,100,100071,100,99892,100,100084,100,99867,100,100085,100,99836,100
2019-06-28 09:30:00.000000067,100009,100,99974,100,100018,100,99969,200,100040,100,99963,100,100044,100,99957,100,100045,100,99953,200,100046,100,99918,100,100057,100,99906,100,100071,100,99892,100,100080,100,99867,100,100084,100,99836,100
2019-06-28 09:30:00.000000068,100009,100,99974,100,100018,100,99969,200,100040,100,99963,100,100044,100,99957,100,100045,100,99953,200,100046,100,99918,100,100057,100,99906,100,100071,100,99892,100,100080,100,99867,100,100084,100,99836,100
2019-06-28 09:30:00.000000072,100018,100,99989,100,100040,100,99974,100,100044,100,99969,200,100045,100,99963,100,100046,100,99957,100,100057,100,99953,200,100071,100,99918,100,100080,100,99906,100,100084,100,99892,100,100085,100,99867,100
2019-06-28 09:30:00.000000076,100018,100,99989,100,100040,100,99974,100,100044,100,99969,200,100045,100,99963,100,100046,100,99957,100,100057,100,99953,200,100071,100,99918,100,100080,100,99909,100,100084,100,99906,100,100085,100,99892,100
2019-06-28 09:30:00.000000079,100009,100,99989,100,100018,100,99974,100,100040,100,99969,200,100044,100,99963,100,100045,100,99957,100,100046,100,99953,200,100057,100,99918,100,100071,100,99909,100,100080,100,99906,100,100084,100,99892,100
2019-06-28 09:30:00.000000083,100018,100,99989,100,100040,100,99974,100,100044,100,99969,200,100045,100,99963,100,100046,100,99957,100,100057,100,99953,200,100071,100,99918,100,100080,100,99909,100,100084,100,99906,100,100085,100,99892,100
2019-06-28 09:30:00.000000084,100009,100,99989,100,100018,100,99974,100,100040,100,99969,200,100044,100,99963,100,100045,100,99957,100,100046,100,99953,200,100057,100,99918,100,100071,100,99909,100,100080,100,99906,100,100084,100,99892,100
2019-06-28 09:30:00.000000086,100009,100,100000,100,100018,100,99989,100,100040,100,99974,100,100044,100,99969,200,100045,100,99963,100,100046,100,99957,100,100057,100,99953,200,100071,100,99918,100,100080,100,99909,100,100084,100,99906,100
2019-06-28 09:30:00.000000087,100009,100,100000,100,100018,100,99989,100,100040,100,99974,100,100044,100,99969,200,100045,100,99963,100,100046,100,99957,100,100057,100,99953,200,100071,100,99920,100,100080,100,99918,100,100084,100,99909,100
2019-06-28 09:30:00.000000088,100009,100,100000,100,100018,100,99989,100,100040,100,99974,100,100044,100,99969,200,100045,100,99963,100,100046,100,99957,100,100057,100,99953,200,100071,100,99920,100,100080,100,99918,100,100084,100,99909,100
2019-06-28 09:30:00.000000089,100009,100,100000,100,100018,100,99989,100,100040,100,99974,100,100044,100,99969,200,100045,100,99963,100,100046,100,99957,100,100057,100,99953,200,100071,100,99923,100,100080,100,99922,100,100084,100,99920,100
2019-06-28 09:30:00.000000090,100018,100,100000,100,100040,100,99989,100,100044,100,99974,100,100045,100,99969,200,100046,100,99963,100,100057,100,99957,100,100071,100,99953,200,100080,100,99923,100,100084,100,99922,100,100085,100,99920,100
2019-06-28 09:30:00.000000091,100018,100,100000,100,100040,100,99989,100,100044,100,99974,100,100045,100,99969,200,100046,100,99963,100,100057,100,99957,100,100071,100,99953,200,100080,100,99923,100,100084,100,99922,100,100085,100,99920,100
2019-06-28 09:30:00.000000092,100018,100,100000,100,100040,100,99989,100,100044,100,99974,100,100045,100,99969,200,100046,100,99963,100,100057,100,99957,100,100071,100,99953,200,100077,100,99923,100,100080,100,99922,100,100084,100,99920,100
2019-06-28 09:30:00.000000093,100018,100,100000,100,100040,100,99989,100,100042,100,99974,100,100044,100,99969,200,100045,100,99963,100,100046,100,99957,100,100057,100,99953,200,100071,100,99923,100,100077,100,99922,100,100080,100,99920,100
2019-06-28 09:30:00.000000094,100018,100,100003,100,100040,100,100000,100,100042,100,99989,100,100044,100,99974,100,100045,100,99969,200,100046,100,99963,100,100057,100,99957,100,100071,100,99953,200,100077,100,99923,100,100080,100,99922,100
2019-06-28 09:30:00.000000098,100018,100,100003,100,100040,100,100000,100,100041,100,99989,100,100042,100,99974,100,100044,100,99969,200,100045,100,99963,100,100046,100,99957,100,100057,100,99953,200,100071,100,99923,100,100077,100,99922,100
2019-06-28 09:30:10.000000000,100018,195,100003,195,100040,192,100000,192,100041,192,99989,192,100042,100,99974,100,100044,100,99969,200,100045,100,99963,100,100046,100,99957,100,100057,100,99953,200,100071,100,99923,100,100077,100,99922,100
2019-06-28 09:30:20.000000000,100018,195,100003,195,100040,192,100000,192,100041,192,99989,192,100042,100,99974,100,100044,100,99969,200,100045,100,99963,100,100046,100,99957,100,100057,100,99953,200,100071,100,99923,100,100077,100,99922,100
2019-06-28 09:30:20.639361468,100018,195,100003,95,100040,192,100000,192,100041,192,99989,192,100042,100,99974,100,100044,100,99969,200,100045,100,99963,100,100046,100,99957,100,100057,100,99953,200,100071,100,99923,100,100077,100,99922,100
2019-06-28 09:30:30.000000000,100018,170,100000,170,100040,170,99989,170,100041,170,99974,170,100042,170,99969,270,100044,100,99963,100,100045,100,99957,100,100046,100,99953,200,100057,100,99923,100,100071,100,99922,100,100077,100,99920,100
2019-06-28 09:30:33.880155662,100018,170,100000,170,100040,170,99989,170,100041,170,99974,170,100042,170,99969,270,100044,100,99963,100,100045,100,99957,100,100046,100,99953,200,100057,100,99923,100,100071,100,99922,100,100077,100,99920,100
2019-06-28 09:30:40.000000000,100018,156,100000,156,100040,156,99989,156,100041,156,99974,156,100042,156,99969,256,100044,156,99963,156,100045,100,99957,100,100046,100,99953,200,100057,100,99923,100,100071,100,99922,100,100077,100,99920,100
2019-06-28 09:30:46.977903468,100018,156,100000,156,100040,156,99989,156,100041,156,99974,156,100042,156,99969,256,100044,156,99963,156,100045,100,99957,100,100046,100,99953,200,100057,100,99923,100,100071,100,99922,100,100077,100,99920,100
2019-06-28 09:30:48.246341793,100018,156,100000,156,100040,156,99989,156,100041,156,99974,156,100042,156,99969,256,100044,156,99963,156,100045,100,99957,100,100046,100,99953,200,100055,100,99923,100,100057,100,99922,100,100071,100,99920,100
2019-06-28 09:30:50.000000000,100018,170,100000,170,100040,170,99989,170,100041,170,99974,170,100042,170,99969,270,100044,100,99963,100,100045,100,99957,100,100046,100,99953,200,100055,100,99923,100,100057,100,99922,100,100071,100,99920,100
2019-06-28 09:30:53.814498072,100018,170,100000,70,100040,170,99989,170,100041,170,99974,170,100042,170,99969,270,100044,100,99963,100,100045,100,99957,100,100046,100,99953,200,100055,100,99923,100,100057,100,99922,100,100071,100,99920,100
2019-06-28 09:31:00.000000000,100018,195,99989,195,100040,192,99974,192,100041,192,99969,292,100042,100,99963,100,100044,100,99957,100,100045,100,99953,200,100046,100,99923,100,100055,100,99922,100,100057,100,99920,100,100071,100,99918,100
2019-06-28 09:31:10.000000000,100018,239,99989,239,100040,239,99974,239,100041,100,99969,200,100042,100,99963,100,100044,100,99957,100,100045,100,99953,200,100046,100,99923,100,100055,100,99922,100,100057,100,99920,100,100071,100,99918,100
2019-06-28 09:31:13.467058094,100018,239,100004,100,100040,239,99989,239,100041,100,99974,239,100042,100,99969,200,100044,100,99963,100,100045,100,99957,100,100046,100,99953,200,100055,100,99923,100,100057,100,99922,100,100071,100,99920,100
2019-06-28 09:31:19.422720846,100018,239,100004,100,100040,239,99989,239,100041,100,99974,239,100042,100,99969,200,100044,100,99963,100,100045,100,99957,100,100046,100,99953,200,100055,100,99923,100,100057,100,99922,100,100071,100,99920,100
2019-06-28 09:31:20.000000000,100018,195,100004,195,100040,192,99989,192,100041,192,99974,192,100042,100,99969,200,100044,100,99963,100,100045,100,99957,100,100046,100,99953,200,100055,100,99923,100,100057,100,99922,100,100071,100,99920,100
2019-06-28 09:31:22.811044874,100018,195,100004,195,100040,192,99989,192,100041,192,99974,192,100042,100,99969,200,100044,100,99963,100,100045,100,99957,100,100046,100,99953,200,100055,100,99923,100,100057,100,99922,100,100071,100,99920,100
2019-06-28 09:31:29.989764135,100018,195,100004,195,100040,192,99989,192,100041,192,99974,192,100042,100,99969,200,100044,100,99963,100,100045,100,99957,100,100046,100,99953,200,100055,100,99923,100,100057,100,99922,100,100071,100,99920,100
2019-06-28 09:31:30.000000000,100018,239,100004,239,100040,239,99989,239,100041,100,99974,100,100042,100,99969,200,100044,100,99963,100,100045,100,99957,100,100046,100,99953,200,100055,100,99923,100,100057,100,99922,100,100071,100,99920,100
2019-06-28 09:31:36.975142468,100018,239,100004,339,100040,239,99989,239,100041,100,99974,100,100042,100,99969,200,100044,100,99963,100,100045,100,99957,100,100046,100,99953,200,100055,100,99923,100,100057,100,99922,100,100071,100,99920,100
2019-06-28 09:31:40.000000000,100018,239,100004,339,100040,239,99989,239,100041,100,99974,100,100042,100,99969,200,100044,100,99963,100,100045,100,99957,100,100046,100,99953,200,100055,100,99923,100,100057,100,99922,100,100071,100,99920,100
2019-06-28 09:31:43.258265302,100018,239,100004,339,100040,239,99989,239,100041,100,99974,100,100042,100,99969,200,100044,100,99963,100,100045,100,99957,100,100046,100,99953,200,100055,100,99923,100,100057,100,99922,100,100071,100,99920,100
2019-06-28 09:31:50.000000000,100018,170,100004,270,100040,170,99989,170,100041,170,99974,170,100042,170,99969,270,100044,100,99963,100,100045,100,99957,100,100046,100,99953,200,100055,100,99923,100,100057,100,99922,100,100071,100,99920,100
2019-06-28 09:31:51.400391510,100018,170,100004,270,100040,170,99989,170,100041,170,99974,170,100042,170,99969,270,100044,100,99963,100,100045,100,99957,100,100046,100,99953,200,100055,100,99923,100,100057,100,99922,100,100071,100,99920,100
2019-06-28 09:32:00.000000000,100018,239,100004,339,100040,239,99989,239,100041,100,99974,100,100042,100,99969,200,100044,100,99963,100,100045,100,99957,100,100046,100,99953,200,100055,100,99923,100,100057,100,99922,100,100071,100,99920,100
2019-06-28 09:32:10.000000000,100018,170,100004,270,100040,170,99989,170,100041,170,99974,170,100042,170,99969,270,100044,100,99963,100,100045,100,99957,100,100046,100,99953,200,100055,100,99923,100,100057,100,99922,100,100071,100,99920,100
2019-06-28 09:32:20.000000000,100018,239,100004,339,100040,239,99989,239,100041,100,99974,100,100042,100,99969,200,100044,100,99963,100,100045,100,99957,100,100046,100,99953,200,100055,100,99923,100,100057,100,99922,100,100071,100,99920,100
2019-06-28 09:32:30.000000000,100018,378,100004,478,100040,100,99989,100,100041,100,99974,100,100042,100,99969,200,100044,100,99963,100,100045,100,99957,100,100046,100,99953,200,100055,100,99923,100,100057,100,99922,100,100071,100,99920,100
2019-06-28 09:32:40.000000000,100018,239,100004,339,100040,239,99989,239,100041,100,99974,100,100042,100,99969,200,100044,100,99963,100,100045,100,99957,100,100046,100,99953,200,100055,100,99923,100,100057,100,99922,100,100071,100,99920,100
2019-06-28 09:32:45.564653287,100018,239,100004,339,100040,239,99989,239,100041,100,99974,100,100042,100,99969,200,100043,100,99963,100,100044,100,99957,100,100045,100,99953,200,100046,100,99923,100,100057,100,99922,100,100071,100,99920,100
2019-06-28 09:32:50.000000000,100018,239,100004,339,100040,239,99989,239,100041,100,99974,100,100042,100,99969,200,100043,100,99963,100,100044,100,99957,100,100045,100,99953,200,100046,100,99923,100,100057,100,99922,100,100071,100,99920,100
2019-06-28 09:32:51.884894064,100018,239,100004,339,100040,239,99989,239,100042,100,99974,100,100043,100,99969,200,100044,100,99963,100,100045,100,99957,100,100046,100,99953,200,100057,100,99923,100,100071,100,99922,100,100077,100,99920,100
2019-06-28 09:32:52.898087140,100018,239,100004,339,100040,239,99989,239,100042,100,99974,100,100044,100,99969,200,100045,100,99963,100,100046,100,99957,100,100057,100,99953,200,100071,100,99923,100,100077,100,99922,100,100080,100,99920,100
2019-06-28 09:32:54.680881142,100018,239,100004,339,100040,239,99989,239,100042,100,99974,100,100044,100,99969,200,100045,100,99963,100,100046,100,99957,100,100057,100,99953,200,100071,100,99923,100,100077,100,99922,100,100080,100,99920,100
2019-06-28 09:32:55.185665958,100018,139,100004,339,100040,239,99989,239,100042,100,99974,100,100044,100,99969,200,100045,100,99963,100,100046,100,99957,100,100057,100,99953,200,100071,100,99923,100,100077,100,99922,100,100080,100,99920,100
2019-06-28 09:33:00.000000000,100040,195,100004,295,100042,192,99989,192,100044,192,99974,192,100045,100,99969,200,100046,100,99963,100,100057,100,99957,100,100071,100,99953,200,100077,100,99923,100,100080,100,99922,100,100084,100,99920,100
2019-06-28 09:33:10.000000000,100040,170,100004,270,100042,170,99989,170,100044,170,99974,170,100045,170,99969,270,100046,100,99963,100,100057,100,99957,100,100071,100,99953,200,100077,100,99923,100,100080,100,99922,100,100084,100,99920,100
2019-06-28 09:33:15.260327775,100040,170,100005,100,100042,170,100004,270,100044,170,99989,170,100045,170,99974,170,100046,100,99969,270,100057,100,99963,100,100071,100,99957,100,100077,100,99953,200,100080,100,99923,100,100084,100,99922,100
2019-06-28 09:33:15.357733334,100040,70,100005,100,100042,170,100004,270,100044,170,99989,170,100045,170,99974,170,100046,100,99969,270,100057,100,99963,100,100071,100,99957,100,100077,100,99953,100,100080,100,99923,100,100084,100,99922,100
2019-06-28 09:33:16.993722104,100042,70,100040,30,100044,170,100005,100,100045,170,100004,270,100046,100,99989,170,100057,100,99974,170,100071,100,99969,270,100077,100,99963,100,100080,100,99957,100,100084,100,99953,100,100085,100,99923,100
2019-06-28 09:33:20.000000000,100044,378,100040,308,100045,100,100005,100,100046,100,100004,200,100057,100,99989,100,100071,100,99974,100,100077,100,99969,200,100080,100,99963,100,100084,100,99957,100,100085,100,99953,100,100087,100,99923,100
2019-06-28 09:33:30.000000000,100044,378,100040,308,100045,100,100005,100,100046,100,100004,200,100057,100,99989,100,100071,100,99974,100,100077,100,99969,200,100080,100,99963,100,100084,100,99957,100,100085,100,99953,100,100087,100,99923,100
2019-06-28 09:33:40.000000000,100044,195,100040,125,100045,192,100005,192,100046,192,100004,292,100057,100,99989,100,100071,100,99974,100,100077,100,99969,200,100080,100,99963,100,100084,100,99957,100,100085,100,99953,100,100087,100,99923,100
2019-06-28 09:33:45.210376930,100044,95,100040,125,100045,192,100005,192,100046,192,100004,292,100057,100,99989,100,100071,100,99974,100,100077,100,99969,200,100080,100,99963,100,100084,100,99953,100,100085,100,99923,100,100087,100,99922,100
2019-06-28 09:33:50.000000000,100045,195,100040,125,100046,192,100005,192,100057,192,100004,292,100071,100,99989,100,100077,100,99974,100,100080,100,99969,200,100084,100,99963,100,100085,100,99953,100,100087,100,99923,100,100100,100,99922,100
2019-06-28 09:33:56.558998442,100045,195,100041,100,100046,192,100040,125,100057,192,100005,192,100071,100,100004,192,100077,100,99989,100,100080,100,99974,100,100084,100,99969,200,100085,100,99963,100,100087,100,99953,100,100100,100,99923,100
2019-06-28 09:34:00.000000000,100045,170,100041,170,100046,170,100040,100,100057,170,100005,170,100071,170,100004,170,100077,100,99989,100,100080,100,99974,100,100084,100,99969,200,100085,100,99963,100,100087,100,99953,100,100100,100,99923,100
2019-06-28 09:34:06.774962381,100045,70,100041,170,100046,170,100040,100,100057,170,100005,170,100071,170,100004,170,100077,100,99989,100,100080,100,99974,100,100084,100,99969,100,100085,100,99963,100,100087,100,99953,100,100100,100,99923,100
2019-06-28 09:34:06.830038652,100046,170,100045,30,100057,170,100041,170,100071,170,100040,100,100077,100,100005,170,100080,100,100004,170,100084,100,99989,100,100085,100,99974,100,100087,100,99969,100,100100,100,99963,100,100103,100,99953,100
2019-06-28 09:34:10.000000000,100046,195,100045,125,100057,192,100041,192,100071,192,100040,122,100077,100,100005,100,100080,100,100004,100,100084,100,99989,100,100085,100,99974,100,100087,100,99969,100,100100,100,99963,100,100103,100,99953,100
2019-06-28 09:34:20.000000000,100046,156,100045,86,100057,156,100041,156,100071,156,100040,86,100077,156,100005,156,100080,156,100004,156,100084,100,99989,100,100085,100,99974,100,100087,100,99969,100,100100,100,99963,100,100103,100,99953,100
2019-06-28 09:34:21.317570656,100046,156,100045,186,100057,156,100041,156,100071,156,100040,86,100077,156,100005,156,100080,156,100004,156,100084,100,99989,100,100085,100,99974,100,100087,100,99969,100,100100,100,99963,100,100103,100,99953,100
2019-06-28 09:34:30.000000000,100046,239,100045,269,100057,239,100041,239,100071,100,100040,30,100077,100,100005,100,100080,100,100004,100,100084,100,99989,100,100085,100,99974,100,100087,100,99969,100,100100,100,99963,100,100103,100,99953,100
2019-06-28 09:34:38.192879225,100046,239,100045,169,100057,239,100041,239,100071,100,100040,30,100077,100,100005,100,100080,100,100004,100,100084,100,99989,100,100085,100,99974,100,100087,100,99969,100,100100,100,99963,100,100103,100,99953,100
2019-06-28 09:34:40.000000000,100046,156,100045,86,100057,156,100041,156,100071,156,100040,86,100077,156,100005,156,100080,156,100004,156,100084,100,99989,100,100085,100,99974,100,100087,100,99969,100,100100,100,99963,100,100103,100,99953,100
2019-06-28 09:34:50.000000000,100046,170,100045,100,100057,170,100041,170,100071,170,100040,100,100077,170,100005,170,100080,100,100004,100,100084,100,99989,100,100085,100,99974,100,100087,100,99969,100,100100,100,99963,100,100103,100,99953,100
2019-06-28 09:35:00.000000000,100046,170,100045,100,100057,170,100041,170,100071,170,100040,100,100077,170,100005,170,100080,100,100004,100,100084,100,99989,100,100085,100,99974,100,100087,100,99969,100,100100,100,99963,100,100103,100,99953,100
2019-06-28 09:35:10.000000000,100046,170,100045,100,100057,170,100041,170,100071,170,100040,100,100077,170,100005,170,100080,100,100004,100,100084,100,99989,100,100085,100,99974,100,100087,100,99969,100,100100,100,99963,100,100103,100,99953,100
2019-06-28 09:35:16.627450501,100046,70,100045,100,100057,170,100041,170,100071,170,100040,100,100077,170,100005,170,100080,100,100004,100,100084,100,99989,100,100085,100,99974,100,100087,100,99969,100,100100,100,99963,100,100105,100,99953,100
2019-06-28 09:35:17.035898776,100046,70,100045,100,100057,170,100041,170,100071,170,100040,70,100077,170,100005,170,100080,100,100004,100,100084,100,99989,100,100085,100,99974,100,100087,100,99969,100,100100,100,99963,100,100105,100,99953,100
2019-06-28 09:35:20.000000000,100057,195,100045,125,100071,192,100041,192,100077,192,100005,192,100080,100,100004,100,100084,100,99989,100,100085,100,99974,100,100087,100,99969,100,100100,100,99963,100,100105,100,99953,100,100107,100,99923,100
2019-06-28 09:35:30.000000000,100057,239,100045,169,100071,239,100041,239,100077,100,100005,100,100080,100,100004,100,100084,100,99989,100,100085,100,99974,100,100087,100,99969,100,100100,100,99963,100,100105,100,99953,100,100107,100,99923,100
2019-06-28 09:35:40.000000000,100057,156,100045,86,100071,156,100041,156,100077,156,100005,156,100080,156,100004,156,100084,156,99989,156,100085,100,99974,100,100087,100,99969,100,100100,100,99963,100,100105,100,99953,100,100107,100,99923,100
2019-06-28 09:35:46.830918296,100057,156,100046,100,100071,156,100045,86,100077,156,100041,156,100080,156,100005,156,100084,156,100004,156,100085,100,99989,156,100087,100,99974,100,100100,100,99969,100,100105,100,99963,100,100107,100,99953,100
2019-06-28 09:35:50.000000000,100057,170,100046,170,100071,170,100045,100,100077,170,100041,170,100080,170,100005,170,100084,100,100004,100,100085,100,99989,100,100087,100,99974,100,100100,100,99969,100,100105,100,99963,100,100107,100,99953,100
2019-06-28 09:35:59.002494237,100057,170,100046,170,100071,170,100045,100,100077,170,100041,170,100080,170,100005,170,100084,100,100004,100,100085,100,99989,100,100087,100,99974,100,100100,100,99969,100,100105,100,99963,100,100107,100,99953,100
2019-06-28 09:36:00.000000000,100057,195,100046,195,100071,192,100045,122,100077,192,100041,192,100080,100,100005,100,100084,100,100004,100,100085,100,99989,100,100087,100,99974,100,100100,100,99969,100,100105,100,99963,100,100107,100,99953,100
2019-06-28 09:36:10.000000000,100057,239,100046,239,100071,239,100045,169,100077,100,100041,100,100080,100,100005,100,100084,100,100004,100,100085,100,99989,100,100087,100,99974,100,100100,100,99969,100,100105,100,99963,100,100107,100,99953,100
2019-06-28 09:36:10.373376643,100057,139,100046,239,100071,239,100045,169,100077,100,100041,100,100080,100,100005,100,100084,100,100004,100,100085,100,99989,100,100087,100,99974,100,100100,100,99969,100,100105,100,99963,100,100107,100,99953,100
2019-06-28 09:36:20.000000000,100071,195,100046,195,100077,192,100045,122,100080,192,100041,192,100084,100,100005,100,100085,100,100004,100,100087,100,99989,100,100100,100,99974,100,100105,100,99969,100,100107,100,99963,100,100113,100,99953,100
2019-06-28 09:36:30.000000000,100071,195,100046,195,100077,192,100045,122,100080,192,100041,192,100084,100,100005,100,100085,100,100004,100,100087,100,99989,100,100100,100,99974,100,100105,100,99969,100,100107,100,99963,100,100113,100,99953,100
2019-06-28 09:36:39.290212814,100071,195,100046,195,100077,192,100045,122,100080,192,100041,192,100084,100,100005,100,100085,100,99989,100,100087,100,99974,100,100100,100,99969,100,100105,100,99963,100,100107,100,99953,100,100113,100,99923,100
2019-06-28 09:36:40.000000000,100071,156,100046,156,100077,156,100045,86,100080,156,100041,156,100084,156,100005,156,100085,156,99989,156,100087,100,99974,100,100100,100,99969,100,100105,100,99963,100,100107,100,99953,100,100113,100,99923,100
2019-06-28 09:36:50.000000000,100071,239,100046,239,100077,239,100045,169,100080,100,100041,100,100084,100,100005,100,100085,100,99989,100,100087,100,99974,100,100100,100,99969,100,100105,100,99963,100,100107,100,99953,100,100113,100,99923,100
2019-06-28 09:37:00.000000000,100071,156,100046,156,100077,156,100045,86,100080,156,100041,156,100084,156,100005,156,100085,156,99989,156,100087,100,99974,100,100100,100,99969,100,100105,100,99963,100,100107,100,99953,100,100113,100,99923,100
2019-06-28 09:37:05.719134567,100071,156,100046,56,100077,156,100045,86,100080,156,100041,156,100084,156,100005,156,100085,156,99989,156,100087,100,99974,100,100100,100,99969,100,100105,100,99963,100,100107,100,99953,100,100113,100,99923,100
2019-06-28 09:37:10.000000000,100071,378,100045,308,100077,100,100041,100,100080,100,100005,100,100084,100,99989,100,100085,100,99974,100,100087,100,99969,100,100100,100,99963,100,100105,100,99953,100,100107,100,99923,100,100113,100,99922,100
2019-06-28 09:37:14.001682505,100071,378,100045,208,100077,100,100041,100,100080,100,100005,100,100084,100,99989,100,100085,100,99974,100,100087,100,99969,100,100100,100,99953,100,100105,100,99923,100,100107,100,99922,100,100113,100,99920,100
2019-06-28 09:37:14.277222782,100071,378,100045,208,100077,100,100041,100,100080,100,100005,100,100084,100,99989,100,100085,100,99974,100,100087,100,99969,100,100100,100,99953,100,100105,100,99923,100,100107,100,99922,100,100113,100,99920,100
2019-06-28 09:37:20.000000000,100071,156,100041,156,100077,156,100005,156,100080,156,99989,156,100084,156,99974,156,100085,156,99969,156,100087,100,99953,100,100100,100,99923,100,100105,100,99922,100,100107,100,99920,100,100113,100,99918,100
2019-06-28 09:37:30.000000000,100071,170,100041,170,100077,170,100005,170,100080,170,99989,170,100084,170,99974,170,100085,100,99969,100,100087,100,99953,100,100100,100,99923,100,100105,100,99922,100,100107,100,99920,100,100113,100,99918,100
2019-06-28 09:37:34.584801532,100046,100,100041,170,100071,170,100005,170,100077,170,99989,170,100080,170,99974,170,100084,170,99969,100,100085,100,99953,100,100087,100,99923,100,100100,100,99922,100,100105,100,99920,100,100107,100,99918,100
2019-06-28 09:37:40.000000000,100046,156,100041,156,100071,156,100005,156,100077,156,99989,156,100080,156,99974,156,100084,156,99969,156,100085,100,99953,100,100087,100,99923,100,100100,100,99922,100,100105,100,99920,100,100107,100,99918,100
2019-06-28 09:37:41.498614397,100046,156,100041,156,100071,156,100005,156,100077,56,99989,156,100080,156,99974,156,100084,156,99969,156,100085,100,99953,100,100087,100,99923,100,100100,100,99922,100,100105,100,99920,100,100107,100,99918,100
2019-06-28 09:37:50.000000000,100046,239,100041,239,100071,239,100005,239,100080,100,99989,100,100084,100,99974,100,100085,100,99969,100,100087,100,99953,100,100100,100,99923,100,100105,100,99922,100,100107,100,99920,100,100113,100,99918,100
2019-06-28 09:37:56.320474698,100046,239,100041,139,100071,239,100005,239,100080,100,99989,100,100084,100,99974,100,100085,100,99969,100,100087,100,99953,100,100100,100,99923,100,100105,100,99922,100,100107,100,99920,100,100113,100,99918,100
2019-06-28 09:38:00.000000000,100046,170,100005,170,100071,170,99989,170,100080,170,99974,170,100084,170,99969,170,100085,100,99953,100,100087,100,99923,100,100100,100,99922,100,100105,100,99920,100,100107,100,99918,100,100113,100,99909,100
2019-06-28 09:38:10.000000000,100046,239,100005,239,100071,239,99989,239,100080,100,99974,100,100084,100,99969,100,100085,100,99953,100,100087,100,99923,100,100100,100,99922,100,100105,100,99920,100,100107,100,99918,100,100113,100,99909,100
2019-06-28 09:38:10.045698837,100046,239,100005,239,100071,239,99989,239,100080,100,99974,100,100084,100,99969,100,100087,100,99953,100,100100,100,99923,100,100105,100,99922,100,100107,100,99920,100,100113,100,99918,100,100120,100,99909,100
2019-06-28 09:38:20.000000000,100046,195,100005,195,100071,192,99989,192,100080,192,99974,192,100084,100,99969,100,100087,100,99953,100,100100,100,99923,100,100105,100,99922,100,100107,100,99920,100,100113,100,99918,100,100120,100,99909,100
2019-06-28 09:38:23.754571840,100046,195,100005,195,100071,192,99989,192,100080,192,99974,192,100084,100,99969,100,100087,100,99953,100,100100,100,99923,100,100105,100,99922,100,100107,100,99920,100,100113,100,99918,100,100120,100,99909,100
2019-06-28 09:38:27.163047313,100046,195,100005,95,100071,192,99989,192,100080,192,99974,192,100084,100,99969,100,100087,100,99953,100,100100,100,99923,100,100105,100,99922,100,100107,100,99920,100,100113,100,99918,100,100120,100,99909,100
2019-06-28 09:38:29.360059857,100005,5,99989,192,100046,195,99974,192,100071,192,99969,100,100080,192,99953,100,100084,100,99923,100,100087,100,99922,100,100100,100,99920,100,100107,100,99918,100,100113,100,99909,100,100120,100,99861,100
2019-06-28 09:38:30.000000000,100005,100,99989,195,100046,192,99974,192,100071,192,99969,192,100080,100,99953,100,100084,100,99923,100,100087,100,99922,100,100100,100,99920,100,100107,100,99918,100,100113,100,99909,100,100120,100,99861,100
2019-06-28 09:38:40.000000000,100005,144,99989,239,100046,239,99974,239,100071,100,99969,100,100080,100,99953,100,100084,100,99923,100,100087,100,99922,100,100100,100,99920,100,100107,100,99918,100,100113,100,99909,100,100120,100,99861,100
2019-06-28 09:38:50.000000000,100005,61,99989,156,100046,156,99974,156,100071,156,99969,156,100080,156,99953,156,100084,156,99923,156,100087,100,99922,100,100100,100,99920,100,100107,100,99918,100,100113,100,99909,100,100120,100,99861,100
2019-06-28 09:39:00.000000000,100005,100,99989,195,100046,192,99974,192,100071,192,99969,192,100080,100,99953,100,100084,100,99923,100,100087,100,99922,100,100100,100,99920,100,100107,100,99918,100,100113,100,99909,100,100120,100,99861,100
2019-06-28 09:39:08.532652745,100005,100,99989,95,100046,192,99974,192,100071,192,99969,192,100080,100,99953,100,100084,100,99923,100,100087,100,99922,100,100100,100,99920,100,100107,100,99918,100,100113,100,99909,100,100120,100,99861,100
2019-06-28 09:39:10.000000000,100005,61,99974,156,100046,156,99969,156,100071,156,99953,156,100080,156,99923,156,100084,156,99922,156,100087,100,99920,100,100100,100,99918,100,100107,100,99909,100,100113,100,99861,100,100120,100,99856,100
2019-06-28 09:39:16.574715281,100005,61,99974,56,100046,156,99969,156,100071,156,99953,156,100080,156,99923,156,100084,156,99922,156,100087,100,99920,100,100100,100,99918,100,100113,100,99909,100,100120,100,99861,100,100142,100,99856,100
2019-06-28 09:39:20.000000000,100005,100,99969,195,100046,192,99953,192,100071,192,99923,192,100080,100,99922,100,100084,100,99920,100,100087,100,99918,100,100100,100,99909,100,100113,100,99861,100,100120,100,99856,100,100142,100,99839,100
2019-06-28 09:39:30.000000000,100005,75,99969,170,100046,170,99953,170,100071,170,99923,170,100080,170,99922,170,100084,100,99920,100,100087,100,99918,100,100100,100,99909,100,100113,100,99861,100,100120,100,99856,100,100142,100,99839,100
2019-06-28 09:39:35.802705915,100005,75,99969,170,100046,170,99953,170,100071,170,99923,170,100080,170,99922,170,100084,100,99920,100,100087,100,99918,100,100100,100,99909,100,100113,100,99861,100,100120,100,99856,100,100142,100,99839,100
2019-06-28 09:39:40.000000000,100005,61,99969,156,100046,156,99953,156,100071,156,99923,156,100080,156,99922,156,100084,156,99920,156,100087,100,99918,100,100100,100,99909,100,100113,100,99861,100,100120,100,99856,100,100142,100,99839,100
2019-06-28 09:39:41.713484363,99989,100,99969,156,100005,61,99953,156,100046,156,99923,156,100071,156,99922,156,100080,156,99920,156,100084,156,99918,100,100087,100,99909,100,100100,100,99861,100,100113,100,99856,100,100120,100,99839,100
2019-06-28 09:39:47.849767035,99989,100,99969,156,100005,61,99953,156,100046,156,99923,156,100071,156,99922,156,100080,156,99920,156,100084,156,99918,100,100087,100,99909,100,100100,100,99861,100,100113,100,99856,100,100120,100,99839,100
2019-06-28 09:39:50.000000000,99989,239,99969,239,100005,144,99953,239,100046,100,99923,100,100071,100,99922,100,100080,100,99920,100,100084,100,99918,100,100087,100,99909,100,100100,100,99861,100,100113,100,99856,100,100120,100,99839,100
2019-06-28 09:40:00.000000000,99989,239,99969,239,100005,144,99953,239,100046,100,99923,100,100071,100,99922,100,100080,100,99920,100,100084,100,99918,100,100087,100,99909,100,100100,100,99861,100,100113,100,99856,100,100120,100,99839,100
2019-06-28 09:40:00.312966235,99989,239,99969,139,100005,144,99953,239,100046,100,99923,100,100071,100,99922,100,100080,100,99920,100,100084,100,99918,100,100087,100,99909,100,100100,100,99861,100,100113,100,99856,100,100120,100,99839,100
2019-06-28 09:40:10.000000000,99989,156,99953,156,100005,61,99923,156,100046,156,99922,156,100071,156,99920,156,100080,156,99918,156,100084,100,99909,100,100087,100,99861,100,100100,100,99856,100,100113,100,99839,100,100120,100,99837,100
2019-06-28 09:40:15.757309178,99989,156,99953,56,100005,61,99923,156,100046,156,99922,156,100071,156,99920,156,100080,156,99918,156,100084,100,99909,100,100087,100,99861,100,100100,100,99856,100,100113,100,99839,100,100120,100,99837,100
2019-06-28 09:40:20.000000000,99989,156,99923,156,100005,61,99922,156,100046,156,99920,156,100071,156,99918,156,100080,156,99909,156,100084,100,99861,100,100087,100,99856,100,100100,100,99839,100,100113,100,99837,100,100120,100,99824,100
2019-06-28 09:40:20.963223907,99969,100,99923,156,99989,156,99922,156,100005,61,99920,156,100046,156,99918,156,100071,156,99909,156,100080,156,99861,100,100084,100,99856,100,100087,100,99839,100,100100,100,99837,100,100113,100,99824,100
2019-06-28 09:40:30.000000000,99969,156,99923,156,99989,156,99922,156,100005,61,99920,156,100046,156,99918,156,100071,156,99909,156,100080,100,99861,100,100084,100,99856,100,100087,100,99839,100,100100,100,99837,100,100113,100,99824,100
2019-06-28 09:40:38.936137326,99969,156,99923,156,99989,156,99922,156,100005,61,99920,156,100046,156,99918,156,100071,156,99909,156,100080,100,99861,100,100084,100,99856,100,100087,100,99839,100,100100,100,99837,100,100113,100,99824,100
2019-06-28 09:40:40.000000000,99969,195,99923,195,99989,192,99922,192,100005,97,99920,192,100046,100,99918,100,100071,100,99909,100,100080,100,99861,100,100084,100,99856,100,100087,100,99839,100,100100,100,99837,100,100113,100,99824,100
2019-06-28 09:40:46.250008062,99969,295,99923,195,99989,192,99922,192,100005,97,99920,192,100046,100,99918,100,100071,100,99909,100,100080,100,99861,100,100084,100,99856,100,100087,100,99839,100,100100,100,99837,100,100113,100,99824,100
2019-06-28 09:40:50.000000000,99969,295,99923,195,99989,192,99922,192,100005,97,99920,192,100046,100,99918,100,100071,100,99909,100,100080,100,99861,100,100084,100,99856,100,100087,100,99839,100,100100,100,99837,100,100113,100,99824,100
2019-06-28 09:41:00.000000000,99969,339,99923,239,99989,239,99922,239,100005,5,99920,100,100046,100,99918,100,100071,100,99909,100,100080,100,99861,100,100084,100,99856,100,100087,100,99839,100,100100,100,99837,100,100113,100,99824,100
2019-06-28 09:41:10.000000000,99969,270,99923,170,99989,170,99922,170,100005,75,99920,170,100046,170,99918,170,100071,100,99909,100,100080,100,99861,100,100084,100,99856,100,100087,100,99839,100,100100,100,99837,100,100113,100,99824,100
2019-06-28 09:41:10.688348557,99969,270,99933,100,99989,170,99923,170,100005,75,99922,170,100046,170,99920,170,100071,100,99918,170,100080,100,99909,100,100084,100,99861,100,100087,100,99856,100,100100,100,99839,100,100113,100,99837,100
2019-06-28 09:41:20.000000000,99969,295,99933,195,99989,192,99923,192,100005,97,99922,192,100046,100,99920,100,100071,100,99918,100,100080,100,99909,100,100084,100,99861,100,100087,100,99856,100,100100,100,99839,100,100113,100,99837,100
2019-06-28 09:41:26.933438785,99969,295,99933,195,99989,192,99923,192,100005,97,99922,192,100046,100,99920,100,100071,100,99918,100,100080,100,99909,100,100084,100,99861,100,100087,100,99856,100,100100,100,99839,100,100113,100,99837,100
2019-06-28 09:41:30.000000000,99969,270,99933,170,99989,170,99923,170,100005,75,99922,170,100046,170,99920,170,100071,100,99918,100,100080,100,99909,100,100084,100,99861,100,100087,100,99856,100,100100,100,99839,100,100113,100,99837,100
2019-06-28 09:41:32.856565763,99969,270,99933,170,99989,170,99923,170,100005,75,99922,170,100046,170,99920,170,100071,100,99918,100,100080,100,99909,100,100084,100,99861,100,100100,100,99856,100,100113,100,99839,100,100146,100,99837,100
2019-06-28 09:41:40.000000000,99969,339,99933,239,99989,239,99923,239,100005,5,99922,100,100046,100,99920,100,100071,100,99918,100,100080,100,99909,100,100084,100,99861,100,100100,100,99856,100,100113,100,99839,100,100146,100,99837,100
2019-06-28 09:41:50.000000000,99969,339,99933,239,99989,239,99923,239,100005,5,99922,100,100046,100,99920,100,100071,100,99918,100,100080,100,99909,100,100084,100,99861,100,100100,100,99856,100,100113,100,99839,100,100146,100,99837,100
2019-06-28 09:41:56.859899384,99969,439,99933,239,99989,239,99923,239,100005,5,99922,100,100046,100,99920,100,100071,100,99918,100,100080,100,99909,100,100084,100,99861,100,100100,100,99856,100,100113,100,99839,100,100146,100,99837,100
2019-06-28 09:42:00.000000000,99969,578,99933,378,99989,100,99923,100,100005,5,99922,100,100046,100,99920,100,100071,100,99918,100,100080,100,99909,100,100084,100,99861,100,100100,100,99856,100,100113,100,99839,100,100146,100,99837,100
2019-06-28 09:42:10.000000000,99969,395,99933,195,99989,192,99923,192,100005,97,99922,192,100046,100,99920,100,100071,100,99918,100,100080,100,99909,100,100084,100,99861,100,100100,100,99856,100,100113,100,99839,100,100146,100,99837,100
2019-06-28 09:42:20.000000000,99969,578,99933,378,99989,100,99923,100,100005,5,99922,100,100046,100,99920,100,100071,100,99918,100,100080,100,99909,100,100084,100,99861,100,100100,100,99856,100,100113,100,99839,100,100146,100,99837,100
2019-06-28 09:42:30.000000000,99969,395,99933,195,99989,192,99923,192,100005,97,99922,192,100046,100,99920,100,100071,100,99918,100,100080,100,99909,100,100084,100,99861,100,100100,100,99856,100,100113,100,99839,100,100146,100,99837,100
2019-06-28 09:42:40.000000000,99969,370,99933,170,99989,170,99923,170,100005,75,99922,170,100046,170,99920,170,100071,100,99918,100,100080,100,99909,100,100084,100,99861,100,100100,100,99856,100,100113,100,99839,100,100146,100,99837,100
2019-06-28 09:42:50.000000000,99969,356,99933,156,99989,156,99923,156,100005,61,99922,156,100046,156,99920,156,100071,156,99918,156,100080,100,99909,100,100084,100,99861,100,100100,100,99856,100,100113,100,99839,100,100146,100,99837,100
2019-06-28 09:43:00.000000000,99969,578,99933,378,99989,100,99923,100,100005,5,99922,100,100046,100,99920,100,100071,100,99918,100,100080,100,99909,100,100084,100,99861,100,100100,100,99856,100,100113,100,99839,100,100146,100,99837,100
2019-06-28 09:43:04.241645036,99969,578,99933,278,99989,100,99923,100,100005,5,99922,100,100046,100,99920,100,100071,100,99918,100,100080,100,99909,100,100084,100,99861,100,100100,100,99856,100,100113,100,99839,100,100146,100,99837,100
2019-06-28 09:43:10.000000000,99969,370,99923,170,99989,170,99922,170,100005,75,99920,170,100046,170,99918,170,100071,100,99909,100,100080,100,99861,100,100084,100,99856,100,100100,100,99839,100,100113,100,99837,100,100146,100,99824,100
2019-06-28 09:43:14.348956560,99953,100,99923,170,99969,370,99922,170,99989,170,99920,170,100005,75,99918,170,100046,170,99909,100,100071,100,99861,100,100080,100,99856,100,100084,100,99839,100,100100,100,99837,100,100113,100,99824,100
2019-06-28 09:43:20.000000000,99953,195,99923,195,99969,392,99922,192,99989,192,99920,192,100005,5,99918,100,100046,100,99909,100,100071,100,99861,100,100080,100,99856,100,100084,100,99839,100,100100,100,99837,100,100113,100,99824,100
2019-06-28 09:43:30.000000000,99953,239,99923,239,99969,439,99922,239,99989,100,99920,100,100005,5,99918,100,100046,100,99909,100,100071,100,99861,100,100080,100,99856,100,100084,100,99839,100,100100,100,99837,100,100113,100,99824,100
2019-06-28 09:43:40.000000000,99953,170,99923,170,99969,370,99922,170,99989,170,99920,170,100005,75,99918,170,100046,100,99909,100,100071,100,99861,100,100080,100,99856,100,100084,100,99839,100,100100,100,99837,100,100113,100,99824,100
2019-06-28 09:43:46.046945077,99953,270,99923,170,99969,370,99922,170,99989,170,99920,170,100005,75,99918,170,100046,100,99909,100,100071,100,99861,100,100080,100,99856,100,100084,100,99839,100,100100,100,99837,100,100113,100,99824,100
2019-06-28 09:43:50.000000000,99953,256,99923,156,99969,356,99922,156,99989,156,99920,156,100005,61,99918,156,100046,156,99909,156,100071,100,99861,100,100080,100,99856,100,100084,100,99839,100,100100,100,99837,100,100113,100,99824,100
2019-06-28 09:44:00.000000000,99953,478,99923,378,99969,300,99922,100,99989,100,99920,100,100005,5,99918,100,100046,100,99909,100,100071,100,99861,100,100080,100,99856,100,100084,100,99839,100,100100,100,99837,100,100113,100,99824,100
2019-06-28 09:44:10.000000000,99953,478,99923,378,99969,300,99922,100,99989,100,99920,100,100005,5,99918,100,100046,100,99909,100,100071,100,99861,100,100080,100,99856,100,100084,100,99839,100,100100,100,99837,100,100113,100,99824,100
2019-06-28 09:44:20.000000000,99953,270,99923,170,99969,370,99922,170,99989,170,99920,170,100005,75,99918,170,100046,100,99909,100,100071,100,99861,100,100080,100,99856,100,100084,100,99839,100,100100,100,99837,100,100113,100,99824,100
2019-06-28 09:44:30.000000000,99953,478,99923,378,99969,300,99922,100,99989,100,99920,100,100005,5,99918,100,100046,100,99909,100,100071,100,99861,100,100080,100,99856,100,100084,100,99839,100,100100,100,99837,100,100113,100,99824,100
2019-06-28 09:44:30.382409225,99953,478,99923,378,99969,300,99922,100,99989,100,99920,100,100005,5,99918,100,100046,100,99909,100,100071,100,99861,100,100080,100,99856,100,100084,100,99839,100,100100,100,99837,100,100113,100,99824,100
2019-06-28 09:44:40.000000000,99953,270,99923,170,99969,370,99922,170,99989,170,99920,170,100005,75,99918,170,100046,100,99909,100,100071,100,99861,100,100080,100,99856,100,100084,100,99839,100,100100,100,99837,100,100113,100,99824,100
2019-06-28 09:44:50.000000000,99953,270,99923,170,99969,370,99922,170,99989,170,99920,170,100005,75,99918,170,100046,100,99909,100,100071,100,99861,100,100080,100,99856,100,100084,100,99839,100,100100,100,99837,100,100113,100,99824,100
2019-06-28 09:44:56.122383103,99953,170,99923,170,99969,370,99922,170,99989,170,99920,170,100005,75,99918,170,100046,100,99909,100,100080,100,99861,100,100084,100,99856,100,100100,100,99839,100,100113,100,99837,100,100146,100,99824,100
2019-06-28 09:45:00.000000000,99953,170,99923,170,99969,370,99922,170,99989,170,99920,170,100005,75,99918,170,100046,100,99909,100,100080,100,99861,100,100084,100,99856,100,100100,100,99839,100,100113,100,99837,100,100146,100,99824,100
2019-06-28 09:45:03.982390054,99953,170,99923,170,99969,370,99922,170,99989,170,99920,170,100005,75,99918,170,100046,100,99909,100,100080,100,99861,100,100084,100,99856,100,100100,100,99839,100,100113,100,99837,100,100146,100,99824,100
2019-06-28 09:45:10.000000000,99953,156,99923,156,99969,356,99922,156,99989,156,99920,156,100005,61,99918,156,100046,156,99909,156,100080,100,99861,100,100084,100,99856,100,100100,100,99839,100,100113,100,99837,100,100146,100,99824,100
2019-06-28 09:45:20.000000000,99953,378,99923,378,99969,300,99922,100,99989,100,99920,100,100005,5,99918,100,100046,100,99909,100,100080,100,99861,100,100084,100,99856,100,100100,100,99839,100,100113,100,99837,100,100146,100,99824,100
2019-06-28 09:45:24.746177410,99953,278,99923,378,99969,300,99922,100,99989,100,99920,100,100005,5,99918,100,100046,100,99909,100,100080,100,99861,100,100084,100,99856,100,100100,100,99839,100,100113,100,99837,100,100146,100,99824,100
2019-06-28 09:45:30.000000000,99969,356,99923,156,99989,156,99922,156,100005,61,99920,156,100046,156,99918,156,100080,156,99909,156,100084,100,99861,100,100100,100,99856,100,100113,100,99839,100,100146,100,99837,100,100151,100,99824,100
2019-06-28 09:45:35.962198080,99969,356,99923,156,99989,156,99922,156,100005,61,99920,156,100046,156,99918,56,100080,156,99909,156,100084,100,99861,100,100100,100,99856,100,100113,100,99839,100,100146,100,99837,100,100151,100,99824,100
2019-06-28 09:45:40.000000000,99969,439,99923,239,99989,239,99922,239,100005,5,99920,100,100046,100,99909,100,100080,100,99861,100,100084,100,99856,100,100100,100,99839,100,100113,100,99837,100,100146,100,99824,100,100151,100,99768,100
2019-06-28 09:45:50.000000000,99969,578,99923,378,99989,100,99922,100,100005,5,99920,100,100046,100,99909,100,100080,100,99861,100,100084,100,99856,100,100100,100,99839,100,100113,100,99837,100,100146,100,99824,100,100151,100,99768,100
2019-06-28 09:46:00.000000000,99969,370,99923,170,99989,170,99922,170,100005,75,99920,170,100046,170,99909,170,100080,100,99861,100,100084,100,99856,100,100100,100,99839,100,100113,100,99837,100,100146,100,99824,100,100151,100,99768,100
2019-06-28 09:46:05.388507493,99969,370,99923,170,99989,170,99922,170,100005,75,99920,170,100046,170,99909,170,100080,100,99861,100,100084,100,99856,100,100100,100,99839,100,100113,100,99837,100,100146,100,99824,100,100151,100,99768,100
2019-06-28 09:46:10.000000000,99969,356,99923,156,99989,156,99922,156,100005,61,99920,156,100046,156,99909,156,100080,156,99861,156,100084,100,99856,100,100100,100,99839,100,100113,100,99837,100,100146,100,99824,100,100151,100,99768,100
2019-06-28 09:46:13.727350266,99969,256,99923,156,99989,156,99922,156,100005,61,99920,156,100046,156,99909,156,100080,156,99861,56,100084,100,99856,100,100100,100,99839,100,100113,100,99837,100,100146,100,99824,100,100151,100,99768,100
2019-06-28 09:46:20.000000000,99969,256,99923,156,99989,156,99922,156,100005,61,99920,156,100046,156,99909,156,100080,156,99856,156,100084,100,99839,100,100100,100,99837,100,100113,100,99824,100,100146,100,99768,100,100151,100,99685,100
2019-06-28 09:46:30.000000000,99969,270,99923,170,99989,170,99922,170,100005,75,99920,170,100046,170,99909,170,100080,100,99856,100,100084,100,99839,100,100100,100,99837,100,100113,100,99824,100,100146,100,99768,100,100151,100,99685,100
2019-06-28 09:46:40.000000000,99969,256,99923,156,99989,156,99922,156,100005,61,99920,156,100046,156,99909,156,100080,156,99856,156,100084,100,99839,100,100100,100,99837,100,100113,100,99824,100,100146,100,99768,100,100151,100,99685,100
2019-06-28 09:46:48.222400874,99969,256,99923,156,99989,156,99922,156,100005,61,99920,156,100046,156,99909,156,100080,156,99856,156,100084,100,99839,100,100100,100,99837,100,100113,100,99824,100,100146,100,99768,100,100151,100,99600,100
2019-06-28 09:46:50.000000000,99969,270,99923,170,99989,170,99922,170,100005,75,99920,170,100046,170,99909,170,100080,100,99856,100,100084,100,99839,100,100100,100,99837,100,100113,100,99824,100,100146,100,99768,100,100151,100,99600,100
2019-06-28 09:46:53.898878828,99969,270,99923,170,99989,170,99922,170,100005,75,99920,170,100046,170,99909,70,100080,100,99856,100,100084,100,99839,100,100100,100,99837,100,100113,100,99824,100,100146,100,99768,100,100151,100,99600,100
2019-06-28 09:47:00.000000000,99969,478,99923,378,99989,100,99922,100,100005,5,99920,100,100046,100,99856,100,100080,100,99839,100,100084,100,99837,100,100100,100,99824,100,100113,100,99768,100,100146,100,99600,100,100151,100,99459,100
2019-06-28 09:47:01.666033952,99969,478,99923,378,99989,100,99922,100,100005,5,99920,100,100046,100,99856,100,100080,100,99839,100,100084,100,99837,100,100100,100,99824,100,100113,100,99768,100,100146,100,99600,100,100151,100,99459,100
2019-06-28 09:47:06.255460707,99969,478,99923,378,99989,100,99922,100,100005,5,99920,100,100046,100,99856,100,100084,100,99839,100,100100,100,99837,100,100113,100,99824,100,100146,100,99768,100,100151,100,99600,100,100185,100,99459,100
2019-06-28 09:47:10.000000000,99969,339,99923,239,99989,239,99922,239,100005,5,99920,100,100046,100,99856,100,100084,100,99839,100,100100,100,99837,100,100113,100,99824,100,100146,100,99768,100,100151,100,99600,100,100185,100,99459,100
2019-06-28 09:47:20.000000000,99969,256,99923,156,99989,156,99922,156,100005,61,99920,156,100046,156,99856,156,100084,156,99839,156,100100,100,99837,100,100113,100,99824,100,100146,100,99768,100,100151,100,99600,100,100185,100,99459,100
2019-06-28 09:47:23.479325517,99969,256,99923,156,99989,156,99922,156,100005,61,99920,156,100046,156,99856,156,100084,156,99839,156,100100,100,99837,100,100113,100,99824,100,100146,100,99768,100,100151,100,99600,100,100152,100,99459,100
2019-06-28 09:47:30.000000000,99969,295,99923,195,99989,192,99922,192,100005,97,99920,192,100046,100,99856,100,100084,100,99839,100,100100,100,99837,100,100113,100,99824,100,100146,100,99768,100,100151,100,99600,100,100152,100,99459,100
2019-06-28 09:47:30.870201443,99969,295,99953,100,99989,192,99923,195,100005,97,99922,192,100046,100,99920,192,100084,100,99856,100,100100,100,99839,100,100113,100,99837,100,100146,100,99824,100,100151,100,99768,100,100152,100,99600,100
2019-06-28 09:47:33.523199983,99969,295,99953,100,99989,192,99923,195,100005,97,99922,192,100046,100,99920,192,100084,200,99856,100,100100,100,99839,100,100113,100,99837,100,100146,100,99824,100,100151,100,99768,100,100152,100,99600,100
2019-06-28 09:47:40.000000000,99969,295,99953,195,99989,192,99923,192,100005,97,99922,192,100046,100,99920,100,100084,200,99856,100,100100,100,99839,100,100113,100,99837,100,100146,100,99824,100,100151,100,99768,100,100152,100,99600,100
2019-06-28 09:47:50.000000000,99969,339,99953,239,99989,239,99923,239,100005,5,99922,100,100046,100,99920,100,100084,200,99856,100,100100,100,99839,100,100113,100,99837,100,100146,100,99824,100,100151,100,99768,100,100152,100,99600,100
2019-06-28 09:47:55.788756110,99969,339,99953,139,99989,239,99923,239,100005,5,99922,100,100046,100,99920,100,100084,200,99856,100,100100,100,99839,100,100113,100,99837,100,100146,100,99824,100,100151,100,99768,100,100152,100,99459,100
2019-06-28 09:48:00.000000000,99969,270,99923,170,99989,170,99922,170,100005,75,99920,170,100046,170,99856,170,100084,200,99839,100,100100,100,99837,100,100113,100,99824,100,100146,100,99768,100,100151,100,99459,100,100152,100,99415,100
2019-06-28 09:48:09.740758519,99969,270,99923,170,99989,70,99922,170,100005,75,99920,170,100046,170,99856,170,100084,200,99839,100,100100,100,99837,100,100113,100,99824,100,100146,100,99768,100,100151,100,99459,100,100152,100,99415,100
2019-06-28 09:48:10.000000000,99969,295,99923,195,100005,97,99922,192,100046,192,99920,192,100084,200,99856,100,100100,100,99839,100,100113,100,99837,100,100146,100,99824,100,100151,100,99768,100,100152,100,99459,100,100185,100,99415,100
2019-06-28 09:48:20.000000000,99969,270,99923,170,100005,75,99922,170,100046,170,99920,170,100084,270,99856,170,100100,100,99839,100,100113,100,99837,100,100146,100,99824,100,100151,100,99768,100,100152,100,99459,100,100185,100,99415,100
2019-06-28 09:48:30.000000000,99969,478,99923,378,100005,5,99922,100,100046,100,99920,100,100084,200,99856,100,100100,100,99839,100,100113,100,99837,100,100146,100,99824,100,100151,100,99768,100,100152,100,99459,100,100185,100,99415,100
2019-06-28 09:48:32.262040444,99969,478,99923,378,100005,5,99922,100,100046,100,99920,100,100084,200,99856,100,100100,100,99839,100,100113,100,99837,100,100146,100,99824,100,100151,100,99768,100,100152,100,99459,100,100185,100,99415,100
2019-06-28 09:48:36.683533536,99969,478,99923,378,100005,5,99922,100,100046,100,99920,100,100084,200,99856,100,100100,100,99839,100,100113,100,99837,100,100146,100,99824,100,100151,100,99768,100,100152,100,99459,100,100185,100,99415,100
2019-06-28 09:48:38.009727443,99969,478,99923,378,100005,5,99922,100,100046,100,99920,100,100084,200,99856,100,100100,100,99839,100,100113,100,99837,100,100146,100,99824,100,100151,100,99768,100,100152,100,99459,100,100185,100,99415,100
2019-06-28 09:48:40.000000000,99969,478,99923,378,100005,5,99922,100,100046,100,99920,100,100084,200,99856,100,100100,100,99839,100,100113,100,99837,100,100146,100,99824,100,100151,100,99768,100,100152,100,99459,100,100185,100,99415,100
2019-06-28 09:48:50.000000000,99969,339,99923,239,100005,144,99922,239,100046,100,99920,100,100084,200,99856,100,100100,100,99839,100,100113,100,99837,100,100146,100,99824,100,100151,100,99768,100,100152,100,99459,100,100185,100,99415,100
2019-06-28 09:49:00.000000000,99969,339,99923,239,100005,144,99922,239,100046,100,99920,100,100084,200,99856,100,100100,100,99839,100,100113,100,99837,100,100146,100,99824,100,100151,100,99768,100,100152,100,99459,100,100185,100,99415,100
2019-06-28 09:49:10.000000000,99969,295,99923,195,100005,97,99922,192,100046,192,99920,192,100084,200,99856,100,100100,100,99839,100,100113,100,99837,100,100146,100,99824,100,100151,100,99768,100,100152,100,99459,100,100185,100,99415,100
2019-06-28 09:49:14.008142603,99969,295,99954,100,100005,97,99923,195,100046,192,99922,192,100084,100,99920,192,100100,100,99856,100,100113,100,99839,100,100146,100,99837,100,100151,100,99824,100,100152,100,99768,100,100185,100,99459,100
2019-06-28 09:49:14.198566673,99969,195,99954,100,100005,97,99923,195,100046,192,99922,192,100084,100,99920,192,100100,100,99856,100,100113,100,99839,100,100146,100,99837,100,100151,100,99824,100,100152,100,99768,100,100185,100,99459,100
2019-06-28 09:49:20.000000000,99969,170,99954,170,100005,75,99923,170,100046,170,99922,170,100084,170,99920,170,100100,100,99856,100,100113,100,99839,100,100146,100,99837,100,100151,100,99824,100,100152,100,99768,100,100185,100,99459,100
2019-06-28 09:49:30.000000000,99969,156,99954,156,100005,61,99923,156,100046,156,99922,156,100084,156,99920,156,100100,156,99856,156,100113,100,99839,100,100146,100,99837,100,100151,100,99824,100,100152,100,99768,100,100185,100,99459,100
2019-06-28 09:49:30.043964744,99969,56,99954,156,100005,61,99923,156,100046,156,99922,156,100084,156,99920,156,100100,156,99856,156,100113,100,99839,100,100146,100,99837,100,100151,100,99824,100,100152,100,99768,100,100185,100,99459,100
2019-06-28 09:49:32.981137849,100005,61,99969,44,100046,156,99954,156,100084,156,99923,156,100100,156,99922,156,100113,100,99920,156,100146,100,99856,156,100151,100,99839,100,100152,100,99837,100,100185,100,99824,100,100266,100,99768,100
2019-06-28 09:49:36.557033502,100046,156,100005,39,100084,156,99969,44,100100,156,99954,156,100113,100,99923,156,100146,100,99922,156,100151,100,99920,156,100152,100,99856,156,100185,100,99839,100,100266,100,99837,100,100285,100,99824,100
2019-06-28 09:49:40.000000000,100046,239,100005,178,100084,239,99969,183,100100,100,99954,100,100113,100,99923,100,100146,100,99922,100,100151,100,99920,100,100152,100,99856,100,100185,100,99839,100,100266,100,99837,100,100285,100,99824,100
2019-06-28 09:49:50.000000000,100046,170,100005,109,100084,170,99969,114,100100,170,99954,170,100113,170,99923,170,100146,100,99922,100,100151,100,99920,100,100152,100,99856,100,100185,100,99839,100,100266,100,99837,100,100285,100,99824,100
2019-06-28 09:50:00.000000000,100046,378,100005,317,100084,100,99969,44,100100,100,99954,100,100113,100,99923,100,100146,100,99922,100,100151,100,99920,100,100152,100,99856,100,100185,100,99839,100,100266,100,99837,100,100285,100,99824,100
2019-06-28 09:50:00.829035979,100046,378,100005,317,100084,100,99969,44,100100,100,99954,100,100113,100,99923,100,100146,100,99922,100,100151,100,99920,100,100152,100,99856,100,100185,100,99839,100,100266,100,99837,100,100285,100,99824,100
2019-06-28 09:50:10.000000000,100046,170,100005,109,100084,170,99969,114,100100,170,99954,170,100113,170,99923,170,100146,100,99922,100,100151,100,99920,100,100152,100,99856,100,100185,100,99839,100,100266,100,99837,100,100285,100,99824,100
2019-06-28 09:50:13.925358682,100046,70,100005,109,100084,170,99969,114,100100,170,99954,170,100113,170,99923,170,100146,100,99922,100,100151,100,99920,100,100152,100,99856,100,100185,100,99839,100,100266,100,99837,100,100285,100,99824,100
2019-06-28 09:50:20.000000000,100084,239,100005,178,100100,239,99969,183,100113,100,99954,100,100146,100,99923,100,100151,100,99922,100,100152,100,99920,100,100185,100,99856,100,100266,100,99839,100,100285,100,99837,100,100306,100,99824,100
2019-06-28 09:50:30.000000000,100084,195,100005,134,100100,192,99969,136,100113,192,99954,192,100146,100,99923,100,100151,100,99922,100,100152,100,99920,100,100185,100,99856,100,100266,100,99839,100,100285,100,99837,100,100306,100,99824,100
2019-06-28 09:50:33.198825956,100084,195,100006,100,100100,192,100005,134,100113,192,99969,136,100146,100,99954,192,100151,100,99923,100,100152,100,99922,100,100185,100,99920,100,100266,100,99856,100,100285,100,99839,100,100306,100,99837,100
2019-06-28 09:50:40.000000000,100084,378,100006,378,100100,100,100005,39,100113,100,99969,44,100146,100,99954,100,100151,100,99923,100,100152,100,99922,100,100185,100,99920,100,100266,100,99856,100,100285,100,99839,100,100306,100,99837,100
2019-06-28 09:50:50.000000000,100084,170,100006,170,100100,170,100005,109,100113,170,99969,114,100146,170,99954,170,100151,100,99923,100,100152,100,99922,100,100185,100,99920,100,100266,100,99856,100,100285,100,99839,100,100306,100,99837,100
2019-06-28 09:51:00.000000000,100084,170,100006,170,100100,170,100005,109,100113,170,99969,114,100146,170,99954,170,100151,100,99923,100,100152,100,99922,100,100185,100,99920,100,100266,100,99856,100,100285,100,99839,100,100306,100,99837,100
2019-06-28 09:51:10.000000000,100084,156,100006,156,100100,156,100005,95,100113,156,99969,100,100146,156,99954,156,100151,156,99923,156,100152,100,99922,100,100185,100,99920,100,100266,100,99856,100,100285,100,99839,100,100306,100,99837,100
2019-06-28 09:51:20.000000000,100084,239,100006,239,100100,239,100005,178,100113,100,99969,44,100146,100,99954,100,100151,100,99923,100,100152,100,99922,100,100185,100,99920,100,100266,100,99856,100,100285,100,99839,100,100306,100,99837,100
2019-06-28 09:51:29.759199260,100084,139,100006,239,100100,239,100005,178,100113,100,99954,100,100146,100,99923,100,100151,100,99922,100,100152,100,99920,100,100185,100,99856,100,100266,100,99839,100,100285,100,99837,100,100306,100,99824,100
2019-06-28 09:51:30.000000000,100100,156,100006,156,100113,156,100005,95,100146,156,99954,156,100151,156,99923,156,100152,156,99922,156,100185,100,99920,100,100266,100,99856,100,100285,100,99839,100,100306,100,99837,100,100319,100,99824,100
2019-06-28 09:51:38.528133278,100100,156,100046,100,100113,156,100006,156,100146,156,100005,95,100151,156,99954,156,100152,156,99923,156,100185,100,99922,156,100266,100,99920,100,100285,100,99856,100,100306,100,99839,100,100319,100,99837,100
2019-06-28 09:51:40.000000000,100100,156,100046,156,100113,156,100006,156,100146,156,100005,95,100151,156,99954,156,100152,156,99923,156,100185,100,99922,100,100266,100,99920,100,100285,100,99856,100,100306,100,99839,100,100319,100,99837,100
2019-06-28 09:51:42.480034596,100100,156,100046,156,100113,156,100006,156,100146,156,100005,95,100151,156,99954,156,100152,156,99923,156,100185,100,99920,100,100266,100,99856,100,100285,100,99839,100,100306,100,99837,100,100319,100,99824,100
2019-06-28 09:51:50.000000000,100100,195,100046,195,100113,192,100006,192,100146,192,100005,131,100151,100,99954,100,100152,100,99923,100,100185,100,99920,100,100266,100,99856,100,100285,100,99839,100,100306,100,99837,100,100319,100,99824,100
2019-06-28 09:52:00.000000000,100100,378,100046,378,100113,100,100006,100,100146,100,100005,39,100151,100,99954,100,100152,100,99923,100,100185,100,99920,100,100266,100,99856,100,100285,100,99839,100,100306,100,99837,100,100319,100,99824,100
2019-06-28 09:52:07.095488118,100100,278,100046,378,100113,100,100006,100,100146,100,100005,39,100151,100,99954,100,100152,100,99923,100,100185,100,99920,100,100266,100,99856,100,100285,100,99839,100,100306,100,99837,100,100319,100,99824,100
2019-06-28 09:52:10.000000000,100113,378,100046,378,100146,100,100006,100,100151,100,100005,39,100152,100,99954,100,100185,100,99923,100,100266,100,99920,100,100285,100,99856,100,100306,100,99839,100,100319,100,99837,100,100328,100,99824,100
2019-06-28 09:52:20.000000000,100113,239,100046,239,100146,239,100006,239,100151,100,100005,39,100152,100,99954,100,100185,100,99923,100,100266,100,99920,100,100285,100,99856,100,100306,100,99839,100,100319,100,99837,100,100328,100,99824,100
2019-06-28 09:52:28.648181964,100113,239,100046,239,100146,239,100006,239,100151,100,100005,39,100152,100,99954,100,100185,100,99923,100,100266,100,99920,100,100285,100,99839,100,100306,100,99837,100,100319,100,99824,100,100328,100,99768,100
2019-06-28 09:52:30.000000000,100113,378,100046,378,100146,100,100006,100,100151,100,100005,39,100152,100,99954,100,100185,100,99923,100,100266,100,99920,100,100285,100,99839,100,100306,100,99837,100,100319,100,99824,100,100328,100,99768,100
2019-06-28 09:52:34.183347178,100113,378,100084,100,100146,100,100046,378,100151,100,100005,39,100152,100,99954,100,100185,100,99923,100,100266,100,99920,100,100285,100,99839,100,100306,100,99837,100,100319,100,99824,100,100328,100,99768,100
2019-06-28 09:52:40.000000000,100113,378,100084,378,100146,100,100046,100,100151,100,100005,39,100152,100,99954,100,100185,100,99923,100,100266,100,99920,100,100285,100,99839,100,100306,100,99837,100,100319,100,99824,100,100328,100,99768,100
2019-06-28 09:52:50.000000000,100113,378,100084,378,100146,100,100046,100,100151,100,100005,39,100152,100,99954,100,100185,100,99923,100,100266,100,99920,100,100285,100,99839,100,100306,100,99837,100,100319,100,99824,100,100328,100,99768,100
2019-06-28 09:52:50.544891020,100113,278,100084,378,100146,100,100046,100,100151,100,100005,39,100152,100,99954,100,100185,100,99923,100,100266,100,99920,100,100285,100,99839,100,100306,100,99837,100,100319,100,99824,100,100328,100,99768,100
2019-06-28 09:52:59.062133975,100113,178,100084,378,100146,100,100046,100,100151,100,100005,39,100152,100,99954,100,100185,100,99923,100,100266,100,99920,100,100285,100,99839,100,100306,100,99837,100,100319,100,99824,100,100328,100,99768,100
2019-06-28 09:53:00.000000000,100146,156,100084,156,100151,156,100046,156,100152,156,100005,95,100185,156,99954,156,100266,156,99923,156,100285,100,99920,100,100306,100,99839,100,100319,100,99837,100,100328,100,99824,100,100390,100,99768,100
2019-06-28 09:53:05.122143652,100146,156,100084,156,100151,156,100046,156,100152,156,100005,95,100185,156,99954,156,100266,156,99923,156,100285,100,99920,100,100306,100,99839,100,100319,100,99837,100,100328,100,99824,100,100390,100,99768,100
2019-06-28 09:53:09.097718329,100146,156,100113,100,100151,156,100084,156,100152,156,100046,156,100185,156,100005,95,100266,156,99954,156,100285,100,99923,156,100306,100,99920,100,100319,100,99839,100,100328,100,99837,100,100390,100,99824,100
2019-06-28 09:53:10.000000000,100146,170,100113,170,100151,170,100084,170,100152,170,100046,170,100185,170,100005,109,100266,100,99954,100,100285,100,99923,100,100306,100,99920,100,100319,100,99839,100,100328,100,99837,100,100390,100,99824,100
2019-06-28 09:53:11.588949450,100146,170,100113,170,100151,170,100084,170,100152,170,100046,170,100185,170,100005,109,100266,100,99954,100,100285,100,99923,100,100306,100,99920,100,100328,100,99839,100,100390,100,99837,100,100391,100,99824,100
2019-06-28 09:53:20.000000000,100146,170,100113,170,100151,170,100084,170,100152,170,100046,170,100185,170,100005,109,100266,100,99954,100,100285,100,99923,100,100306,100,99920,100,100328,100,99839,100,100390,100,99837,100,100391,100,99824,100
2019-06-28 09:53:30.000000000,100146,239,100113,239,100151,239,100084,239,100152,100,100046,100,100185,100,100005,39,100266,100,99954,100,100285,100,99923,100,100306,100,99920,100,100328,100,99839,100,100390,100,99837,100,100391,100,99824,100
2019-06-28 09:53:40.000000000,100146,195,100113,195,100151,192,100084,192,100152,192,100046,192,100185,100,100005,39,100266,100,99954,100,100285,100,99923,100,100306,100,99920,100,100328,100,99839,100,100390,100,99837,100,100391,100,99824,100
2019-06-28 09:53:43.836470548,100146,95,100113,195,100151,192,100084,192,100152,192,100046,192,100185,100,100005,39,100266,100,99954,100,100285,100,99923,100,100306,100,99920,100,100328,100,99839,100,100390,100,99837,100,100391,100,99824,100
2019-06-28 09:53:46.971948832,100151,192,100146,5,100152,192,100113,195,100185,100,100084,192,100266,100,100046,192,100285,100,100005,39,100306,100,99954,100,100328,100,99923,100,100390,100,99920,100,100391,100,99839,100,100469,100,99837,100
2019-06-28 09:53:50.000000000,100151,378,100146,283,100152,100,100113,100,100185,100,100084,100,100266,100,100046,100,100285,100,100005,39,100306,100,99954,100,100328,100,99923,100,100390,100,99920,100,100391,100,99839,100,100469,100,99837,100
2019-06-28 09:54:00.000000000,100151,156,100146,61,100152,156,100113,156,100185,156,100084,156,100266,156,100046,156,100285,156,100005,95,100306,100,99954,100,100328,100,99923,100,100390,100,99920,100,100391,100,99839,100,100469,100,99837,100
2019-06-28 09:54:10.000000000,100151,378,100146,283,100152,100,100113,100,100185,100,100084,100,100266,100,100046,100,100285,100,100005,39,100306,100,99954,100,100328,100,99923,100,100390,100,99920,100,100391,100,99839,100,100469,100,99837,100
2019-06-28 09:54:10.994542192,100151,378,100146,283,100152,100,100113,100,100185,100,100084,100,100266,100,100046,100,100285,100,100005,39,100328,100,99954,100,100390,100,99923,100,100391,100,99920,100,100469,100,99839,100,100472,100,99837,100
2019-06-28 09:54:20.000000000,100151,378,100146,283,100152,100,100113,100,100185,100,100084,100,100266,100,100046,100,100285,100,100005,39,100328,100,99954,100,100390,100,99923,100,100391,100,99920,100,100469,100,99839,100,100472,100,99837,100
2019-06-28 09:54:30.000000000,100151,156,100146,61,100152,156,100113,156,100185,156,100084,156,100266,156,100046,156,100285,156,100005,95,100328,100,99954,100,100390,100,99923,100,100391,100,99920,100,100469,100,99839,100,100472,100,99837,100
2019-06-28 09:54:40.000000000,100151,170,100146,75,100152,170,100113,170,100185,170,100084,170,100266,170,100046,170,100285,100,100005,39,100328,100,99954,100,100390,100,99923,100,100391,100,99920,100,100469,100,99839,100,100472,100,99837,100
2019-06-28 09:54:50.000000000,100151,170,100146,75,100152,170,100113,170,100185,170,100084,170,100266,170,100046,170,100285,100,100005,39,100328,100,99954,100,100390,100,99923,100,100391,100,99920,100,100469,100,99839,100,100472,100,99837,100
2019-06-28 09:54:52.306303897,100151,70,100146,75,100152,170,100113,170,100185,170,100084,170,100266,170,100046,170,100285,100,100005,39,100328,100,99954,100,100390,100,99923,100,100391,100,99920,100,100469,100,99839,100,100472,100,99837,100
2019-06-28 09:55:00.000000000,100152,378,100146,283,100185,100,100113,100,100266,100,100084,100,100285,100,100046,100,100328,100,100005,39,100390,100,99954,100,100391,100,99923,100,100469,100,99920,100,100472,100,99839,100,100532,100,99837,100
2019-06-28 09:55:00.381135622,100152,378,100146,283,100185,100,100113,100,100266,100,100084,100,100285,100,100046,100,100328,100,100005,39,100366,100,99954,100,100390,100,99923,100,100391,100,99920,100,100469,100,99839,100,100472,100,99837,100
2019-06-28 09:55:10.000000000,100152,170,100146,75,100185,170,100113,170,100266,170,100084,170,100285,170,100046,170,100328,100,100005,39,100366,100,99954,100,100390,100,99923,100,100391,100,99920,100,100469,100,99839,100,100472,100,99837,100
2019-06-28 09:55:10.115404287,100152,70,100146,75,100185,170,100113,170,100266,170,100084,170,100285,170,100046,170,100328,100,100005,39,100366,100,99954,100,100390,100,99923,100,100391,100,99920,100,100469,100,99839,100,100472,100,99837,100
2019-06-28 09:55:20.000000000,100185,239,100146,144,100266,239,100113,239,100285,100,100084,100,100328,100,100046,100,100366,100,100005,39,100390,100,99954,100,100391,100,99923,100,100469,100,99920,100,100472,100,99839,100,100532,100,99837,100
2019-06-28 09:55:30.000000000,100185,239,100146,144,100266,239,100113,239,100285,100,100084,100,100328,100,100046,100,100366,100,100005,39,100390,100,99954,100,100391,100,99923,100,100469,100,99920,100,100472,100,99839,100,100532,100,99837,100
2019-06-28 09:55:30.492351941,100185,239,100146,144,100266,239,100113,239,100285,100,100084,100,100328,100,100046,100,100366,100,100005,39,100390,100,99923,100,100391,100,99920,100,100469,100,99839,100,100472,100,99837,100,100532,100,99824,100
2019-06-28 09:55:40.000000000,100185,378,100146,283,100266,100,100113,100,100285,100,100084,100,100328,100,100046,100,100366,100,100005,39,100390,100,99923,100,100391,100,99920,100,100469,100,99839,100,100472,100,99837,100,100532,100,99824,100
2019-06-28 09:55:50.000000000,100185,378,100146,283,100266,100,100113,100,100285,100,100084,100,100328,100,100046,100,100366,100,100005,39,100390,100,99923,100,100391,100,99920,100,100469,100,99839,100,100472,100,99837,100,100532,100,99824,100
2019-06-28 09:56:00.000000000,100185,195,100146,100,100266,192,100113,192,100285,192,100084,192,100328,100,100046,100,100366,100,100005,39,100390,100,99923,100,100391,100,99920,100,100469,100,99839,100,100472,100,99837,100,100532,100,99824,100
2019-06-28 09:56:10.000000000,100185,156,100146,61,100266,156,100113,156,100285,156,100084,156,100328,156,100046,156,100366,156,100005,95,100390,100,99923,100,100391,100,99920,100,100469,100,99839,100,100472,100,99837,100,100532,100,99824,100
2019-06-28 09:56:14.115524401,100185,156,100146,61,100266,156,100113,156,100285,156,100084,56,100328,156,100046,156,100366,156,100005,95,100390,100,99923,100,100391,100,99920,100,100469,100,99839,100,100472,100,99837,100,100532,100,99824,100
2019-06-28 09:56:20.000000000,100185,195,100146,100,100266,192,100113,192,100285,192,100046,192,100328,100,100005,39,100366,100,99923,100,100390,100,99920,100,100391,100,99839,100,100469,100,99837,100,100472,100,99824,100,100532,100,99768,100
2019-06-28 09:56:30.000000000,100185,156,100146,61,100266,156,100113,156,100285,156,100046,156,100328,156,100005,95,100366,156,99923,156,100390,100,99920,100,100391,100,99839,100,100469,100,99837,100,100472,100,99824,100,100532,100,99768,100
2019-06-28 09:56:32.969099640,100146,39,100113,156,100185,156,100046,156,100266,156,100005,95,100285,156,99923,156,100328,156,99920,100,100366,156,99839,100,100390,100,99837,100,100391,100,99824,100,100469,100,99768,100,100472,100,99415,100
2019-06-28 09:56:40.000000000,100146,317,100113,378,100185,100,100046,100,100266,100,100005,39,100285,100,99923,100,100328,100,99920,100,100366,100,99839,100,100390,100,99837,100,100391,100,99824,100,100469,100,99768,100,100472,100,99415,100
2019-06-28 09:56:48.449396208,100146,317,100113,378,100150,100,100005,39,100185,100,99923,100,100266,100,99920,100,100285,100,99839,100,100328,100,99837,100,100366,100,99824,100,100390,100,99768,100,100391,100,99415,100,100469,100,99126,100
2019-06-28 09:56:50.000000000,100146,178,100113,239,100150,239,100005,178,100185,100,99923,100,100266,100,99920,100,100285,100,99839,100,100328,100,99837,100,100366,100,99824,100,100390,100,99768,100,100391,100,99415,100,100469,100,99126,100
2019-06-28 09:56:58.295164928,100146,178,100113,239,100150,239,100005,178,100185,100,99923,100,100208,100,99920,100,100266,100,99839,100,100328,100,99837,100,100366,100,99824,100,100390,100,99768,100,100391,100,99415,100,100469,100,99126,100
2019-06-28 09:57:00.000000000,100146,178,100113,239,100150,239,100005,178,100185,100,99923,100,100208,100,99920,100,100266,100,99839,100,100328,100,99837,100,100366,100,99824,100,100390,100,99768,100,100391,100,99415,100,100469,100,99126,100
2019-06-28 09:57:07.673032217,100146,178,100113,239,100150,239,100005,178,100185,100,99996,100,100208,100,99923,100,100266,100,99920,100,100328,100,99839,100,100366,100,99837,100,100390,100,99824,100,100391,100,99768,100,100469,100,99415,100
2019-06-28 09:57:10.000000000,100146,178,100113,239,100150,239,100005,178,100185,100,99996,100,100208,100,99923,100,100266,100,99920,100,100328,100,99839,100,100366,100,99837,100,100390,100,99824,100,100391,100,99768,100,100469,100,99415,100
2019-06-28 09:57:20.000000000,100146,109,100113,170,100150,170,100005,109,100185,170,99996,170,100208,170,99923,170,100266,100,99920,100,100328,100,99839,100,100366,100,99837,100,100390,100,99824,100,100391,100,99768,100,100469,100,99415,100
2019-06-28 09:57:30.000000000,100146,109,100113,170,100150,170,100005,109,100185,170,99996,170,100208,170,99923,170,100266,100,99920,100,100328,100,99839,100,100366,100,99837,100,100390,100,99824,100,100391,100,99768,100,100469,100,99415,100
2019-06-28 09:57:40.000000000,100146,317,100113,378,100150,100,100005,39,100185,100,99996,100,100208,100,99923,100,100266,100,99920,100,100328,100,99839,100,100366,100,99837,100,100390,100,99824,100,100391,100,99768,100,100469,100,99415,100
2019-06-28 09:57:45.795228848,100146,317,100113,278,100150,200,100005,39,100185,100,99996,100,100208,100,99923,100,100266,100,99920,100,100328,100,99839,100,100366,100,99837,100,100390,100,99824,100,100391,100,99768,100,100469,100,99415,100
2019-06-28 09:57:50.000000000,100146,134,100005,134,100150,292,99996,192,100185,192,99923,192,100208,100,99920,100,100266,100,99839,100,100328,100,99837,100,100366,100,99824,100,100390,100,99768,100,100391,100,99415,100,100469,100,99126,100
2019-06-28 09:58:00.000000000,100146,317,100005,317,100150,200,99996,100,100185,100,99923,100,100208,100,99920,100,100266,100,99839,100,100328,100,99837,100,100366,100,99824,100,100390,100,99768,100,100391,100,99415,100,100469,100,99126,100
2019-06-28 09:58:08.300987487,100146,317,100005,217,100150,200,99996,100,100185,100,99923,100,100208,100,99920,100,100266,100,99839,100,100328,100,99837,100,100366,100,99768,100,100390,100,99415,100,100391,100,99126,100,100469,100,,
2019-06-28 09:58:10.000000000,100146,109,99996,170,100150,270,99923,170,100185,170,99920,170,100208,170,99839,170,100266,100,99837,100,100328,100,99768,100,100366,100,99415,100,100390,100,99126,100,100391,100,,,100469,100,,
2019-06-28 09:58:20.000000000,100146,317,99996,378,100150,200,99923,100,100185,100,99920,100,100208,100,99839,100,100266,100,99837,100,100328,100,99768,100,100366,100,99415,100,100390,100,99126,100,100391,100,,,100469,100,,
2019-06-28 09:58:20.723952642,100145,100,99996,378,100146,317,99923,100,100150,100,99920,100,100185,100,99839,100,100208,100,99837,100,100266,100,99768,100,100328,100,99415,100,100366,100,99126,100,100390,100,,,100391,100,,
2019-06-28 09:58:30.000000000,100145,195,99996,195,100146,131,99923,192,100150,192,99920,192,100185,100,99839,100,100208,100,99837,100,100266,100,99768,100,100328,100,99415,100,100366,100,99126,100,100390,100,,,100391,100,,
2019-06-28 09:58:40.000000000,100145,195,99996,195,100146,131,99923,192,100150,192,99920,192,100185,100,99839,100,100208,100,99837,100,100266,100,99768,100,100328,100,99415,100,100366,100,99126,100,100390,100,,,100391,100,,
2019-06-28 09:58:50.000000000,100145,170,99996,170,100146,109,99923,170,100150,170,99920,170,100185,170,99839,170,100208,100,99837,100,100266,100,99768,100,100328,100,99415,100,100366,100,99126,100,100390,100,,,100391,100,,
2019-06-28 09:59:00.000000000,100145,195,99996,195,100146,131,99923,192,100150,192,99920,192,100185,100,99839,100,100208,100,99837,100,100266,100,99768,100,100328,100,99415,100,100366,100,99126,100,100390,100,,,100391,100,,
2019-06-28 09:59:10.000000000,100145,239,99996,239,100146,178,99923,239,100150,100,99920,100,100185,100,99839,100,100208,100,99837,100,100266,100,99768,100,100328,100,99415,100,100366,100,99126,100,100390,100,,,100391,100,,
2019-06-28 09:59:13.898810289,100145,239,99996,139,100146,178,99923,239,100150,100,99920,100,100185,100,99839,100,100208,100,99837,100,100266,100,99768,100,100328,100,99415,100,100366,100,99126,100,100390,100,,,100391,100,,
2019-06-28 09:59:20.000000000,100145,239,99923,239,100146,178,99920,239,100150,100,99839,100,100185,100,99837,100,100208,100,99768,100,100266,100,99415,100,100328,100,99126,100,100366,100,,,100390,100,,,100391,100,,
2019-06-28 09:59:30.000000000,100145,156,99923,156,100146,95,99920,156,100150,156,99839,156,100185,156,99837,156,100208,156,99768,156,100266,100,99415,100,100328,100,99126,100,100366,100,,,100390,100,,,100391,100,,
2019-06-28 09:59:40.000000000,100145,239,99923,239,100146,178,99920,239,100150,100,99839,100,100185,100,99837,100,100208,100,99768,100,100266,100,99415,100,100328,100,99126,100,100366,100,,,100390,100,,,100391,100,,
2019-06-28 09:59:50.000000000,100145,195,99923,195,100146,131,99920,192,100150,192,99839,192,100185,100,99837,100,100208,100,99768,100,100266,100,99415,100,100328,100,99126,100,100366,100,,,100390,100,,,100391,100,,
2019-06-28 10:00:00.000000000,100145,195,99923,195,100146,131,99920,192,100150,192,99839,192,100185,100,99837,100,100208,100,99768,100,100266,100,99415,100,100328,100,99126,100,100366,100,,,100390,100,,,100391,100,,
2019-06-28 10:00:05.346529369,100145,195,99923,195,100146,131,99920,192,100150,192,99839,192,100185,100,99837,100,100208,100,99768,100,100266,100,99415,100,100275,100,99126,100,100328,100,,,100366,100,,,100390,100,,
2019-06-28 10:00:05.844403491,100145,195,99923,195,100146,131,99920,192,100150,192,99839,192,100182,100,99837,100,100185,100,99768,100,100208,100,99415,100,100266,100,99126,100,100275,100,,,100328,100,,,100366,100,,
2019-06-28 10:00:10.000000000,100145,170,99923,170,100146,109,99920,170,100150,170,99839,170,100182,170,99837,170,100185,100,99768,100,100208,100,99415,100,100266,100,99126,100,100275,100,,,100328,100,,,100366,100,,
2019-06-28 10:00:20.000000000,100145,378,99923,378,100146,39,99920,100,100150,100,99839,100,100182,100,99837,100,100185,100,99768,100,100208,100,99415,100,100266,100,99126,100,100275,100,,,100328,100,,,100366,100,,
2019-06-28 10:00:21.457122878,100145,378,99923,378,100146,39,99920,100,100150,100,99839,100,100182,100,99837,100,100185,100,99768,100,100191,100,99415,100,100208,100,99126,100,100266,100,,,100275,100,,,100328,100,,
2019-06-28 10:00:27.949730304,100145,278,99923,378,100146,39,99920,100,100150,100,99839,100,100182,100,99768,100,100185,100,99415,100,100191,100,99126,100,100208,100,,,100266,100,,,100275,100,,,100328,100,,
2019-06-28 10:00:30.000000000,100146,109,99923,170,100150,170,99920,170,100182,170,99839,170,100185,170,99768,170,100191,100,99415,100,100208,100,99126,100,100266,100,,,100275,100,,,100328,100,,,100366,100,,
2019-06-28 10:00:40.000000000,100146,317,99923,378,100150,100,99920,100,100182,100,99839,100,100185,100,99768,100,100191,100,99415,100,100208,100,99126,100,100266,100,,,100275,100,,,100328,100,,,100366,100,,
2019-06-28 10:00:42.232207013,100146,317,100065,100,100150,100,99923,378,100182,100,99920,100,100185,100,99839,100,100191,100,99415,100,100208,100,99126,100,100266,100,,,100275,100,,,100328,100,,,100366,100,,
2019-06-28 10:00:44.042589406,100146,317,100065,100,100150,100,99923,378,100182,100,99920,100,100185,100,99839,100,100191,100,99415,100,100197,100,99126,100,100208,100,,,100266,100,,,100275,100,,,100328,100,,
2019-06-28 10:00:49.942112794,100146,317,100065,100,100182,100,99997,100,100185,100,99923,378,100191,100,99920,100,100197,100,99839,100,100208,100,99415,100,100266,100,99126,100,100275,100,,,100328,100,,,100366,100,,
2019-06-28 10:00:50.000000000,100146,109,100065,170,100182,170,99997,170,100185,170,99923,170,100191,170,99920,170,100197,100,99839,100,100208,100,99415,100,100266,100,99126,100,100275,100,,,100328,100,,,100366,100,,
2019-06-28 10:00:53.534863317,100146,109,100084,100,100182,170,100065,170,100185,170,99997,170,100191,170,99923,170,100197,100,99920,170,100208,100,99839,100,100266,100,99415,100,100275,100,99126,100,100366,100,,,100390,100,,
2019-06-28 10:01:00.000000000,100146,109,100084,170,100182,170,100065,170,100185,170,99997,170,100191,170,99923,170,100197,100,99920,100,100208,100,99839,100,100266,100,99415,100,100275,100,99126,100,100366,100,,,100390,100,,
2019-06-28 10:01:10.000000000,100146,317,100084,378,100182,100,100065,100,100185,100,99997,100,100191,100,99923,100,100197,100,99920,100,100208,100,99839,100,100266,100,99415,100,100275,100,99126,100,100366,100,,,100390,100,,
2019-06-28 10:01:18.649683347,100146,317,100084,278,100182,100,100065,100,100185,100,99997,100,100191,100,99923,100,100197,100,99920,100,100208,100,99839,100,100266,100,99415,100,100275,100,99126,100,100366,100,,,100390,100,,
2019-06-28 10:01:20.000000000,100146,95,100065,156,100182,156,99997,156,100185,156,99923,156,100191,156,99920,156,100197,156,99839,156,100208,100,99415,100,100266,100,99126,100,100275,100,,,100366,100,,,100390,100,,
2019-06-28 10:01:23.322131419,100146,95,100065,156,100182,156,99997,156,100185,156,99923,156,100191,156,99920,156,100197,56,99839,156,100208,100,99650,100,100266,100,99415,100,100275,100,99126,100,100366,100,,,100390,100,,
2019-06-28 10:01:30.000000000,100146,109,100065,170,100182,170,99997,170,100185,170,99923,170,100191,170,99920,170,100208,100,99839,100,100266,100,99650,100,100275,100,99415,100,100366,100,99126,100,100390,100,,,100391,100,,
2019-06-28 10:01:37.978285943,100146,109,100065,70,100182,170,99997,170,100185,170,99923,170,100191,170,99920,170,100208,100,99839,100,100266,100,99415,100,100275,100,99126,100,100366,100,,,100390,100,,,100391,100,,
2019-06-28 10:01:38.750028470,100146,109,100065,70,100182,170,99997,170,100185,170,99923,170,100191,170,99920,170,100195,100,99839,100,100208,100,99415,100,100266,100,99126,100,100275,100,,,100366,100,,,100390,100,,
2019-06-28 10:01:40.000000000,100146,134,99997,195,100182,192,99923,192,100185,192,99920,192,100191,100,99839,100,100195,100,99415,100,100208,100,99126,100,100266,100,,,100275,100,,,100366,100,,,100390,100,,
2019-06-28 10:01:46.096596874,100146,134,99997,195,100182,192,99923,192,100185,192,99920,192,100191,100,99839,100,100195,100,99415,100,100208,100,99126,100,100232,100,,,100266,100,,,100275,100,,,100366,100,,
2019-06-28 10:01:50.000000000,100146,178,99997,239,100182,239,99923,239,100185,100,99920,100,100191,100,99839,100,100195,100,99415,100,100208,100,99126,100,100232,100,,,100266,100,,,100275,100,,,100366,100,,
2019-06-28 10:01:55.417907684,100146,178,99997,239,100182,239,99923,239,100185,100,99920,100,100191,100,99848,100,100195,100,99839,100,100208,100,99415,100,100232,100,99126,100,100266,100,,,100275,100,,,100366,100,,
2019-06-28 10:02:00.000000000,100146,134,99997,195,100182,192,99923,192,100185,192,99920,192,100191,100,99848,100,100195,100,99839,100,100208,100,99415,100,100232,100,99126,100,100266,100,,,100275,100,,,100366,100,,
2019-06-28 10:02:10.000000000,100146,317,99997,378,100182,100,99923,100,100185,100,99920,100,100191,100,99848,100,100195,100,99839,100,100208,100,99415,100,100232,100,99126,100,100266,100,,,100275,100,,,100366,100,,
2019-06-28 10:02:20.000000000,100146,178,99997,239,100182,239,99923,239,100185,100,99920,100,100191,100,99848,100,100195,100,99839,100,100208,100,99415,100,100232,100,99126,100,100266,100,,,100275,100,,,100366,100,,
2019-06-28 10:02:30.000000000,100146,109,99997,170,100182,170,99923,170,100185,170,99920,170,100191,170,99848,170,100195,100,99839,100,100208,100,99415,100,100232,100,99126,100,100266,100,,,100275,100,,,100366,100,,
2019-06-28 10:02:40.000000000,100146,134,99997,195,100182,192,99923,192,100185,192,99920,192,100191,100,99848,100,100195,100,99839,100,100208,100,99415,100,100232,100,99126,100,100266,100,,,100275,100,,,100366,100,,
2019-06-28 10:02:47.597639394,100084,100,99997,195,100146,134,99923,192,100182,192,99920,192,100185,192,99848,100,100191,100,99839,100,100195,100,99415,100,100208,100,99126,100,100232,100,,,100266,100,,,100275,100,,
2019-06-28 10:02:50.000000000,100084,239,99997,239,100146,178,99923,239,100182,100,99920,100,100185,100,99848,100,100191,100,99839,100,100195,100,99415,100,100208,100,99126,100,100232,100,,,100266,100,,,100275,100,,
2019-06-28 10:02:57.105133112,100084,239,99997,239,100146,178,99923,239,100182,100,99920,100,100185,100,99848,100,100191,100,99839,100,100195,100,99613,100,100208,100,99415,100,100232,100,99126,100,100266,100,,,100275,100,,
2019-06-28 10:03:00.000000000,100084,378,99997,378,100146,39,99923,100,100182,100,99920,100,100185,100,99848,100,100191,100,99839,100,100195,100,99613,100,100208,100,99415,100,100232,100,99126,100,100266,100,,,100275,100,,
2019-06-28 10:03:10.000000000,100084,156,99997,156,100146,95,99923,156,100182,156,99920,156,100185,156,99848,156,100191,156,99839,156,100195,100,99613,100,100208,100,99415,100,100232,100,99126,100,100266,100,,,100275,100,,
2019-06-28 10:03:20.000000000,100084,156,99997,156,100146,95,99923,156,100182,156,99920,156,100185,156,99848,156,100191,156,99839,156,100195,100,99613,100,100208,100,99415,100,100232,100,99126,100,100266,100,,,100275,100,,
2019-06-28 10:03:22.527683392,100084,56,99997,156,100146,95,99923,156,100182,156,99920,156,100185,156,99848,156,100191,156,99839,156,100195,100,99613,100,100208,100,99415,100,100232,100,99126,100,100266,100,,,100275,100,,
2019-06-28 10:03:26.986921036,100084,56,99997,156,100146,95,99923,156,100182,156,99920,156,100185,156,99848,156,100191,156,99839,156,100195,100,99613,100,100208,100,99599,100,100232,100,99415,100,100266,100,99126,100,100275,100,,
2019-06-28 10:03:30.000000000,100146,109,99997,170,100182,170,99923,170,100185,170,99920,170,100191,170,99848,170,100195,100,99839,100,100208,100,99613,100,100232,100,99599,100,100266,100,99415,100,100275,100,99126,100,100390,100,,
2019-06-28 10:03:40.000000000,100146,134,99997,195,100182,192,99923,192,100185,192,99920,192,100191,100,99848,100,100195,100,99839,100,100208,100,99613,100,100232,100,99599,100,100266,100,99415,100,100275,100,99126,100,100390,100,,
2019-06-28 10:03:49.304365523,100084,100,99997,195,100146,134,99923,192,100182,192,99920,192,100185,192,99848,100,100191,100,99839,100,100195,100,99613,100,100208,100,99599,100,100232,100,99415,100,100266,100,99126,100,100275,100,,
2019-06-28 10:03:50.000000000,100084,156,99997,156,100146,95,99923,156,100182,156,99920,156,100185,156,99848,156,100191,156,99839,156,100195,100,99613,100,100208,100,99599,100,100232,100,99415,100,100266,100,99126,100,100275,100,,
2019-06-28 10:03:50.662828370,100084,156,99997,156,100146,95,99923,156,100182,156,99920,156,100185,156,99848,156,100191,156,99839,156,100195,100,99640,100,100208,100,99613,100,100232,100,99599,100,100266,100,99415,100,100275,100,99126,100
2019-06-28 10:03:56.499117497,100084,156,99997,156,100146,95,99923,156,100182,156,99920,156,100185,156,99848,156,100191,156,99839,156,100195,100,99640,100,100208,100,99613,100,100232,100,99599,100,100266,100,99448,100,100275,100,99415,100
2019-06-28 10:03:59.427205522,100084,256,99997,156,100146,95,99923,156,100182,156,99920,156,100185,156,99848,156,100191,156,99839,156,100195,100,99640,100,100208,100,99613,100,100232,100,99599,100,100266,100,99448,100,100275,100,99415,100
2019-06-28 10:04:00.000000000,100084,295,99997,195,100146,131,99923,192,100182,192,99920,192,100185,100,99848,100,100191,100,99839,100,100195,100,99640,100,100208,100,99613,100,100232,100,99599,100,100266,100,99448,100,100275,100,99415,100
2019-06-28 10:04:09.847561031,100084,295,99997,195,100146,131,99923,192,100182,192,99920,192,100185,100,99848,100,100191,100,99839,100,100195,100,99640,100,100208,100,99613,100,100232,100,99599,100,100266,100,99598,100,100275,100,99448,100
2019-06-28 10:04:10.000000000,100084,270,99997,170,100146,109,99923,170,100182,170,99920,170,100185,170,99848,170,100191,100,99839,100,100195,100,99640,100,100208,100,99613,100,100232,100,99599,100,100266,100,99598,100,100275,100,99448,100
2019-06-28 10:04:15.349865292,100084,270,99997,170,100146,109,99923,170,100182,170,99920,170,100185,170,99848,170,100191,100,99839,100,100195,100,99640,100,100208,100,99613,100,100232,100,99599,100,100266,100,99598,100,100275,100,99482,100
2019-06-28 10:04:20.000000000,100084,295,99997,195,100146,131,99923,192,100182,192,99920,192,100185,100,99848,100,100191,100,99839,100,100195,100,99640,100,100208,100,99613,100,100232,100,99599,100,100266,100,99598,100,100275,100,99482,100
2019-06-28 10:04:26.439800756,100084,295,99997,95,100146,131,99923,192,100182,192,99920,192,100185,100,99848,100,100191,100,99839,100,100195,100,99640,100,100208,100,99613,100,100232,100,99599,100,100266,100,99598,100,100275,100,99482,100
2019-06-28 10:04:30.000000000,100084,256,99923,156,100146,95,99920,156,100182,156,99848,156,100185,156,99839,156,100191,156,99640,156,100195,100,99613,100,100208,100,99599,100,100232,100,99598,100,100266,100,99482,100,100275,100,99448,100
2019-06-28 10:04:40.000000000,100084,270,99923,170,100146,109,99920,170,100182,170,99848,170,100185,170,99839,170,100191,100,99640,100,100195,100,99613,100,100208,100,99599,100,100232,100,99598,100,100266,100,99482,100,100275,100,99448,100
2019-06-28 10:04:40.453272783,100084,270,99923,170,100146,109,99920,170,100182,170,99848,170,100185,170,99839,170,100195,100,99640,100,100208,100,99613,100,100232,100,99599,100,100266,100,99598,100,100275,100,99482,100,100390,100,99448,100
2019-06-28 10:04:44.821388157,100084,270,99923,70,100146,109,99920,170,100182,170,99848,170,100185,170,99839,170,100195,100,99640,100,100208,100,99613,100,100232,100,99599,100,100266,100,99598,100,100275,100,99482,100,100390,100,99448,100
2019-06-28 10:04:50.000000000,100084,270,99920,170,100146,109,99848,170,100182,170,99839,170,100185,170,99640,170,100195,100,99613,100,100208,100,99599,100,100232,100,99598,100,100266,100,99482,100,100275,100,99448,100,100390,100,99415,100
2019-06-28 10:04:50.724020527,100084,270,99920,70,100146,109,99848,170,100182,170,99839,170,100185,170,99640,170,100195,100,99613,100,100208,100,99599,100,100232,100,99598,100,100266,100,99482,100,100275,100,99448,100,100390,100,99415,100
2019-06-28 10:05:00.000000000,100084,256,99848,156,100146,95,99839,156,100182,156,99640,156,100185,156,99613,156,100195,156,99599,156,100208,100,99598,100,100232,100,99482,100,100266,100,99448,100,100275,100,99415,100,100390,100,99257,100
2019-06-28 10:05:10.000000000,100084,270,99848,170,100146,109,99839,170,100182,170,99640,170,100185,170,99613,170,100195,100,99599,100,100208,100,99598,100,100232,100,99482,100,100266,100,99448,100,100275,100,99415,100,100390,100,99257,100
2019-06-28 10:05:10.349709691,100084,270,99848,170,100146,109,99839,170,100182,170,99640,170,100185,170,99613,170,100195,100,99599,100,100208,100,99598,100,100232,100,99482,100,100266,100,99448,100,100275,100,99415,100,100390,100,99311,100
2019-06-28 10:05:20.000000000,100084,339,99848,239,100146,178,99839,239,100182,100,99640,100,100185,100,99613,100,100195,100,99599,100,100208,100,99598,100,100232,100,99482,100,100266,100,99448,100,100275,100,99415,100,100390,100,99311,100
2019-06-28 10:05:30.000000000,100084,295,99848,195,100146,131,99839,192,100182,192,99640,192,100185,100,99613,100,100195,100,99599,100,100208,100,99598,100,100232,100,99482,100,100266,100,99448,100,100275,100,99415,100,100390,100,99311,100
2019-06-28 10:05:40.000000000,100084,478,99848,378,100146,39,99839,100,100182,100,99640,100,100185,100,99613,100,100195,100,99599,100,100208,100,99598,100,100232,100,99482,100,100266,100,99448,100,100275,100,99415,100,100390,100,99311,100
2019-06-28 10:05:48.342726619,99890,100,99848,378,100084,478,99839,100,100146,39,99640,100,100182,100,99613,100,100195,100,99599,100,100208,100,99598,100,100232,100,99482,100,100266,100,99448,100,100275,100,99415,100,100390,100,99311,100
2019-06-28 10:05:50.000000000,99890,156,99848,156,100084,256,99839,156,100146,95,99640,156,100182,156,99613,156,100195,156,99599,156,100208,100,99598,100,100232,100,99482,100,100266,100,99448,100,100275,100,99415,100,100390,100,99311,100
2019-06-28 10:05:51.148102542,99890,156,99848,56,100084,256,99839,156,100146,95,99640,156,100182,156,99613,156,100195,156,99599,156,100208,100,99598,100,100266,100,99482,100,100275,100,99448,100,100390,100,99415,100,100532,100,99311,100
2019-06-28 10:06:00.000000000,99890,239,99839,239,100084,339,99640,239,100146,39,99613,100,100182,100,99599,100,100195,100,99598,100,100208,100,99482,100,100266,100,99448,100,100275,100,99415,100,100390,100,99311,100,100532,100,99257,100
2019-06-28 10:06:10.000000000,99890,156,99839,156,100084,256,99640,156,100146,95,99613,156,100182,156,99599,156,100195,156,99598,156,100208,100,99482,100,100266,100,99448,100,100275,100,99415,100,100390,100,99311,100,100532,100,99257,100
2019-06-28 10:06:11.141246117,99890,56,99839,156,100084,256,99640,156,100146,95,99613,156,100182,156,99599,156,100195,156,99598,156,100208,100,99482,100,100266,100,99448,100,100275,100,99415,100,100390,100,99311,100,100532,100,99257,100
2019-06-28 10:06:20.000000000,100084,478,99839,378,100146,39,99640,100,100182,100,99613,100,100195,100,99599,100,100208,100,99598,100,100266,100,99482,100,100275,100,99448,100,100390,100,99415,100,100532,100,99311,100,100765,100,99257,100
2019-06-28 10:06:30.000000000,100084,295,99839,195,100146,131,99640,192,100182,192,99613,192,100195,100,99599,100,100208,100,99598,100,100266,100,99482,100,100275,100,99448,100,100390,100,99415,100,100532,100,99311,100,100765,100,99257,100
2019-06-28 10:06:32.536327629,100084,295,99965,100,100146,131,99839,195,100182,192,99640,192,100195,100,99613,192,100208,100,99599,100,100266,100,99598,100,100275,100,99482,100,100390,100,99448,100,100532,100,99415,100,100765,100,99311,100
2019-06-28 10:06:37.105955876,100084,195,99965,100,100146,131,99839,195,100182,192,99640,192,100195,100,99613,192,100208,100,99599,100,100266,100,99598,100,100275,100,99482,100,100390,100,99448,100,100532,100,99415,100,100765,100,99311,100
2019-06-28 10:06:40.000000000,100084,170,99965,170,100146,109,99839,170,100182,170,99640,170,100195,170,99613,170,100208,100,99599,100,100266,100,99598,100,100275,100,99482,100,100390,100,99448,100,100532,100,99415,100,100765,100,99311,100
2019-06-28 10:06:44.933338080,100084,170,99965,170,100146,109,99839,170,100182,170,99640,170,100195,170,99613,170,100208,100,99599,100,100266,100,99598,100,100275,100,99482,100,100390,100,99448,100,100499,100,99415,100,100532,100,99311,100
2019-06-28 10:06:50.000000000,100084,239,99965,239,100146,178,99839,239,100182,100,99640,100,100195,100,99613,100,100208,100,99599,100,100266,100,99598,100,100275,100,99482,100,100390,100,99448,100,100499,100,99415,100,100532,100,99311,100
2019-06-28 10:07:00.000000000,100084,156,99965,156,100146,95,99839,156,100182,156,99640,156,100195,156,99613,156,100208,156,99599,156,100266,100,99598,100,100275,100,99482,100,100390,100,99448,100,100499,100,99415,100,100532,100,99311,100
2019-06-28 10:07:10.000000000,100084,170,99965,170,100146,109,99839,170,100182,170,99640,170,100195,170,99613,170,100208,100,99599,100,100266,100,99598,100,100275,100,99482,100,100390,100,99448,100,100499,100,99415,100,100532,100,99311,100
2019-06-28 10:07:18.742133941,100084,70,99965,170,100146,109,99839,170,100182,170,99640,170,100195,170,99613,170,100208,100,99599,100,100266,100,99598,100,100275,100,99482,100,100390,100,99448,100,100499,100,99415,100,100532,100,99311,100
