,ask_price_1,ask_size_1,bid_price_1,bid_size_1,ask_price_2,ask_size_2,bid_price_2,bid_size_2,ask_price_3,ask_size_3,bid_price_3,bid_size_3,ask_price_4,ask_size_4,bid_price_4,bid_size_4,ask_price_5,ask_size_5,bid_price_5,bid_size_5,ask_price_6,ask_size_6,bid_price_6,bid_size_6,ask_price_7,ask_size_7,bid_price_7,bid_size_7,ask_price_8,ask_size_8,bid_price_8,bid_size_8,ask_price_9,ask_size_9,bid_price_9,bid_size_9,ask_price_10,ask_size_10,bid_price_10,bid_size_10
2019-06-28 09:30:00.000000003,,,99904,100,,,,,,,,,,,,,,,,,,,,,,,,,,,,,,,,,,,,
2019-06-28 09:30:00.000000007,100051,100,99980,100,100068,100,99904,100,100095,100,,,100193,100,,,,,,,,,,,,,,,,,,,,,,,,,,
2019-06-28 09:30:00.000000008,100051,100,99980,100,100068,100,99904,100,100095,100,99845,100,100193,100,,,,,,,,,,,,,,,,,,,,,,,,,,
2019-06-28 09:30:00.000000009,100068,100,99980,100,100095,100,99957,100,100193,100,99904,100,,,99845,100,,,,,,,,,,,,,,,,,,,,,,,,
2019-06-28 09:30:00.000000011,100053,100,99980,100,100068,100,99957,100,100095,100,99904,100,100193,100,99845,100,,,,,,,,,,,,,,,,,,,,,,,,
2019-06-28 09:30:00.000000013,100053,100,99980,100,100068,100,99957,100,100080,100,99904,100,100095,100,99845,100,100193,100,,,,,,,,,,,,,,,,,,,,,,
2019-06-28 09:30:00.000000014,100053,100,99985,100,100068,100,99980,100,100080,100,99957,100,100095,100,99904,100,100193,100,99845,100,,,,,,,,,,,,,,,,,,,,
2019-06-28 09:30:00.000000016,100053,200,99985,100,100068,100,99980,100,100080,100,99957,100,100095,100,99904,100,100193,100,99845,100,,,,,,,,,,,,,,,,,,,,
2019-06-28 09:30:00.000000017,100053,200,99980,100,100068,100,99957,100,100080,100,99904,100,100095,100,99845,100,100193,100,,,,,,,,,,,,,,,,,,,,,,
2019-06-28 09:30:00.000000018,100053,200,99980,100,100058,100,99957,100,100068,100,99904,100,100080,100,99845,100,100095,100,,,100193,100,,,,,,,,,,,,,,,,,,
2019-06-28 09:30:00.000000021,100053,200,99980,100,100058,100,99957,100,100068,100,99904,100,100080,100,99890,100,100095,100,99845,100,100193,100,,,,,,,,,,,,,,,,,,
2019-06-28 09:30:00.000000023,100053,200,99980,100,100058,100,99957,100,100068,100,99927,100,100080,100,99904,100,100095,100,99890,100,100193,100,99845,100,,,,,,,,,,,,,,,,
2019-06-28 09:30:00.000000026,100053,200,100034,100,100058,100,99980,100,100068,100,99957,100,100080,100,99927,100,100095,100,99904,100,100193,100,99890,100,,,99845,100,,,,,,,,,,,,
2019-06-28 09:30:00.000000027,100051,100,100034,100,100053,200,99980,100,100058,100,99957,100,100068,100,99927,100,100080,100,99904,100,100095,100,99890,100,100193,100,99845,100,,,99841,100,,,,,,,,
2019-06-28 09:30:00.000000028,100051,100,99985,100,100053,200,99980,100,100058,100,99957,100,100068,100,99927,100,100080,100,99904,100,100095,100,99890,100,100193,100,99845,100,,,99841,100,,,,,,,,
2019-06-28 09:30:00.000000032,100034,100,100002,100,100051,100,99985,100,100053,200,99980,100,100058,100,99957,100,100068,100,99927,100,100080,100,99904,100,100095,100,99890,100,100193,100,99845,100,,,99841,100,,,,
2019-06-28 09:30:00.000000036,100034,100,100002,100,100051,100,99985,200,100053,200,99980,100,100058,100,99957,100,100068,100,99927,100,100080,100,99904,100,100095,100,99890,100,100193,100,99845,100,,,99841,100,,,,
2019-06-28 09:30:00.000000041,100034,100,100002,100,100051,100,99985,200,100053,200,99980,100,100058,100,99957,100,100068,200,99927,100,100080,100,99904,100,100095,100,99890,100,100193,100,99845,100,,,99841,100,,,,
2019-06-28 09:30:00.000000046,100034,100,100002,100,100051,100,99985,200,100053,200,99980,100,100058,100,99959,100,100068,200,99957,100,100080,100,99927,100,100095,100,99904,100,100193,100,99890,100,,,99845,100,,,99841,100
2019-06-28 09:30:00.000000048,100034,100,100002,100,100051,100,99985,200,100053,200,99980,100,100058,100,99963,100,100068,200,99959,100,100080,100,99957,100,100095,100,99927,100,100193,100,99904,100,,,99890,100,,,99845,100
2019-06-28 09:30:00.000000049,100034,100,99985,200,100051,100,99980,100,100053,200,99963,100,100058,100,99959,100,100068,200,99957,100,100080,100,99927,100,100095,100,99904,100,100193,100,99890,100,,,99845,100,,,99841,100
2019-06-28 09:30:00.000000050,100034,100,99985,200,100051,100,99980,100,100053,200,99963,100,100058,100,99959,100,100068,200,99957,100,100080,100,99927,100,100095,100,99904,100,100100,100,99890,100,100193,100,99845,100,,,99841,100
2019-06-28 09:30:00.000000052,100034,100,99985,200,100051,100,99980,100,100053,200,99963,100,100058,100,99959,100,100068,200,99957,100,100080,100,99935,100,100095,100,99927,100,100100,100,99904,100,100118,100,99895,100,100193,100,99890,100
2019-06-28 09:30:00.000000053,100034,100,99985,200,100051,100,99980,100,100053,200,99963,100,100058,100,99959,100,100068,200,99957,100,100080,100,99935,100,100095,100,99927,100,100100,100,99904,100,100106,100,99895,100,100118,100,99890,100
2019-06-28 09:30:00.000000054,100009,100,99985,200,100033,100,99980,100,100034,100,99963,100,100051,100,99959,100,100053,200,99957,100,100058,100,99935,100,100068,200,99927,100,100080,100,99904,100,100095,100,99895,100,100100,100,99890,100
2019-06-28 09:30:00.000000057,100009,100,99985,200,100033,200,99980,100,100034,100,99963,100,100051,100,99959,100,100053,200,99957,100,100058,100,99935,100,100068,200,99927,100,100080,100,99904,100,100095,100,99895,100,100100,100,99890,100
2019-06-28 09:30:00.000000061,100005,100,99985,200,100009,100,99980,100,100033,200,99963,100,100034,100,99959,100,100051,100,99957,100,100053,200,99943,100,100058,100,99935,100,100068,200,99927,100,100080,100,99904,100,100095,100,99895,100
2019-06-28 09:30:00.000000065,100005,100,99985,200,100009,100,99980,100,100033,200,99963,100,100034,100,99959,100,100051,100,99957,100,100053,200,99943,100,100058,100,99935,100,100068,200,99927,100,100080,100,99904,100,100095,100,99895,100
2019-06-28 09:30:00.000000067,100005,100,99985,200,100009,100,99980,100,100033,200,99963,100,100034,100,99959,100,100051,100,99957,100,100053,200,99943,100,100058,100,99935,100,100068,200,99927,100,100074,100,99904,100,100080,100,99895,100
2019-06-28 09:30:00.000000072,100005,100,99985,200,100009,100,99980,100,100025,100,99963,100,100033,200,99959,100,100034,100,99957,100,100051,100,99943,100,100053,200,99935,100,100058,100,99927,100,100068,200,99904,100,100074,100,99895,100
2019-06-28 09:30:00.000000074,100005,100,99985,200,100009,100,99980,100,100025,100,99963,100,100033,200,99959,100,100034,100,99957,100,100051,100,99943,100,100053,200,99935,100,100058,100,99927,100,100068,200,99904,100,100074,100,99895,100
2019-06-28 09:30:00.000000079,100005,100,99985,200,100009,100,99980,100,100025,100,99963,100,100033,200,99959,100,100034,100,99957,100,100051,100,99943,100,100053,200,99935,100,100058,100,99927,100,100068,200,99904,100,100074,100,99895,100
2019-06-28 09:30:00.000000080,100005,100,99985,300,100009,100,99980,100,100025,100,99963,100,100033,300,99959,100,100034,100,99957,100,100051,100,99943,100,100053,200,99935,100,100058,100,99927,100,100068,200,99904,100,100074,100,99895,100
2019-06-28 09:30:00.000000081,100005,100,99985,300,100009,100,99980,100,100025,100,99963,100,100033,300,99959,100,100034,100,99957,100,100051,100,99943,100,100053,200,99935,100,100058,100,99927,100,100068,200,99904,100,100074,100,99895,100
2019-06-28 09:30:00.000000082,100005,100,99989,100,100009,100,99985,300,100025,100,99980,100,100033,400,99963,100,100034,100,99959,100,100051,100,99957,100,100053,200,99943,100,100058,100,99935,100,100068,200,99927,100,100074,100,99904,100
2019-06-28 09:30:00.000000083,100005,100,100001,100,100009,100,99989,100,100025,100,99985,300,100033,400,99980,100,100034,100,99963,100,100051,100,99959,100,100053,200,99957,100,100058,100,99943,100,100068,200,99935,100,100074,100,99927,100
2019-06-28 09:30:00.000000088,100009,100,100001,100,100025,100,99989,100,100033,400,99985,300,100034,100,99980,100,100051,100,99963,100,100053,200,99959,100,100058,100,99957,100,100068,200,99943,100,100074,100,99935,100,100080,100,99927,100
2019-06-28 09:30:00.000000089,100009,100,100002,100,100025,100,100001,100,100033,400,99989,100,100034,100,99985,300,100051,100,99980,100,100053,200,99963,100,100058,100,99959,100,100068,200,99957,100,100074,100,99943,100,100080,100,99935,100
2019-06-28 09:30:00.000000093,100009,100,100002,100,100025,100,100001,100,100033,400,99989,100,100034,100,99985,300,100051,100,99980,100,100053,200,99963,100,100058,100,99959,100,100068,200,99957,100,100074,100,99943,100,100080,100,99935,100
2019-06-28 09:30:00.000000094,100009,100,100002,200,100025,100,100001,100,100033,400,99989,100,100034,100,99985,300,100051,100,99980,100,100053,200,99963,100,100058,100,99959,100,100068,200,99957,100,100074,100,99943,100,100080,100,99935,100
2019-06-28 09:30:00.000000096,100009,100,100002,200,100025,100,100001,100,100033,400,99989,100,100034,100,99985,300,100051,100,99980,100,100053,200,99963,100,100058,100,99959,100,100068,200,99957,100,100074,100,99945,100,100080,100,99943,100
2019-06-28 09:30:00.000000098,100009,100,100002,100,100025,100,100001,100,100033,400,99989,100,100034,100,99985,300,100049,100,99980,100,100051,100,99963,100,100053,200,99959,100,100058,100,99957,100,100068,200,99945,100,100074,100,99943,100
2019-06-28 09:30:00.000000099,100009,100,100002,100,100025,100,100001,100,100033,400,99989,100,100034,100,99985,300,100049,100,99980,100,100051,100,99963,100,100053,200,99959,100,100058,100,99957,100,100068,200,99945,100,100074,100,99943,100
2019-06-28 09:30:06.714456903,100009,100,100002,100,100025,100,100001,100,100033,400,99989,100,100034,100,99985,300,100049,100,99980,100,100051,100,99963,100,100053,200,99959,100,100058,100,99957,100,100068,200,99945,100,100074,100,99943,100
2019-06-28 09:30:10.000000000,100009,514,100002,514,100025,100,100001,100,100033,400,99989,100,100034,100,99985,300,100049,100,99980,100,100051,100,99963,100,100053,200,99959,100,100058,100,99957,100,100068,200,99945,100,100074,100,99943,100
2019-06-28 09:30:12.531881932,100009,514,100003,100,100025,100,100002,514,100033,400,100001,100,100034,100,99989,100,100049,100,99985,200,100051,100,99980,100,100053,200,99963,100,100058,100,99959,100,100068,200,99957,100,100074,100,99945,100
2019-06-28 09:30:20.000000000,100009,204,100003,204,100025,204,100002,204,100033,504,100001,204,100034,204,99989,204,100049,100,99985,200,100051,100,99980,100,100053,200,99963,100,100058,100,99959,100,100068,200,99957,100,100074,100,99945,100
2019-06-28 09:30:30.000000000,100009,204,100003,204,100025,204,100002,204,100033,504,100001,204,100034,204,99989,204,100049,100,99985,200,100051,100,99980,100,100053,200,99963,100,100058,100,99959,100,100068,200,99957,100,100074,100,99945,100
2019-06-28 09:30:34.485198110,100009,204,100003,204,100025,204,100002,204,100033,504,100001,204,100034,204,99989,204,100049,100,99985,200,100051,100,99980,100,100053,200,99963,100,100058,100,99959,100,100068,200,99957,100,100074,100,99945,100
2019-06-28 09:30:40.000000000,100009,514,100003,514,100025,100,100002,100,100033,400,100001,100,100034,100,99989,100,100049,100,99985,200,100051,100,99980,100,100053,200,99963,100,100058,100,99959,100,100068,200,99957,100,100074,100,99945,100
2019-06-28 09:30:40.192781055,100009,414,100003,514,100025,100,100002,100,100033,400,100001,100,100034,100,99989,100,100049,100,99985,200,100051,100,99980,100,100053,200,99963,100,100058,100,99959,100,100068,200,99957,100,100074,100,99945,100
2019-06-28 09:30:43.224620903,100009,414,100003,514,100025,100,100002,100,100033,400,100001,100,100034,100,99989,100,100049,100,99985,200,100051,100,99980,100,100053,200,99963,100,100058,100,99959,100,100068,100,99957,100,100074,100,99945,100
2019-06-28 09:30:44.612574773,100009,414,100003,514,100025,100,100002,100,100033,400,100001,100,100034,100,99989,100,100049,100,99985,200,100051,100,99980,100,100053,200,99963,100,100058,100,99959,100,100068,100,99957,100,100074,100,99945,100
2019-06-28 09:30:50.000000000,100025,241,100003,241,100033,537,100002,237,100034,237,100001,237,100049,100,99989,100,100051,100,99985,200,100053,200,99980,100,100058,100,99963,100,100068,100,99959,100,100074,100,99957,100,100080,100,99945,100
2019-06-28 09:30:53.741760138,100025,241,100003,241,100033,537,100002,237,100034,237,100001,237,100049,100,99989,100,100051,100,99985,200,100053,200,99980,100,100068,100,99963,100,100074,100,99959,100,100080,100,99957,100,100084,100,99945,100
2019-06-28 09:31:00.000000000,100025,514,100003,514,100033,400,100002,100,100034,100,100001,100,100049,100,99989,100,100051,100,99985,200,100053,200,99980,100,100068,100,99963,100,100074,100,99959,100,100080,100,99957,100,100084,100,99945,100
2019-06-28 09:31:10.000000000,100025,307,100003,307,100033,607,100002,307,100034,100,100001,100,100049,100,99989,100,100051,100,99985,200,100053,200,99980,100,100068,100,99963,100,100074,100,99959,100,100080,100,99957,100,100084,100,99945,100
2019-06-28 09:31:20.000000000,100025,241,100003,241,100033,537,100002,237,100034,237,100001,237,100049,100,99989,100,100051,100,99985,200,100053,200,99980,100,100068,100,99963,100,100074,100,99959,100,100080,100,99957,100,100084,100,99945,100
2019-06-28 09:31:30.000000000,100025,241,100003,241,100033,537,100002,237,100034,237,100001,237,100049,100,99989,100,100051,100,99985,200,100053,200,99980,100,100068,100,99963,100,100074,100,99959,100,100080,100,99957,100,100084,100,99945,100
2019-06-28 09:31:40.000000000,100025,514,100003,514,100033,400,100002,100,100034,100,100001,100,100049,100,99989,100,100051,100,99985,200,100053,200,99980,100,100068,100,99963,100,100074,100,99959,100,100080,100,99957,100,100084,100,99945,100
2019-06-28 09:31:50.000000000,100025,204,100003,204,100033,504,100002,204,100034,204,100001,204,100049,204,99989,204,100051,100,99985,200,100053,200,99980,100,100068,100,99963,100,100074,100,99959,100,100080,100,99957,100,100084,100,99945,100
2019-06-28 09:31:58.634385468,100025,204,100003,204,100033,504,100002,204,100034,204,100001,204,100049,204,99989,204,100051,100,99985,200,100053,200,99980,100,100068,100,99963,100,100074,100,99959,100,100080,100,99957,100,100084,100,99943,100
2019-06-28 09:32:00.000000000,100025,241,100003,241,100033,537,100002,237,100034,237,100001,237,100049,100,99989,100,100051,100,99985,200,100053,200,99980,100,100068,100,99963,100,100074,100,99959,100,100080,100,99957,100,100084,100,99943,100
2019-06-28 09:32:01.924890481,100025,241,100004,100,100033,437,100003,241,100034,237,100002,237,100049,100,100001,237,100051,100,99989,100,100053,200,99985,200,100068,100,99980,100,100074,100,99963,100,100080,100,99959,100,100084,100,99957,100
2019-06-28 09:32:10.000000000,100025,204,100004,204,100033,404,100003,204,100034,204,100002,204,100049,204,100001,204,100051,100,99989,100,100053,200,99985,200,100068,100,99980,100,100074,100,99963,100,100080,100,99959,100,100084,100,99957,100
2019-06-28 09:32:20.000000000,100025,183,100004,183,100033,383,100003,183,100034,183,100002,183,100049,183,100001,183,100051,183,99989,183,100053,200,99985,200,100068,100,99980,100,100074,100,99963,100,100080,100,99959,100,100084,100,99957,100
2019-06-28 09:32:26.206309340,100025,183,100004,183,100033,383,100003,183,100034,183,100002,183,100049,183,100001,183,100051,183,99989,183,100053,200,99985,200,100068,100,99980,100,100074,100,99963,100,100080,100,99959,100,100084,100,99957,100
2019-06-28 09:32:30.000000000,100025,183,100004,183,100033,383,100003,183,100034,183,100002,183,100049,183,100001,183,100051,183,99989,183,100053,200,99985,200,100068,100,99980,100,100074,100,99963,100,100080,100,99959,100,100084,100,99957,100
2019-06-28 09:32:35.436544992,100025,183,100004,183,100033,383,100003,183,100034,183,100002,183,100049,183,100001,183,100051,183,99989,183,100053,200,99985,200,100068,100,99980,100,100074,100,99963,100,100080,100,99959,100,100084,100,99957,100
2019-06-28 09:32:36.251956962,100025,183,100004,183,100033,383,100003,183,100034,183,100002,183,100049,183,100001,183,100051,183,99989,183,100053,200,99985,200,100068,100,99980,100,100074,100,99966,100,100080,100,99963,100,100084,100,99959,100
2019-06-28 09:32:40.000000000,100025,307,100004,307,100033,507,100003,307,100034,100,100002,100,100049,100,100001,100,100051,100,99989,100,100053,200,99985,200,100068,100,99980,100,100074,100,99966,100,100080,100,99963,100,100084,100,99959,100
2019-06-28 09:32:50.000000000,100025,307,100004,307,100033,507,100003,307,100034,100,100002,100,100049,100,100001,100,100051,100,99989,100,100053,200,99985,200,100068,100,99980,100,100074,100,99966,100,100080,100,99963,100,100084,100,99959,100
2019-06-28 09:33:00.000000000,100025,241,100004,241,100033,437,100003,237,100034,237,100002,237,100049,100,100001,100,100051,100,99989,100,100053,200,99985,200,100068,100,99980,100,100074,100,99966,100,100080,100,99963,100,100084,100,99959,100
2019-06-28 09:33:10.000000000,100025,183,100004,183,100033,383,100003,183,100034,183,100002,183,100049,183,100001,183,100051,183,99989,183,100053,200,99985,200,100068,100,99980,100,100074,100,99966,100,100080,100,99963,100,100084,100,99959,100
2019-06-28 09:33:15.720486874,100025,83,100004,183,100033,383,100003,183,100034,183,100002,183,100049,183,100001,183,100051,183,99989,183,100053,200,99985,200,100068,100,99980,100,100074,100,99966,100,100080,100,99963,100,100084,100,99959,100
2019-06-28 09:33:17.657753429,100025,83,100004,183,100033,383,100003,183,100034,183,100002,183,100049,183,100001,183,100051,183,99989,183,100053,200,99985,200,100068,100,99980,100,100074,100,99966,100,100080,100,99963,100,100084,100,99957,100
2019-06-28 09:33:20.000000000,100033,383,100004,183,100034,183,100003,183,100049,183,100002,183,100051,183,100001,183,100053,283,99989,183,100068,100,99985,200,100074,100,99980,100,100080,100,99966,100,100084,100,99963,100,100093,100,99957,100
2019-06-28 09:33:28.981467133,100033,283,100004,183,100034,183,100003,183,100049,183,100002,183,100051,183,100001,183,100053,283,99989,183,100068,100,99985,200,100074,100,99980,100,100080,100,99966,100,100084,100,99963,100,100093,100,99957,100
2019-06-28 09:33:30.000000000,100033,304,100004,204,100034,204,100003,204,100049,204,100002,204,100051,204,100001,204,100053,200,99989,100,100068,100,99985,200,100074,100,99980,100,100080,100,99966,100,100084,100,99963,100,100093,100,99957,100
2019-06-28 09:33:31.206156670,100033,304,100004,204,100034,204,100003,204,100049,204,100002,204,100051,204,100001,204,100053,200,99989,100,100068,100,99985,200,100080,100,99980,100,100084,100,99966,100,100093,100,99963,100,100095,100,99957,100
2019-06-28 09:33:38.892435473,100033,304,100004,204,100034,204,100003,204,100049,204,100002,204,100051,204,100001,204,100053,200,99989,100,100068,100,99985,200,100080,100,99980,100,100084,100,99966,100,100093,100,99963,100,100095,100,99957,100
2019-06-28 09:33:40.000000000,100033,283,100004,183,100034,183,100003,183,100049,183,100002,183,100051,183,100001,183,100053,283,99989,183,100068,100,99985,200,100080,100,99980,100,100084,100,99966,100,100093,100,99963,100,100095,100,99957,100
2019-06-28 09:33:50.000000000,100033,283,100004,183,100034,183,100003,183,100049,183,100002,183,100051,183,100001,183,100053,283,99989,183,100068,100,99985,200,100080,100,99980,100,100084,100,99966,100,100093,100,99963,100,100095,100,99957,100
2019-06-28 09:33:57.040773435,100033,283,100004,183,100034,183,100003,183,100049,183,100002,183,100051,183,100001,183,100053,283,99989,183,100068,100,99985,200,100080,100,99980,100,100084,100,99966,100,100093,100,99963,100,100095,100,99957,100
2019-06-28 09:34:00.000000000,100033,341,100004,241,100034,237,100003,237,100049,237,100002,237,100051,100,100001,100,100053,200,99989,100,100068,100,99985,200,100080,100,99980,100,100084,100,99966,100,100093,100,99963,100,100095,100,99957,100
2019-06-28 09:34:10.000000000,100033,614,100004,514,100034,100,100003,100,100049,100,100002,100,100051,100,100001,100,100053,200,99989,100,100068,100,99985,200,100080,100,99980,100,100084,100,99966,100,100093,100,99963,100,100095,100,99957,100
2019-06-28 09:34:20.000000000,100033,407,100004,307,100034,307,100003,307,100049,100,100002,100,100051,100,100001,100,100053,200,99989,100,100068,100,99985,200,100080,100,99980,100,100084,100,99966,100,100093,100,99963,100,100095,100,99957,100
2019-06-28 09:34:26.626107967,100033,407,100004,207,100034,307,100003,307,100049,100,100002,100,100051,100,100001,100,100053,200,99989,100,100068,100,99985,200,100080,100,99980,100,100084,100,99966,100,100093,100,99963,100,100100,100,99957,100
2019-06-28 09:34:27.546593900,100033,407,100004,107,100034,307,100003,307,100049,100,100002,100,100051,100,100001,100,100053,200,99989,100,100068,100,99985,200,100080,100,99966,100,100084,100,99963,100,100093,100,99957,100,100100,100,99943,100
2019-06-28 09:34:30.000000000,100033,341,100003,241,100034,237,100002,237,100049,237,100001,237,100051,100,99989,100,100053,200,99985,200,100068,100,99966,100,100080,100,99963,100,100084,100,99957,100,100093,100,99943,100,100100,100,99935,100
2019-06-28 09:34:31.140859189,100004,100,100003,241,100033,341,100002,237,100034,237,100001,237,100049,237,99989,100,100051,100,99985,200,100053,200,99966,100,100068,100,99963,100,100080,100,99957,100,100084,100,99943,100,100093,100,99935,100
2019-06-28 09:34:37.752256606,100004,100,100003,241,100033,341,100002,237,100034,237,100001,237,100049,237,99989,100,100051,100,99985,200,100053,200,99966,100,100068,100,99963,100,100080,100,99957,100,100093,100,99943,100,100100,100,99935,100
2019-06-28 09:34:40.000000000,100004,204,100003,204,100033,304,100002,204,100034,204,100001,204,100049,204,99989,204,100051,100,99985,200,100053,200,99966,100,100068,100,99963,100,100080,100,99957,100,100093,100,99943,100,100100,100,99935,100
2019-06-28 09:34:48.741680351,100004,204,100003,204,100033,304,100002,204,100034,204,100001,204,100049,204,99989,204,100051,100,99985,200,100053,200,99966,100,100068,100,99963,100,100080,100,99957,100,100093,100,99943,100,100100,100,99935,100
2019-06-28 09:34:50.000000000,100004,204,100003,204,100033,304,100002,204,100034,204,100001,204,100049,204,99989,204,100051,100,99985,200,100053,200,99966,100,100068,100,99963,100,100080,100,99957,100,100093,100,99943,100,100100,100,99935,100
2019-06-28 09:35:00.000000000,100004,241,100003,241,100033,337,100002,237,100034,237,100001,237,100049,100,99989,100,100051,100,99985,200,100053,200,99966,100,100068,100,99963,100,100080,100,99957,100,100093,100,99943,100,100100,100,99935,100
2019-06-28 09:35:10.000000000,100004,307,100003,307,100033,407,100002,307,100034,100,100001,100,100049,100,99989,100,100051,100,99985,200,100053,200,99966,100,100068,100,99963,100,100080,100,99957,100,100093,100,99943,100,100100,100,99935,100
2019-06-28 09:35:20.000000000,100004,514,100003,514,100033,200,100002,100,100034,100,100001,100,100049,100,99989,100,100051,100,99985,200,100053,200,99966,100,100068,100,99963,100,100080,100,99957,100,100093,100,99943,100,100100,100,99935,100
2019-06-28 09:35:30.000000000,100004,514,100003,514,100033,200,100002,100,100034,100,100001,100,100049,100,99989,100,100051,100,99985,200,100053,200,99966,100,100068,100,99963,100,100080,100,99957,100,100093,100,99943,100,100100,100,99935,100
2019-06-28 09:35:36.757458782,100004,514,100003,414,100033,200,100002,100,100034,100,100001,100,100049,100,99989,100,100051,100,99985,200,100053,200,99966,100,100068,100,99963,100,100080,100,99957,100,100100,100,99943,100,100105,100,99935,100
2019-06-28 09:35:40.000000000,100004,204,100002,204,100033,304,100001,204,100034,204,99989,204,100049,204,99985,304,100051,100,99966,100,100053,200,99963,100,100068,100,99957,100,100080,100,99943,100,100100,100,99935,100,100105,100,99927,100
2019-06-28 09:35:50.000000000,100004,204,100002,204,100033,304,100001,204,100034,204,99989,204,100049,204,99985,304,100051,100,99966,100,100053,200,99963,100,100068,100,99957,100,100080,100,99943,100,100100,100,99935,100,100105,100,99927,100
2019-06-28 09:35:50.165743136,100004,204,100002,104,100033,304,100001,204,100034,204,99989,204,100049,204,99985,304,100051,100,99966,100,100053,200,99963,100,100068,100,99957,100,100080,100,99943,100,100100,100,99935,100,100105,100,99927,100
2019-06-28 09:35:52.699890025,100003,100,100002,104,100004,204,100001,204,100033,204,99989,204,100034,204,99985,304,100049,204,99966,100,100051,100,99963,100,100053,200,99957,100,100068,100,99943,100,100080,100,99935,100,100100,100,99927,100
2019-06-28 09:36:00.000000000,100003,204,100001,204,100004,204,99989,204,100033,204,99985,304,100034,204,99966,204,100049,100,99963,100,100051,100,99957,100,100053,200,99943,100,100068,100,99935,100,100080,100,99927,100,100100,100,99908,100
2019-06-28 09:36:10.000000000,100003,307,100001,307,100004,307,99989,307,100033,100,99985,200,100034,100,99966,100,100049,100,99963,100,100051,100,99957,100,100053,200,99943,100,100068,100,99935,100,100080,100,99927,100,100100,100,99908,100
2019-06-28 09:36:20.000000000,100003,307,100001,307,100004,307,99989,307,100033,100,99985,200,100034,100,99966,100,100049,100,99963,100,100051,100,99957,100,100053,200,99943,100,100068,100,99935,100,100080,100,99927,100,100100,100,99908,100
2019-06-28 09:36:29.743909573,100003,307,100001,307,100004,307,99989,307,100033,100,99985,200,100034,100,99966,100,100049,100,99963,100,100051,100,99957,100,100053,200,99943,100,100068,100,99935,100,100080,100,99927,100,100100,100,99908,100
2019-06-28 09:36:30.000000000,100003,514,100001,514,100004,100,99989,100,100033,100,99985,200,100034,100,99966,100,100049,100,99963,100,100051,100,99957,100,100053,200,99943,100,100068,100,99935,100,100080,100,99927,100,100100,100,99908,100
2019-06-28 09:36:31.977339973,100003,514,100001,414,100004,100,99989,100,100033,100,99985,200,100034,100,99966,100,100049,100,99963,100,100051,100,99957,100,100053,200,99943,100,100068,100,99935,100,100080,100,99927,100,100100,100,99908,100
2019-06-28 09:36:34.256719596,100003,514,100001,414,100004,100,99989,100,100033,100,99985,200,100034,100,99966,100,100049,100,99963,100,100051,100,99957,100,100053,200,99943,100,100068,100,99935,100,100080,100,99927,100,100100,100,99908,100
2019-06-28 09:36:36.193924267,100003,514,100001,414,100004,100,99989,100,100033,100,99985,200,100034,100,99966,100,100049,100,99963,100,100051,100,99957,100,100053,200,99943,100,100068,100,99935,100,100080,100,99927,100,100100,100,99908,100
2019-06-28 09:36:40.000000000,100003,183,99989,183,100004,183,99985,283,100033,183,99966,183,100034,183,99963,183,100049,183,99957,183,100051,100,99943,100,100053,200,99935,100,100068,100,99927,100,100080,100,99908,100,100100,100,99904,100
2019-06-28 09:36:44.786682363,100003,183,99989,83,100004,183,99985,283,100033,183,99966,183,100034,183,99963,183,100049,183,99957,183,100051,100,99943,100,100053,200,99935,100,100068,100,99927,100,100080,100,99908,100,100100,100,99904,100
2019-06-28 09:36:50.000000000,100003,204,99985,304,100004,204,99966,204,100033,204,99963,204,100034,204,99957,204,100049,100,99943,100,100051,100,99935,100,100053,200,99927,100,100068,100,99908,100,100080,100,99904,100,100100,100,99895,100
2019-06-28 09:36:51.796044678,100003,204,99985,204,100004,204,99966,204,100033,204,99963,204,100034,204,99957,204,100049,100,99943,100,100051,100,99935,100,100053,200,99927,100,100068,100,99908,100,100080,100,99904,100,100100,100,99895,100
2019-06-28 09:36:58.836027272,100003,204,99985,104,100004,204,99966,204,100033,204,99963,204,100034,204,99957,204,100049,100,99943,100,100051,100,99935,100,100053,200,99927,100,100068,100,99908,100,100080,100,99904,100,100100,100,99895,100
2019-06-28 09:37:00.000000000,100003,204,99966,204,100004,204,99963,204,100033,204,99957,204,100034,204,99943,204,100049,100,99935,100,100051,100,99927,100,100053,200,99908,100,100068,100,99904,100,100080,100,99895,100,100100,100,99890,100
2019-06-28 09:37:02.792417044,100003,204,99966,204,100004,204,99963,204,100033,204,99957,204,100034,204,99943,204,100049,100,99935,100,100051,100,99927,100,100053,200,99908,100,100080,100,99904,100,100100,100,99895,100,100105,100,99890,100
2019-06-28 09:37:10.000000000,100003,514,99966,514,100004,100,99963,100,100033,100,99957,100,100034,100,99943,100,100049,100,99935,100,100051,100,99927,100,100053,200,99908,100,100080,100,99904,100,100100,100,99895,100,100105,100,99890,100
2019-06-28 09:37:20.000000000,100003,307,99966,307,100004,307,99963,307,100033,100,99957,100,100034,100,99943,100,100049,100,99935,100,100051,100,99927,100,100053,200,99908,100,100080,100,99904,100,100100,100,99895,100,100105,100,99890,100
2019-06-28 09:37:30.000000000,100003,241,99966,241,100004,237,99963,237,100033,237,99957,237,100034,100,99943,100,100049,100,99935,100,100051,100,99927,100,100053,200,99908,100,100080,100,99904,100,100100,100,99895,100,100105,100,99890,100
2019-06-28 09:37:34.475396778,100003,241,99966,241,100004,237,99963,237,100033,237,99957,237,100034,100,99943,100,100049,100,99935,100,100051,100,99927,100,100053,200,99908,100,100080,100,99904,100,100100,100,99895,100,100105,100,99890,100
2019-06-28 09:37:37.204848278,100003,241,99966,241,100004,237,99963,237,100033,237,99957,237,100034,100,99943,100,100049,100,99935,100,100051,100,99927,100,100053,200,99908,100,100080,100,99904,100,100100,100,99895,100,100105,100,99890,100
2019-06-28 09:37:40.000000000,100003,241,99966,241,100004,237,99963,237,100033,237,99957,237,100034,100,99943,100,100049,100,99935,100,100051,100,99927,100,100053,200,99908,100,100080,100,99904,100,100100,100,99895,100,100105,100,99890,100
2019-06-28 09:37:41.602786543,100003,241,99966,241,100004,237,99963,237,100033,237,99957,237,100034,100,99943,100,100049,100,99935,100,100051,100,99927,100,100053,200,99908,100,100080,100,99904,100,100100,100,99895,100,100105,100,99890,100
2019-06-28 09:37:49.439928718,100003,241,99966,241,100004,237,99963,237,100033,237,99957,237,100034,100,99943,100,100049,100,99935,100,100051,100,99927,100,100053,200,99908,100,100100,100,99904,100,100105,100,99895,100,100106,100,99890,100
2019-06-28 09:37:50.000000000,100003,204,99966,204,100004,204,99963,204,100033,204,99957,204,100034,204,99943,204,100049,100,99935,100,100051,100,99927,100,100053,200,99908,100,100100,100,99904,100,100105,100,99895,100,100106,100,99890,100
2019-06-28 09:37:54.545837362,100003,204,99966,104,100004,204,99963,204,100033,204,99957,204,100034,204,99943,204,100049,100,99935,100,100051,100,99927,100,100053,200,99908,100,100100,100,99904,100,100105,100,99895,100,100106,100,99890,100
2019-06-28 09:37:58.664847254,100003,204,99966,104,100004,204,99963,104,100033,204,99957,204,100034,204,99943,204,100049,100,99935,100,100051,100,99927,100,100053,200,99908,100,100100,100,99904,100,100105,100,99895,100,100106,100,99890,100
2019-06-28 09:38:00.000000000,100003,307,99957,307,100004,307,99943,307,100033,100,99935,100,100034,100,99927,100,100049,100,99908,100,100051,100,99904,100,100053,200,99895,100,100100,100,99890,100,100105,100,99851,100,100106,100,99845,100
2019-06-28 09:38:03.542236537,99985,100,99957,307,100003,307,99943,307,100004,307,99935,100,100033,100,99927,100,100034,100,99908,100,100049,100,99904,100,100051,100,99895,100,100053,200,99890,100,100100,100,99851,100,100105,100,99845,100
2019-06-28 09:38:10.000000000,99985,307,99957,307,100003,307,99943,307,100004,100,99935,100,100033,100,99927,100,100034,100,99908,100,100049,100,99904,100,100051,100,99895,100,100053,200,99890,100,100100,100,99851,100,100105,100,99845,100
2019-06-28 09:38:12.970426587,99985,307,99957,307,100003,307,99943,307,100004,100,99935,100,100033,100,99927,100,100034,100,99908,100,100049,100,99904,100,100051,100,99895,100,100053,200,99890,100,100100,100,99851,100,100105,100,99845,100
2019-06-28 09:38:19.637541201,99985,407,99957,307,100003,307,99943,307,100004,100,99935,100,100033,100,99927,100,100034,100,99908,100,100049,100,99904,100,100051,100,99895,100,100053,200,99890,100,100100,100,99851,100,100105,100,99845,100
2019-06-28 09:38:20.000000000,99985,283,99957,183,100003,183,99943,183,100004,183,99935,183,100033,183,99927,183,100034,183,99908,183,100049,100,99904,100,100051,100,99895,100,100053,200,99890,100,100100,100,99851,100,100105,100,99845,100
2019-06-28 09:38:21.283936292,99985,283,99957,183,100003,83,99943,183,100004,183,99935,183,100033,183,99927,183,100034,183,99908,183,100049,100,99904,100,100051,100,99895,100,100053,200,99890,100,100100,100,99851,100,100105,100,99845,100
2019-06-28 09:38:27.509163751,99985,383,99957,183,100003,83,99943,183,100004,183,99935,183,100033,183,99927,183,100034,183,99908,183,100049,100,99904,100,100051,100,99895,100,100053,200,99890,100,100100,100,99851,100,100105,100,99845,100
2019-06-28 09:38:30.000000000,99985,383,99957,183,100004,183,99943,183,100033,183,99935,183,100034,183,99927,183,100049,183,99908,183,100051,100,99904,100,100053,200,99895,100,100100,100,99890,100,100105,100,99851,100,100106,100,99845,100
2019-06-28 09:38:40.000000000,99985,441,99957,241,100004,237,99943,237,100033,237,99935,237,100034,100,99927,100,100049,100,99908,100,100051,100,99904,100,100053,200,99895,100,100100,100,99890,100,100105,100,99851,100,100106,100,99845,100
2019-06-28 09:38:50.000000000,99985,714,99957,514,100004,100,99943,100,100033,100,99935,100,100034,100,99927,100,100049,100,99908,100,100051,100,99904,100,100053,200,99895,100,100100,100,99890,100,100105,100,99851,100,100106,100,99845,100
2019-06-28 09:39:00.000000000,99985,441,99957,241,100004,237,99943,237,100033,237,99935,237,100034,100,99927,100,100049,100,99908,100,100051,100,99904,100,100053,200,99895,100,100100,100,99890,100,100105,100,99851,100,100106,100,99845,100
2019-06-28 09:39:06.429514911,99985,441,99957,241,100004,237,99943,237,100033,237,99935,237,100034,100,99927,100,100049,100,99908,100,100051,100,99904,100,100053,200,99895,100,100100,100,99890,100,100105,100,99868,100,100106,100,99851,100
2019-06-28 09:39:10.000000000,99985,714,99957,514,100004,100,99943,100,100033,100,99935,100,100034,100,99927,100,100049,100,99908,100,100051,100,99904,100,100053,200,99895,100,100100,100,99890,100,100105,100,99868,100,100106,100,99851,100
2019-06-28 09:39:13.051418567,99985,614,99957,514,100004,100,99943,100,100033,100,99935,100,100034,100,99927,100,100049,100,99908,100,100051,100,99904,100,100053,200,99895,100,100100,100,99890,100,100105,100,99868,100,100106,100,99851,100
2019-06-28 09:39:13.920478242,99985,514,99957,514,100004,100,99943,100,100033,100,99935,100,100034,100,99927,100,100049,100,99908,100,100051,100,99904,100,100053,200,99895,100,100100,100,99890,100,100105,100,99868,100,100106,100,99851,100
2019-06-28 09:39:18.157493562,99985,414,99957,514,100004,100,99943,100,100033,100,99935,100,100034,100,99927,100,100049,100,99908,100,100051,100,99904,100,100053,200,99895,100,100100,100,99890,100,100105,100,99868,100,100106,100,99851,100
2019-06-28 09:39:20.000000000,100004,307,99957,307,100033,307,99943,307,100034,100,99935,100,100049,100,99927,100,100051,100,99908,100,100053,200,99904,100,100100,100,99895,100,100105,100,99890,100,100106,100,99868,100,100157,100,99851,100
2019-06-28 09:39:30.000000000,100004,307,99957,307,100033,307,99943,307,100034,100,99935,100,100049,100,99927,100,100051,100,99908,100,100053,200,99904,100,100100,100,99895,100,100105,100,99890,100,100106,100,99868,100,100157,100,99851,100
2019-06-28 09:39:40.000000000,100004,514,99957,514,100033,100,99943,100,100034,100,99935,100,100049,100,99927,100,100051,100,99908,100,100053,200,99904,100,100100,100,99895,100,100105,100,99890,100,100106,100,99868,100,100157,100,99851,100
2019-06-28 09:39:45.468190703,100004,514,99969,100,100033,100,99957,514,100034,100,99943,100,100049,100,99935,100,100051,100,99927,100,100053,200,99908,100,100100,100,99904,100,100105,100,99895,100,100157,100,99890,100,100193,100,99868,100
2019-06-28 09:39:50.000000000,100004,183,99969,183,100033,183,99957,183,100034,183,99943,183,100049,183,99935,183,100051,183,99927,183,100053,200,99908,100,100100,100,99904,100,100105,100,99895,100,100157,100,99890,100,100193,100,99868,100
2019-06-28 09:40:00.000000000,100004,183,99969,183,100033,183,99957,183,100034,183,99943,183,100049,183,99935,183,100051,183,99927,183,100053,200,99908,100,100100,100,99904,100,100105,100,99895,100,100157,100,99890,100,100193,100,99868,100
2019-06-28 09:40:00.532721442,100004,83,99969,183,100033,183,99957,183,100034,183,99943,183,100049,183,99935,183,100051,183,99927,183,100053,200,99908,100,100100,100,99904,100,100105,100,99895,100,100157,100,99890,100,100193,100,99868,100
2019-06-28 09:40:10.000000000,100033,514,99969,514,100034,100,99957,100,100049,100,99943,100,100051,100,99935,100,100053,200,99927,100,100100,100,99908,100,100105,100,99904,100,100157,100,99895,100,100193,100,99890,100,100201,100,99868,100
2019-06-28 09:40:19.062933495,100033,514,99969,414,100034,100,99957,100,100049,100,99943,100,100051,100,99935,100,100053,200,99927,100,100100,100,99908,100,100105,100,99904,100,100157,100,99895,100,100193,100,99890,100,100201,100,99868,100
2019-06-28 09:40:20.000000000,100033,204,99957,204,100034,204,99943,204,100049,204,99935,204,100051,204,99927,204,100053,200,99908,100,100100,100,99904,100,100105,100,99895,100,100157,100,99890,100,100193,100,99868,100,100201,100,99851,100
2019-06-28 09:40:30.000000000,100033,183,99957,183,100034,183,99943,183,100049,183,99935,183,100051,183,99927,183,100053,283,99908,183,100100,100,99904,100,100105,100,99895,100,100157,100,99890,100,100193,100,99868,100,100201,100,99851,100
2019-06-28 09:40:40.000000000,100033,307,99957,307,100034,307,99943,307,100049,100,99935,100,100051,100,99927,100,100053,200,99908,100,100100,100,99904,100,100105,100,99895,100,100157,100,99890,100,100193,100,99868,100,100201,100,99851,100
2019-06-28 09:40:46.239727496,100033,307,99957,307,100034,307,99943,307,100049,100,99935,100,100051,100,99927,100,100053,200,99908,100,100100,100,99904,100,100105,100,99895,100,100157,100,99890,100,100193,100,99868,100,100216,100,99851,100
2019-06-28 09:40:50.000000000,100033,183,99957,183,100034,183,99943,183,100049,183,99935,183,100051,183,99927,183,100053,283,99908,183,100100,100,99904,100,100105,100,99895,100,100157,100,99890,100,100193,100,99868,100,100216,100,99851,100
2019-06-28 09:40:58.948353286,100033,183,99957,183,100034,183,99943,183,100049,183,99935,183,100051,183,99927,183,100053,283,99908,183,100100,100,99904,100,100105,100,99895,100,100193,100,99890,100,100216,100,99868,100,100336,100,99851,100
2019-06-28 09:41:00.000000000,100033,183,99957,183,100034,183,99943,183,100049,183,99935,183,100051,183,99927,183,100053,283,99908,183,100100,100,99904,100,100105,100,99895,100,100193,100,99890,100,100216,100,99868,100,100336,100,99851,100
2019-06-28 09:41:10.000000000,100033,204,99957,204,100034,204,99943,204,100049,204,99935,204,100051,204,99927,204,100053,200,99908,100,100100,100,99904,100,100105,100,99895,100,100193,100,99890,100,100216,100,99868,100,100336,100,99851,100
2019-06-28 09:41:10.775118032,100033,104,99957,204,100034,204,99943,204,100049,204,99935,204,100051,204,99927,204,100053,200,99908,100,100100,100,99904,100,100105,100,99895,100,100193,100,99890,100,100216,100,99868,100,100406,100,99851,100
2019-06-28 09:41:12.514065839,100033,104,99957,204,100034,204,99943,204,100049,204,99935,204,100051,204,99927,204,100053,200,99908,100,100105,100,99904,100,100193,100,99895,100,100216,100,99890,100,100406,100,99868,100,100419,100,99851,100
2019-06-28 09:41:20.000000000,100034,307,99957,307,100049,307,99943,307,100051,100,99935,100,100053,200,99927,100,100105,100,99908,100,100193,100,99904,100,100216,100,99895,100,100406,100,99890,100,100419,100,99868,100,100442,100,99851,100
2019-06-28 09:41:28.336993666,100034,207,99957,307,100049,307,99943,307,100051,100,99935,100,100053,200,99927,100,100105,100,99908,100,100193,100,99904,100,100216,100,99895,100,100406,100,99890,100,100419,100,99868,100,100442,100,99851,100
2019-06-28 09:41:30.000000000,100049,514,99957,514,100051,100,99943,100,100053,200,99935,100,100105,100,99927,100,100193,100,99908,100,100216,100,99904,100,100406,100,99895,100,100419,100,99890,100,100442,100,99868,100,100592,100,99851,100
2019-06-28 09:41:40.000000000,100049,204,99957,204,100051,204,99943,204,100053,304,99935,204,100105,204,99927,204,100193,100,99908,100,100216,100,99904,100,100406,100,99895,100,100419,100,99890,100,100442,100,99868,100,100592,100,99851,100
2019-06-28 09:41:50.000000000,100049,204,99957,204,100051,204,99943,204,100053,304,99935,204,100105,204,99927,204,100193,100,99908,100,100216,100,99904,100,100406,100,99895,100,100419,100,99890,100,100442,100,99868,100,100592,100,99851,100
2019-06-28 09:41:50.842221910,100049,104,99957,204,100051,204,99943,204,100053,304,99935,204,100105,204,99927,204,100193,100,99908,100,100216,100,99904,100,100406,100,99895,100,100419,100,99890,100,100442,100,99868,100,100592,100,99851,100
2019-06-28 09:41:59.134080370,100049,104,100034,100,100051,204,99957,204,100053,304,99943,204,100105,204,99935,204,100193,100,99927,204,100216,100,99908,100,100406,100,99904,100,100419,100,99895,100,100442,100,99890,100,100592,100,99868,100
2019-06-28 09:42:00.000000000,100051,514,100034,514,100053,200,99957,100,100105,100,99943,100,100193,100,99935,100,100216,100,99927,100,100406,100,99908,100,100419,100,99904,100,100442,100,99895,100,100592,100,99890,100,100634,100,99868,100
2019-06-28 09:42:10.000000000,100051,183,100034,183,100053,283,99957,183,100105,183,99943,183,100193,183,99935,183,100216,183,99927,183,100406,100,99908,100,100419,100,99904,100,100442,100,99895,100,100592,100,99890,100,100634,100,99868,100
2019-06-28 09:42:12.586693318,100051,83,100034,183,100053,283,99957,183,100105,183,99943,183,100193,183,99935,183,100216,183,99927,183,100406,100,99908,100,100419,100,99904,100,100442,100,99895,100,100592,100,99890,100,100634,100,99868,100
2019-06-28 09:42:20.000000000,100053,304,100034,204,100105,204,99957,204,100193,204,99943,204,100216,204,99935,204,100406,100,99927,100,100419,100,99908,100,100442,100,99904,100,100592,100,99895,100,100634,100,99890,100,,,99868,100
2019-06-28 09:42:26.916137874,100053,304,100034,204,100105,204,99957,204,100193,204,99943,204,100216,204,99935,204,100406,100,99927,100,100419,100,99908,100,100442,100,99904,100,100592,100,99895,100,100634,100,99890,100,100665,100,99868,100
2019-06-28 09:42:30.000000000,100053,283,100034,183,100105,183,99957,183,100193,183,99943,183,100216,183,99935,183,100406,183,99927,183,100419,100,99908,100,100442,100,99904,100,100592,100,99895,100,100634,100,99890,100,100665,100,99868,100
2019-06-28 09:42:34.494103351,100053,283,100034,183,100105,183,99957,183,100193,183,99943,183,100216,183,99935,183,100377,100,99927,183,100406,183,99908,100,100419,100,99904,100,100442,100,99895,100,100592,100,99890,100,100634,100,99868,100
2019-06-28 09:42:40.000000000,100053,341,100034,241,100105,237,99957,237,100193,237,99943,237,100216,100,99935,100,100377,100,99927,100,100406,100,99908,100,100419,100,99904,100,100442,100,99895,100,100592,100,99890,100,100634,100,99868,100
2019-06-28 09:42:50.000000000,100053,407,100034,307,100105,307,99957,307,100193,100,99943,100,100216,100,99935,100,100377,100,99927,100,100406,100,99908,100,100419,100,99904,100,100442,100,99895,100,100592,100,99890,100,100634,100,99868,100
2019-06-28 09:43:00.000000000,100053,283,100034,183,100105,183,99957,183,100193,183,99943,183,100216,183,99935,183,100377,183,99927,183,100406,100,99908,100,100419,100,99904,100,100442,100,99895,100,100592,100,99890,100,100634,100,99868,100
2019-06-28 09:43:10.000000000,100053,407,100034,307,100105,307,99957,307,100193,100,99943,100,100216,100,99935,100,100377,100,99927,100,100406,100,99908,100,100419,100,99904,100,100442,100,99895,100,100592,100,99890,100,100634,100,99868,100
2019-06-28 09:43:17.244534130,100053,407,100034,307,100105,307,99957,307,100193,100,99943,100,100216,100,99935,100,100377,100,99927,100,100406,100,99908,100,100419,100,99904,100,100442,100,99895,100,100592,100,99890,100,100634,100,99868,100
2019-06-28 09:43:20.000000000,100053,614,100034,514,100105,100,99957,100,100193,100,99943,100,100216,100,99935,100,100377,100,99927,100,100406,100,99908,100,100419,100,99904,100,100442,100,99895,100,100592,100,99890,100,100634,100,99868,100
2019-06-28 09:43:30.000000000,100053,407,100034,307,100105,307,99957,307,100193,100,99943,100,100216,100,99935,100,100377,100,99927,100,100406,100,99908,100,100419,100,99904,100,100442,100,99895,100,100592,100,99890,100,100634,100,99868,100
2019-06-28 09:43:30.032567931,100053,407,100034,307,100105,307,99957,307,100193,100,99943,100,100216,100,99935,100,100377,100,99927,100,100406,100,99908,100,100419,100,99904,100,100442,100,99895,100,100592,100,99890,100,100634,100,99868,100
2019-06-28 09:43:40.000000000,100053,407,100034,307,100105,307,99957,307,100193,100,99943,100,100216,100,99935,100,100377,100,99927,100,100406,100,99908,100,100419,100,99904,100,100442,100,99895,100,100592,100,99890,100,100634,100,99868,100
2019-06-28 09:43:50.000000000,100053,341,100034,241,100105,237,99957,237,100193,237,99943,237,100216,100,99935,100,100377,100,99927,100,100406,100,99908,100,100419,100,99904,100,100442,100,99895,100,100592,100,99890,100,100634,100,99868,100
2019-06-28 09:44:00.000000000,100053,407,100034,307,100105,307,99957,307,100193,100,99943,100,100216,100,99935,100,100377,100,99927,100,100406,100,99908,100,100419,100,99904,100,100442,100,99895,100,100592,100,99890,100,100634,100,99868,100
2019-06-28 09:44:00.800634022,100053,407,100034,307,100105,307,99957,307,100193,100,99943,100,100216,100,99935,100,100377,100,99927,100,100406,100,99908,100,100419,100,99904,100,100442,100,99895,100,100592,100,99890,100,100634,100,99868,100
2019-06-28 09:44:10.000000000,100053,407,100034,307,100105,307,99957,307,100193,100,99943,100,100216,100,99935,100,100377,100,99927,100,100406,100,99908,100,100419,100,99904,100,100442,100,99895,100,100592,100,99890,100,100634,100,99868,100
2019-06-28 09:44:20.000000000,100053,283,100034,183,100105,183,99957,183,100193,183,99943,183,100216,183,99935,183,100377,183,99927,183,100406,100,99908,100,100419,100,99904,100,100442,100,99895,100,100592,100,99890,100,100634,100,99868,100
2019-06-28 09:44:21.073327889,100053,283,100034,183,100105,183,99957,183,100193,183,99943,183,100216,183,99935,183,100377,183,99927,183,100406,100,99908,100,100419,100,99904,100,100442,100,99895,100,100634,100,99890,100,100665,100,99868,100
2019-06-28 09:44:23.707044642,100053,183,100034,183,100105,183,99957,183,100193,183,99943,183,100216,183,99935,183,100377,183,99927,183,100406,100,99908,100,100419,100,99904,100,100442,100,99895,100,100634,100,99890,100,100665,100,99868,100
2019-06-28 09:44:30.000000000,100053,204,100034,204,100105,204,99957,204,100193,204,99943,204,100216,204,99935,204,100377,100,99927,100,100406,100,99908,100,100419,100,99904,100,100442,100,99895,100,100634,100,99890,100,100665,100,99868,100
2019-06-28 09:44:40.000000000,100053,183,100034,183,100105,183,99957,183,100193,183,99943,183,100216,183,99935,183,100377,183,99927,183,100406,100,99908,100,100419,100,99904,100,100442,100,99895,100,100634,100,99890,100,100665,100,99868,100
2019-06-28 09:44:50.000000000,100053,307,100034,307,100105,307,99957,307,100193,100,99943,100,100216,100,99935,100,100377,100,99927,100,100406,100,99908,100,100419,100,99904,100,100442,100,99895,100,100634,100,99890,100,100665,100,99868,100
2019-06-28 09:44:55.181599471,100053,207,100034,307,100105,307,99957,307,100193,100,99943,100,100216,100,99935,100,100377,100,99908,100,100406,100,99904,100,100419,100,99895,100,100442,100,99890,100,100634,100,99868,100,100665,100,99851,100
2019-06-28 09:45:00.000000000,100105,204,100034,204,100193,204,99957,204,100216,204,99943,204,100377,204,99935,204,100406,100,99908,100,100419,100,99904,100,100442,100,99895,100,100634,100,99890,100,100665,100,99868,100,100836,100,99851,100
2019-06-28 09:45:10.000000000,100105,204,100034,204,100193,204,99957,204,100216,204,99943,204,100377,204,99935,204,100406,100,99908,100,100419,100,99904,100,100442,100,99895,100,100634,100,99890,100,100665,100,99868,100,100836,100,99851,100
2019-06-28 09:45:20.000000000,100105,514,100034,514,100193,100,99957,100,100216,100,99943,100,100377,100,99935,100,100406,100,99908,100,100419,100,99904,100,100442,100,99895,100,100634,100,99890,100,100665,100,99868,100,100836,100,99851,100
2019-06-28 09:45:20.614348140,100105,414,100034,514,100193,100,99957,100,100216,100,99943,100,100377,100,99935,100,100406,100,99908,100,100419,100,99904,100,100442,100,99895,100,100634,100,99890,100,100665,100,99868,100,100836,100,99851,100
2019-06-28 09:45:24.678520296,100105,314,100034,514,100193,100,99957,100,100216,100,99943,100,100377,100,99935,100,100406,100,99908,100,100419,100,99904,100,100442,100,99895,100,100634,100,99868,100,100665,100,99851,100,100836,100,99845,100
2019-06-28 09:45:30.000000000,100193,241,100034,241,100216,237,99957,237,100377,237,99943,237,100406,100,99935,100,100419,100,99908,100,100442,100,99904,100,100634,100,99895,100,100665,100,99868,100,100836,100,99851,100,101071,100,99845,100
2019-06-28 09:45:40.000000000,100193,307,100034,307,100216,307,99957,307,100377,100,99943,100,100406,100,99935,100,100419,100,99908,100,100442,100,99904,100,100634,100,99895,100,100665,100,99868,100,100836,100,99851,100,101071,100,99845,100
2019-06-28 09:45:40.491143074,100193,307,100105,100,100216,307,100034,207,100377,100,99957,307,100406,100,99943,100,100419,100,99935,100,100442,100,99908,100,100634,100,99904,100,100665,100,99895,100,100836,100,99868,100,101071,100,99851,100
2019-06-28 09:45:50.000000000,100193,514,100105,514,100216,100,99957,100,100377,100,99943,100,100406,100,99935,100,100419,100,99908,100,100442,100,99904,100,100634,100,99895,100,100665,100,99868,100,100836,100,99851,100,101071,100,99845,100
2019-06-28 09:45:58.515520815,100193,514,100105,514,100216,100,99957,100,100377,100,99943,100,100406,100,99935,100,100419,100,99908,100,100442,100,99904,100,100634,100,99895,100,100665,100,99868,100,100836,100,99851,100,101002,100,99845,100
2019-06-28 09:46:00.000000000,100193,514,100105,514,100216,100,99957,100,100377,100,99943,100,100406,100,99935,100,100419,100,99908,100,100442,100,99904,100,100634,100,99895,100,100665,100,99868,100,100836,100,99851,100,101002,100,99845,100
2019-06-28 09:46:10.000000000,100193,514,100105,514,100216,100,99957,100,100377,100,99943,100,100406,100,99935,100,100419,100,99908,100,100442,100,99904,100,100634,100,99895,100,100665,100,99868,100,100836,100,99851,100,101002,100,99845,100
2019-06-28 09:46:10.285302732,100193,514,100105,514,100216,100,99957,100,100377,100,99943,100,100406,100,99935,100,100419,100,99908,100,100634,100,99904,100,100665,100,99895,100,100836,100,99868,100,101002,100,99851,100,101034,100,99845,100
2019-06-28 09:46:20.000000000,100193,514,100105,514,100216,100,99957,100,100377,100,99943,100,100406,100,99935,100,100419,100,99908,100,100634,100,99904,100,100665,100,99895,100,100836,100,99868,100,101002,100,99851,100,101034,100,99845,100
2019-06-28 09:46:26.405678113,100193,514,100105,614,100216,100,99957,100,100377,100,99943,100,100406,100,99935,100,100419,100,99908,100,100634,100,99904,100,100665,100,99895,100,100836,100,99868,100,101002,100,99851,100,101034,100,99845,100
2019-06-28 09:46:30.000000000,100193,241,100105,341,100216,237,99957,237,100377,237,99943,237,100406,100,99935,100,100419,100,99908,100,100634,100,99904,100,100665,100,99895,100,100836,100,99868,100,101002,100,99851,100,101034,100,99845,100
2019-06-28 09:46:40.000000000,100193,183,100105,283,100216,183,99957,183,100377,183,99943,183,100406,183,99935,183,100419,183,99908,183,100634,100,99904,100,100665,100,99895,100,100836,100,99868,100,101002,100,99851,100,101034,100,99845,100
2019-06-28 09:46:50.000000000,100193,307,100105,407,100216,307,99957,307,100377,100,99943,100,100406,100,99935,100,100419,100,99908,100,100634,100,99904,100,100665,100,99895,100,100836,100,99868,100,101002,100,99851,100,101034,100,99845,100
2019-06-28 09:47:00.000000000,100193,514,100105,614,100216,100,99957,100,100377,100,99943,100,100406,100,99935,100,100419,100,99908,100,100634,100,99904,100,100665,100,99895,100,100836,100,99868,100,101002,100,99851,100,101034,100,99845,100
2019-06-28 09:47:03.602815356,100193,414,100105,614,100216,100,99957,100,100377,100,99943,100,100406,100,99935,100,100419,100,99908,100,100634,100,99904,100,100665,100,99895,100,100836,100,99868,100,101002,100,99851,100,101034,100,99845,100
2019-06-28 09:47:10.000000000,100216,204,100105,304,100377,204,99957,204,100406,204,99943,204,100419,204,99935,204,100634,100,99908,100,100665,100,99904,100,100836,100,99895,100,101002,100,99868,100,101034,100,99851,100,101071,100,99845,100
2019-06-28 09:47:12.803490184,100216,104,100105,304,100377,204,99957,204,100406,204,99943,204,100419,204,99935,204,100634,100,99908,100,100665,100,99904,100,100836,100,99895,100,101002,100,99868,100,101034,100,99851,100,101071,100,99845,100
2019-06-28 09:47:17.857638383,100216,104,100193,100,100377,204,100105,304,100406,204,99957,204,100419,204,99943,204,100634,100,99935,204,100665,100,99908,100,100836,100,99904,100,101002,100,99895,100,101034,100,99868,100,101071,100,99851,100
2019-06-28 09:47:20.000000000,100377,307,100193,307,100406,307,100105,407,100419,100,99957,100,100634,100,99943,100,100665,100,99935,100,100836,100,99908,100,101002,100,99904,100,101034,100,99895,100,101071,100,99868,100,,,99851,100
2019-06-28 09:47:23.926539616,100377,307,100193,307,100406,307,100105,407,100419,100,99957,100,100634,100,99943,100,100665,100,99935,100,100836,100,99908,100,101002,100,99904,100,101034,100,99895,100,101071,100,99868,100,101119,100,99851,100
2019-06-28 09:47:24.938653069,100377,307,100193,407,100406,307,100105,407,100419,100,99957,100,100634,100,99943,100,100665,100,99935,100,100836,100,99908,100,101002,100,99904,100,101034,100,99895,100,101071,100,99868,100,101119,100,99851,100
2019-06-28 09:47:30.000000000,100377,241,100193,341,100406,237,100105,337,100419,237,99957,237,100634,100,99943,100,100665,100,99935,100,100836,100,99908,100,101002,100,99904,100,101034,100,99895,100,101071,100,99868,100,101119,100,99851,100
2019-06-28 09:47:35.655789574,100377,241,100193,341,100406,237,100105,337,100419,237,99957,237,100634,100,99943,100,100665,100,99935,100,100836,100,99908,100,101002,100,99904,100,101034,100,99895,100,101071,100,99868,100,101119,100,99851,100
2019-06-28 09:47:39.855137020,100377,241,100193,341,100406,237,100105,237,100419,237,99957,237,100634,100,99943,100,100665,100,99935,100,100836,100,99908,100,101002,100,99904,100,101034,100,99895,100,101071,100,99868,100,101119,100,99851,100
2019-06-28 09:47:40.000000000,100377,307,100193,407,100406,307,100105,307,100419,100,99957,100,100634,100,99943,100,100665,100,99935,100,100836,100,99908,100,101002,100,99904,100,101034,100,99895,100,101071,100,99868,100,101119,100,99851,100
2019-06-28 09:47:50.000000000,100377,241,100193,341,100406,237,100105,237,100419,237,99957,237,100634,100,99943,100,100665,100,99935,100,100836,100,99908,100,101002,100,99904,100,101034,100,99895,100,101071,100,99868,100,101119,100,99851,100
2019-06-28 09:48:00.000000000,100377,183,100193,283,100406,183,100105,183,100419,183,99957,183,100634,183,99943,183,100665,183,99935,183,100836,100,99908,100,101002,100,99904,100,101034,100,99895,100,101071,100,99868,100,101119,100,99851,100
2019-06-28 09:48:10.000000000,100377,183,100193,283,100406,183,100105,183,100419,183,99957,183,100634,183,99943,183,100665,183,99935,183,100836,100,99908,100,101002,100,99904,100,101034,100,99895,100,101071,100,99868,100,101119,100,99851,100
2019-06-28 09:48:20.000000000,100377,204,100193,304,100406,204,100105,204,100419,204,99957,204,100634,204,99943,204,100665,100,99935,100,100836,100,99908,100,101002,100,99904,100,101034,100,99895,100,101071,100,99868,100,101119,100,99851,100
2019-06-28 09:48:30.000000000,100377,204,100193,304,100406,204,100105,204,100419,204,99957,204,100634,204,99943,204,100665,100,99935,100,100836,100,99908,100,101002,100,99904,100,101034,100,99895,100,101071,100,99868,100,101119,100,99851,100
2019-06-28 09:48:34.284898608,100377,104,100193,304,100406,204,100105,204,100419,204,99957,204,100634,204,99943,204,100665,100,99935,100,100836,100,99908,100,101002,100,99904,100,101071,100,99895,100,101119,100,99868,100,101213,100,99851,100
2019-06-28 09:48:40.000000000,100406,183,100193,283,100419,183,100105,183,100634,183,99957,183,100665,183,99943,183,100836,183,99935,183,101002,100,99908,100,101071,100,99904,100,101119,100,99895,100,101213,100,99868,100,,,99851,100
2019-06-28 09:48:44.955554379,100406,183,100216,100,100419,183,100193,283,100634,183,100105,183,100665,183,99957,183,100836,183,99943,183,101002,100,99935,183,101071,100,99908,100,101119,100,99904,100,101213,100,99895,100,,,99868,100
2019-06-28 09:48:48.713679099,100406,83,100216,100,100419,183,100193,283,100634,183,100105,183,100665,183,99957,183,100836,183,99943,183,101002,100,99935,183,101071,100,99908,100,101119,100,99904,100,101213,100,99895,100,,,99868,100
2019-06-28 09:48:50.000000000,100419,204,100216,204,100634,204,100193,304,100665,204,100105,204,100836,204,99957,204,101002,100,99943,100,101071,100,99935,100,101119,100,99908,100,101213,100,99904,100,,,99895,100,,,99868,100
2019-06-28 09:49:00.000000000,100419,241,100216,241,100634,237,100193,337,100665,237,100105,237,100836,100,99957,100,101002,100,99943,100,101071,100,99935,100,101119,100,99908,100,101213,100,99904,100,,,99895,100,,,99868,100
2019-06-28 09:49:10.000000000,100419,514,100216,514,100634,100,100193,200,100665,100,100105,100,100836,100,99957,100,101002,100,99943,100,101071,100,99935,100,101119,100,99908,100,101213,100,99904,100,,,99895,100,,,99868,100
2019-06-28 09:49:10.602620706,100419,414,100216,514,100634,100,100193,200,100665,100,100105,100,100836,100,99957,100,101002,100,99943,100,101071,100,99935,100,101119,100,99908,100,101213,100,99904,100,,,99895,100,,,99868,100
2019-06-28 09:49:20.000000000,100634,307,100216,307,100665,307,100193,407,100836,100,100105,100,101002,100,99957,100,101071,100,99943,100,101119,100,99935,100,101213,100,99908,100,,,99904,100,,,99895,100,,,99868,100
2019-06-28 09:49:30.000000000,100634,514,100216,514,100665,100,100193,200,100836,100,100105,100,101002,100,99957,100,101071,100,99943,100,101119,100,99935,100,101213,100,99908,100,,,99904,100,,,99895,100,,,99868,100
2019-06-28 09:49:38.732654389,100634,514,100216,514,100665,100,100193,200,100836,100,100105,100,101002,100,99957,100,101071,100,99943,100,101119,100,99935,100,101213,100,99908,100,101562,100,99904,100,,,99895,100,,,99868,100
2019-06-28 09:49:40.000000000,100634,241,100216,241,100665,237,100193,337,100836,237,100105,237,101002,100,99957,100,101071,100,99943,100,101119,100,99935,100,101213,100,99908,100,101562,100,99904,100,,,99895,100,,,99868,100
2019-06-28 09:49:42.134494639,100634,241,100406,100,100665,237,100216,241,100836,237,100193,237,101002,100,100105,237,101071,100,99957,100,101119,100,99943,100,101213,100,99935,100,101562,100,99908,100,,,99904,100,,,99895,100
2019-06-28 09:49:50.000000000,100634,204,100406,204,100665,204,100216,204,100836,204,100193,204,101002,204,100105,204,101071,100,99957,100,101119,100,99943,100,101213,100,99935,100,101562,100,99908,100,,,99904,100,,,99895,100
2019-06-28 09:50:00.000000000,100634,307,100406,307,100665,307,100216,307,100836,100,100193,100,101002,100,100105,100,101071,100,99957,100,101119,100,99943,100,101213,100,99935,100,101562,100,99908,100,,,99904,100,,,99895,100
2019-06-28 09:50:01.922153723,100634,207,100406,307,100665,307,100216,307,100836,100,100193,100,101002,100,100105,100,101071,100,99957,100,101119,100,99943,100,101213,100,99908,100,101562,100,99904,100,,,99895,100,,,99868,100
2019-06-28 09:50:04.008118294,100634,107,100406,307,100665,307,100216,307,100836,100,100193,100,101002,100,100105,100,101071,100,99957,100,101119,100,99943,100,101213,100,99908,100,101562,100,99904,100,,,99895,100,,,99868,100
2019-06-28 09:50:10.000000000,100665,183,100406,183,100836,183,100216,183,101002,183,100193,183,101071,183,100105,183,101119,183,99957,183,101213,100,99943,100,101562,100,99908,100,,,99904,100,,,99895,100,,,99868,100
2019-06-28 09:50:15.581076742,100665,83,100406,183,100836,183,100216,183,101002,183,100193,183,101071,183,100105,183,101119,183,99957,183,101213,100,99943,100,101562,100,99908,100,,,99904,100,,,99895,100,,,99868,100
2019-06-28 09:50:20.000000000,100836,514,100406,514,101002,100,100216,100,101071,100,100193,100,101119,100,100105,100,101213,100,99957,100,101562,100,99943,100,,,99908,100,,,99904,100,,,99895,100,,,99868,100
2019-06-28 09:50:29.535164723,100836,514,100406,514,101002,100,100216,100,101071,100,100193,100,101119,100,100105,100,101213,100,99957,100,101562,100,99943,100,102233,100,99908,100,,,99904,100,,,99895,100,,,99868,100
2019-06-28 09:50:30.000000000,100836,241,100406,241,101002,237,100216,237,101071,237,100193,237,101119,100,100105,100,101213,100,99957,100,101562,100,99943,100,102233,100,99908,100,,,99904,100,,,99895,100,,,99868,100
2019-06-28 09:50:40.000000000,100836,307,100406,307,101002,307,100216,307,101071,100,100193,100,101119,100,100105,100,101213,100,99957,100,101562,100,99943,100,102233,100,99908,100,,,99904,100,,,99895,100,,,99868,100
2019-06-28 09:50:49.990948185,100836,307,100406,307,101002,307,100216,307,101071,100,100193,100,101213,100,100105,100,101562,100,99957,100,102112,100,99943,100,102233,100,99908,100,,,99904,100,,,99895,100,,,99868,100
2019-06-28 09:50:50.000000000,100836,241,100406,241,101002,237,100216,237,101071,237,100193,237,101213,100,100105,100,101562,100,99957,100,102112,100,99943,100,102233,100,99908,100,,,99904,100,,,99895,100,,,99868,100
2019-06-28 09:51:00.000000000,100836,183,100406,183,101002,183,100216,183,101071,183,100193,183,101213,183,100105,183,101562,183,99957,183,102112,100,99943,100,102233,100,99908,100,,,99904,100,,,99895,100,,,99868,100
2019-06-28 09:51:10.000000000,100836,204,100406,204,101002,204,100216,204,101071,204,100193,204,101213,204,100105,204,101562,100,99957,100,102112,100,99943,100,102233,100,99908,100,,,99904,100,,,99895,100,,,99868,100
2019-06-28 09:51:20.000000000,100836,204,100406,204,101002,204,100216,204,101071,204,100193,204,101213,204,100105,204,101562,100,99957,100,102112,100,99943,100,102233,100,99908,100,,,99904,100,,,99895,100,,,99868,100
2019-06-28 09:51:30.000000000,100836,307,100406,307,101002,307,100216,307,101071,100,100193,100,101213,100,100105,100,101562,100,99957,100,102112,100,99943,100,102233,100,99908,100,,,99904,100,,,99895,100,,,99868,100
2019-06-28 09:51:34.951041163,100836,307,100584,100,101002,307,100406,307,101071,100,100216,307,101213,100,100193,100,101562,100,100105,100,102112,100,99957,100,102233,100,99943,100,,,99908,100,,,99904,100,,,99895,100
2019-06-28 09:51:40.000000000,100836,183,100584,183,101002,183,100406,183,101071,183,100216,183,101213,183,100193,183,101562,183,100105,183,102112,100,99957,100,102233,100,99943,100,,,99908,100,,,99904,100,,,99895,100
2019-06-28 09:51:50.000000000,100836,307,100584,307,101002,307,100406,307,101071,100,100216,100,101213,100,100193,100,101562,100,100105,100,102112,100,99957,100,102233,100,99943,100,,,99908,100,,,99904,100,,,99895,100
2019-06-28 09:51:58.056914761,100836,307,100584,207,101002,307,100406,307,101071,100,100216,100,101562,100,100193,100,102112,100,100105,100,102233,100,99957,100,,,99943,100,,,99908,100,,,99904,100,,,99895,100
2019-06-28 09:52:00.000000000,100836,183,100406,183,101002,183,100216,183,101071,183,100193,183,101562,183,100105,183,102112,183,99957,183,102233,100,99943,100,,,99908,100,,,99904,100,,,99895,100,,,99868,100
2019-06-28 09:52:10.000000000,100836,204,100406,204,101002,204,100216,204,101071,204,100193,204,101562,204,100105,204,102112,100,99957,100,102233,100,99943,100,,,99908,100,,,99904,100,,,99895,100,,,99868,100
2019-06-28 09:52:10.459244990,100836,204,100406,104,101002,204,100216,204,101071,204,100193,204,101562,204,100105,204,102112,100,99957,100,102233,100,99943,100,,,99908,100,,,99904,100,,,99895,100,,,99868,100
2019-06-28 09:52:13.128693312,100584,100,100406,104,100836,204,100216,204,101002,204,100193,204,101071,204,100105,204,101562,204,99957,100,102112,100,99943,100,102233,100,99908,100,,,99904,100,,,99895,100,,,99868,100
2019-06-28 09:52:20.000000000,100584,307,100216,307,100836,307,100193,307,101002,100,100105,100,101071,100,99957,100,101562,100,99943,100,102112,100,99908,100,102233,100,99904,100,,,99895,100,,,99868,100,,,99851,100
2019-06-28 09:52:30.000000000,100584,514,100216,514,100836,100,100193,100,101002,100,100105,100,101071,100,99957,100,101562,100,99943,100,102112,100,99908,100,102233,100,99904,100,,,99895,100,,,99868,100,,,99851,100
2019-06-28 09:52:36.427615932,100584,514,100388,100,100836,100,100216,514,101002,100,100193,100,101071,100,100105,100,101562,100,99957,100,102112,100,99943,100,102233,100,99908,100,,,99904,100,,,99895,100,,,99868,100
2019-06-28 09:52:40.000000000,100584,307,100388,307,100836,307,100216,307,101002,100,100193,100,101071,100,100105,100,101562,100,99957,100,102112,100,99943,100,102233,100,99908,100,,,99904,100,,,99895,100,,,99868,100
2019-06-28 09:52:50.000000000,100584,307,100388,307,100836,307,100216,307,101002,100,100193,100,101071,100,100105,100,101562,100,99957,100,102112,100,99943,100,102233,100,99908,100,,,99904,100,,,99895,100,,,99868,100
2019-06-28 09:53:00.000000000,100584,241,100388,241,100836,237,100216,237,101002,237,100193,237,101071,100,100105,100,101562,100,99957,100,102112,100,99943,100,102233,100,99908,100,,,99904,100,,,99895,100,,,99868,100
2019-06-28 09:53:01.231098183,100584,241,100388,141,100836,237,100216,237,101002,237,100193,237,101071,100,100105,100,101562,100,99957,100,102112,100,99943,100,102233,100,99904,100,,,99895,100,,,99868,100,,,99851,100
2019-06-28 09:53:10.000000000,100584,204,100216,204,100836,204,100193,204,101002,204,100105,204,101071,204,99957,204,101562,100,99943,100,102112,100,99904,100,102233,100,99895,100,,,99868,100,,,99851,100,,,99845,100
2019-06-28 09:53:20.000000000,100584,514,100216,514,100836,100,100193,100,101002,100,100105,100,101071,100,99957,100,101562,100,99943,100,102112,100,99904,100,102233,100,99895,100,,,99868,100,,,99851,100,,,99845,100
2019-06-28 09:53:30.000000000,100584,514,100216,514,100836,100,100193,100,101002,100,100105,100,101071,100,99957,100,101562,100,99943,100,102112,100,99904,100,102233,100,99895,100,,,99868,100,,,99851,100,,,99845,100
2019-06-28 09:53:40.000000000,100584,183,100216,183,100836,183,100193,183,101002,183,100105,183,101071,183,99957,183,101562,183,99943,183,102112,100,99904,100,102233,100,99895,100,,,99868,100,,,99851,100,,,99845,100
2019-06-28 09:53:50.000000000,100584,514,100216,514,100836,100,100193,100,101002,100,100105,100,101071,100,99957,100,101562,100,99943,100,102112,100,99904,100,102233,100,99895,100,,,99868,100,,,99851,100,,,99845,100
2019-06-28 09:53:54.089883156,100584,514,100216,414,100836,100,100193,100,101002,100,100105,100,101071,100,99957,100,101562,100,99943,100,102112,100,99904,100,102233,100,99895,100,,,99868,100,,,99851,100,,,99845,100
2019-06-28 09:54:00.000000000,100584,514,100193,514,100836,100,100105,100,101002,100,99957,100,101071,100,99943,100,101562,100,99904,100,102112,100,99895,100,102233,100,99868,100,,,99851,100,,,99845,100,,,98750,100
2019-06-28 09:54:01.762213689,100379,100,100193,514,100584,514,100105,100,100836,100,99957,100,101002,100,99943,100,101071,100,99904,100,101562,100,99895,100,102112,100,99868,100,102233,100,99851,100,,,99845,100,,,98750,100
2019-06-28 09:54:02.359422353,100379,100,100193,514,100460,100,100105,100,100584,514,99957,100,100836,100,99943,100,101002,100,99904,100,101071,100,99895,100,101562,100,99868,100,102112,100,99851,100,102233,100,99845,100,,,98750,100
2019-06-28 09:54:10.000000000,100379,514,100193,514,100460,100,100105,100,100584,100,99957,100,100836,100,99943,100,101002,100,99904,100,101071,100,99895,100,101562,100,99868,100,102112,100,99851,100,102233,100,99845,100,,,98750,100
2019-06-28 09:54:12.614755608,100379,514,100199,100,100460,100,100193,514,100584,100,100105,100,100836,100,99957,100,101002,100,99943,100,101071,100,99904,100,101562,100,99895,100,102112,100,99868,100,102233,100,99851,100,,,99845,100
2019-06-28 09:54:17.026949016,100289,100,100199,100,100379,514,100193,514,100460,100,100105,100,100584,100,99957,100,100836,100,99943,100,101002,100,99904,100,101071,100,99895,100,101562,100,99868,100,102112,100,99851,100,,,99845,100
2019-06-28 09:54:20.000000000,100289,241,100199,241,100379,237,100193,237,100460,237,100105,237,100584,100,99957,100,100836,100,99943,100,101002,100,99904,100,101071,100,99895,100,101562,100,99868,100,102112,100,99851,100,,,99845,100
2019-06-28 09:54:30.000000000,100289,307,100199,307,100379,307,100193,307,100460,100,100105,100,100584,100,99957,100,100836,100,99943,100,101002,100,99904,100,101071,100,99895,100,101562,100,99868,100,102112,100,99851,100,,,99845,100
2019-06-28 09:54:30.492318047,100289,307,100199,307,100379,307,100193,307,100406,100,100105,100,100460,100,99957,100,100584,100,99943,100,100836,100,99904,100,101002,100,99895,100,101071,100,99868,100,101562,100,99851,100,102112,100,99845,100
2019-06-28 09:54:40.000000000,100289,183,100199,183,100379,183,100193,183,100406,183,100105,183,100460,183,99957,183,100584,183,99943,183,100836,100,99904,100,101002,100,99895,100,101071,100,99868,100,101562,100,99851,100,102112,100,99845,100
2019-06-28 09:54:50.000000000,100289,514,100199,514,100379,100,100193,100,100406,100,100105,100,100460,100,99957,100,100584,100,99943,100,100836,100,99904,100,101002,100,99895,100,101071,100,99868,100,101562,100,99851,100,102112,100,99845,100
2019-06-28 09:55:00.000000000,100289,204,100199,204,100379,204,100193,204,100406,204,100105,204,100460,204,99957,204,100584,100,99943,100,100836,100,99904,100,101002,100,99895,100,101071,100,99868,100,101562,100,99851,100,102112,100,99845,100
2019-06-28 09:55:03.890200239,100289,204,100199,204,100379,204,100193,204,100406,204,100105,204,100460,204,99957,204,100584,100,99943,100,100836,100,99904,100,101002,100,99895,100,101071,100,99868,100,101562,100,99851,100,102112,100,99845,100
2019-06-28 09:55:10.000000000,100289,307,100199,307,100379,307,100193,307,100406,100,100105,100,100460,100,99957,100,100584,100,99943,100,100836,100,99904,100,101002,100,99895,100,101071,100,99868,100,101562,100,99851,100,102112,100,99845,100
2019-06-28 09:55:20.000000000,100289,183,100199,183,100379,183,100193,183,100406,183,100105,183,100460,183,99957,183,100584,183,99943,183,100836,100,99904,100,101002,100,99895,100,101071,100,99868,100,101562,100,99851,100,102112,100,99845,100
2019-06-28 09:55:20.730811551,100289,183,100199,183,100379,183,100193,183,100406,183,100105,183,100460,183,99957,183,100584,183,99943,183,100836,100,99904,100,101002,100,99895,100,101071,100,99868,100,101562,100,99851,100,102112,100,99845,100
2019-06-28 09:55:29.533785275,100289,183,100199,183,100379,183,100193,183,100406,183,100105,183,100460,183,99957,183,100584,183,99943,183,100836,100,99904,100,101002,100,99895,100,101071,100,99868,100,101562,100,99851,100,102112,100,99845,100
2019-06-28 09:55:30.000000000,100289,204,100199,204,100379,204,100193,204,100406,204,100105,204,100460,204,99957,204,100584,100,99943,100,100836,100,99904,100,101002,100,99895,100,101071,100,99868,100,101562,100,99851,100,102112,100,99845,100
2019-06-28 09:55:40.000000000,100289,307,100199,307,100379,307,100193,307,100406,100,100105,100,100460,100,99957,100,100584,100,99943,100,100836,100,99904,100,101002,100,99895,100,101071,100,99868,100,101562,100,99851,100,102112,100,99845,100
2019-06-28 09:55:44.656251476,100289,307,100199,207,100379,307,100193,307,100406,100,100105,100,100460,100,99957,100,100584,100,99943,100,100836,100,99895,100,101002,100,99868,100,101071,100,99851,100,101562,100,99845,100,102112,100,99752,100
2019-06-28 09:55:50.000000000,100289,183,100193,183,100379,183,100105,183,100406,183,99957,183,100460,183,99943,183,100584,183,99895,183,100836,100,99868,100,101002,100,99851,100,101071,100,99845,100,101562,100,99752,100,102112,100,99639,100
2019-06-28 09:56:00.000000000,100289,514,100193,514,100379,100,100105,100,100406,100,99957,100,100460,100,99943,100,100584,100,99895,100,100836,100,99868,100,101002,100,99851,100,101071,100,99845,100,101562,100,99752,100,102112,100,99639,100
2019-06-28 09:56:10.000000000,100289,307,100193,307,100379,307,100105,307,100406,100,99957,100,100460,100,99943,100,100584,100,99895,100,100836,100,99868,100,101002,100,99851,100,101071,100,99845,100,101562,100,99752,100,102112,100,99639,100
2019-06-28 09:56:11.816956067,100289,307,100193,307,100379,307,100105,307,100406,100,99957,100,100460,100,99943,100,100584,100,99895,100,100836,100,99868,100,101002,100,99851,100,101071,100,99752,100,101562,100,99639,100,102112,100,99443,100
2019-06-28 09:56:15.537684820,100289,307,100193,207,100379,307,100105,307,100406,100,99957,100,100460,100,99943,100,100584,100,99895,100,100836,100,99868,100,101002,100,99851,100,101071,100,99752,100,101562,100,99639,100,102112,100,99443,100
2019-06-28 09:56:15.765110619,100289,307,100193,107,100379,307,100105,307,100406,100,99957,100,100460,100,99943,100,100584,100,99895,100,100836,100,99868,100,101002,100,99851,100,101071,100,99752,100,101562,100,99639,100,102112,100,99443,100
2019-06-28 09:56:18.118454000,100289,307,100193,7,100379,307,100105,307,100406,100,99957,100,100460,100,99943,100,100584,100,99895,100,100836,100,99868,100,101002,100,99851,100,101071,100,99752,100,101562,100,99639,100,102112,100,99443,100
2019-06-28 09:56:19.307051521,100193,93,100105,307,100289,307,99957,100,100379,307,99943,100,100406,100,99895,100,100460,100,99868,100,100584,100,99752,100,100836,100,99639,100,101002,100,99443,100,101071,100,98750,100,101562,100,,
2019-06-28 09:56:20.000000000,100193,234,100105,241,100289,237,99957,237,100379,237,99943,237,100406,100,99895,100,100460,100,99868,100,100584,100,99752,100,100836,100,99639,100,101002,100,99443,100,101071,100,98750,100,101562,100,,
2019-06-28 09:56:27.124119432,100193,234,100105,141,100289,237,99957,237,100379,237,99943,237,100406,100,99895,100,100460,100,99868,100,100584,100,99752,100,100836,100,99639,100,101002,100,99443,100,101071,100,98750,100,101562,100,,
2019-06-28 09:56:30.000000000,100193,234,99957,241,100289,237,99943,237,100379,237,99895,237,100406,100,99868,100,100460,100,99752,100,100584,100,99639,100,100836,100,99443,100,101002,100,98750,100,101071,100,,,101562,100,,
2019-06-28 09:56:30.941586783,100193,234,99957,141,100289,237,99943,237,100379,237,99895,237,100406,100,99868,100,100460,100,99752,100,100584,100,99639,100,100836,100,99443,100,101002,100,98750,100,101071,100,,,101562,100,,
2019-06-28 09:56:40.000000000,100193,197,99943,204,100289,204,99895,204,100379,204,99868,204,100406,204,99752,204,100460,100,99639,100,100584,100,99443,100,100836,100,98750,100,101002,100,,,101071,100,,,101562,100,,
2019-06-28 09:56:45.186496750,100105,100,99943,204,100193,197,99895,204,100289,204,99868,204,100379,204,99752,204,100406,204,99639,100,100460,100,99443,100,100584,100,98750,100,100836,100,,,101002,100,,,101071,100,,
2019-06-28 09:56:50.000000000,100105,183,99943,183,100193,176,99895,183,100289,183,99868,183,100379,183,99752,183,100406,183,99639,183,100460,100,99443,100,100584,100,98750,100,100836,100,,,101002,100,,,101071,100,,
2019-06-28 09:57:00.000000000,100105,183,99943,183,100193,176,99895,183,100289,183,99868,183,100379,183,99752,183,100406,183,99639,183,100460,100,99443,100,100584,100,98750,100,100836,100,,,101002,100,,,101071,100,,
2019-06-28 09:57:10.000000000,100105,514,99943,514,100193,93,99895,100,100289,100,99868,100,100379,100,99752,100,100406,100,99639,100,100460,100,99443,100,100584,100,98750,100,100836,100,,,101002,100,,,101071,100,,
2019-06-28 09:57:20.000000000,100105,183,99943,183,100193,176,99895,183,100289,183,99868,183,100379,183,99752,183,100406,183,99639,183,100460,100,99443,100,100584,100,98750,100,100836,100,,,101002,100,,,101071,100,,
2019-06-28 09:57:30.000000000,100105,204,99943,204,100193,197,99895,204,100289,204,99868,204,100379,204,99752,204,100406,100,99639,100,100460,100,99443,100,100584,100,98750,100,100836,100,,,101002,100,,,101071,100,,
2019-06-28 09:57:32.493206383,100105,304,99943,204,100193,197,99895,204,100289,204,99868,204,100379,204,99752,204,100406,100,99639,100,100460,100,99443,100,100584,100,98750,100,100836,100,,,101002,100,,,101071,100,,
2019-06-28 09:57:40.000000000,100105,283,99943,183,100193,176,99895,183,100289,183,99868,183,100379,183,99752,183,100406,183,99639,183,100460,100,99443,100,100584,100,98750,100,100836,100,,,101002,100,,,101071,100,,
2019-06-28 09:57:50.000000000,100105,341,99943,241,100193,230,99895,237,100289,237,99868,237,100379,100,99752,100,100406,100,99639,100,100460,100,99443,100,100584,100,98750,100,100836,100,,,101002,100,,,101071,100,,
2019-06-28 09:58:00.000000000,100105,304,99943,204,100193,197,99895,204,100289,204,99868,204,100379,204,99752,204,100406,100,99639,100,100460,100,99443,100,100584,100,98750,100,100836,100,,,101002,100,,,101071,100,,
2019-06-28 09:58:10.000000000,100105,614,99943,514,100193,93,99895,100,100289,100,99868,100,100379,100,99752,100,100406,100,99639,100,100460,100,99443,100,100584,100,98750,100,100836,100,,,101002,100,,,101071,100,,
2019-06-28 09:58:20.000000000,100105,283,99943,183,100193,176,99895,183,100289,183,99868,183,100379,183,99752,183,100406,183,99639,183,100460,100,99443,100,100584,100,98750,100,100836,100,,,101002,100,,,101071,100,,
2019-06-28 09:58:30.000000000,100105,283,99943,183,100193,176,99895,183,100289,183,99868,183,100379,183,99752,183,100406,183,99639,183,100460,100,99443,100,100584,100,98750,100,100836,100,,,101002,100,,,101071,100,,
2019-06-28 09:58:40.000000000,100105,407,99943,307,100193,300,99895,307,100289,100,99868,100,100379,100,99752,100,100406,100,99639,100,100460,100,99443,100,100584,100,98750,100,100836,100,,,101002,100,,,101071,100,,
2019-06-28 09:58:46.414045507,100105,407,99943,207,100193,300,99895,307,100289,100,99868,100,100379,100,99752,100,100406,100,99639,100,100460,100,99443,100,100584,100,98750,100,100836,100,,,101002,100,,,101071,100,,
2019-06-28 09:58:50.000000000,100105,283,99895,183,100193,176,99868,183,100289,183,99752,183,100379,183,99639,183,100406,183,99443,183,100460,100,98750,100,100584,100,,,100836,100,,,101002,100,,,101071,100,,
2019-06-28 09:58:54.448587244,99957,100,99895,183,100105,283,99868,183,100193,176,99752,183,100289,183,99639,183,100379,183,99443,183,100406,183,98750,100,100460,100,,,100584,100,,,100836,100,,,101002,100,,
2019-06-28 09:58:59.200497020,100105,283,99895,183,100193,176,99868,183,100289,183,99752,183,100379,183,99639,183,100406,183,99443,183,100460,100,98750,100,100584,100,,,100836,100,,,101002,100,,,101071,100,,
2019-06-28 09:59:00.000000000,100105,407,99895,307,100193,300,99868,307,100289,100,99752,100,100379,100,99639,100,100406,100,99443,100,100460,100,98750,100,100584,100,,,100836,100,,,101002,100,,,101071,100,,
2019-06-28 09:59:10.000000000,100105,614,99895,514,100193,93,99868,100,100289,100,99752,100,100379,100,99639,100,100406,100,99443,100,100460,100,98750,100,100584,100,,,100836,100,,,101002,100,,,101071,100,,
2019-06-28 09:59:20.000000000,100105,407,99895,307,100193,300,99868,307,100289,100,99752,100,100379,100,99639,100,100406,100,99443,100,100460,100,98750,100,100584,100,,,100836,100,,,101002,100,,,101071,100,,
2019-06-28 09:59:30.000000000,100105,283,99895,183,100193,176,99868,183,100289,183,99752,183,100379,183,99639,183,100406,183,99443,183,100460,100,98750,100,100584,100,,,100836,100,,,101002,100,,,101071,100,,
2019-06-28 09:59:30.814319946,100105,183,99895,183,100193,176,99868,183,100289,183,99752,183,100379,183,99639,183,100406,183,99443,183,100460,100,98750,100,100584,100,,,100836,100,,,101002,100,,,101071,100,,
2019-06-28 09:59:36.875439144,100105,83,99895,183,100193,176,99868,183,100289,183,99752,183,100379,183,99639,183,100406,183,99443,183,100460,100,98750,100,100584,100,,,100836,100,,,101002,100,,,101071,100,,
2019-06-28 09:59:39.856535814,100105,83,99895,183,100193,176,99868,183,100289,183,99752,183,100346,100,99639,183,100379,183,99443,183,100406,183,98750,100,100460,100,,,100584,100,,,100836,100,,,101002,100,,
2019-06-28 09:59:40.000000000,100193,300,99895,307,100289,307,99868,307,100346,100,99752,100,100379,100,99639,100,100406,100,99443,100,100460,100,98750,100,100584,100,,,100836,100,,,101002,100,,,101071,100,,
2019-06-28 09:59:50.000000000,100193,197,99895,204,100289,204,99868,204,100346,204,99752,204,100379,204,99639,204,100406,100,99443,100,100460,100,98750,100,100584,100,,,100836,100,,,101002,100,,,101071,100,,
2019-06-28 09:59:54.148573905,100193,97,99895,204,100289,204,99868,204,100346,204,99752,204,100379,204,99639,204,100406,100,99443,100,100460,100,98750,100,100584,100,,,100836,100,,,101002,100,,,101071,100,,
2019-06-28 10:00:00.000000000,100289,183,99895,183,100346,183,99868,183,100379,183,99752,183,100406,183,99639,183,100460,183,99443,183,100584,100,98750,100,100836,100,,,101002,100,,,101071,100,,,102112,100,,
2019-06-28 10:00:02.225138456,100289,83,99895,183,100346,183,99868,183,100379,183,99752,183,100406,183,99639,183,100460,183,99443,183,100584,100,98750,100,100836,100,,,101002,100,,,101071,100,,,102112,100,,
2019-06-28 10:00:04.767607361,100289,83,99895,183,100346,183,99868,183,100379,183,99752,183,100406,183,99639,183,100442,100,99443,183,100460,183,98750,100,100584,100,,,100836,100,,,101002,100,,,101071,100,,
2019-06-28 10:00:10.000000000,100346,307,99895,307,100379,307,99868,307,100406,100,99752,100,100442,100,99639,100,100460,100,99443,100,100584,100,98750,100,100836,100,,,101002,100,,,101071,100,,,102112,100,,
2019-06-28 10:00:15.220361175,100346,207,99895,307,100379,307,99868,307,100406,100,99752,100,100442,100,99639,100,100460,100,99443,100,100584,100,98750,100,100836,100,,,101002,100,,,101071,100,,,102112,100,,
2019-06-28 10:00:19.760001769,100346,207,99895,307,100379,307,99868,307,100406,100,99752,100,100442,100,99639,100,100460,100,99443,100,100584,100,98750,100,100595,100,,,100836,100,,,101002,100,,,101071,100,,
2019-06-28 10:00:20.000000000,100379,183,99895,183,100406,183,99868,183,100442,183,99752,183,100460,183,99639,183,100584,183,99443,183,100595,100,98750,100,100836,100,,,101002,100,,,101071,100,,,102112,100,,
2019-06-28 10:00:26.866044470,100379,183,99895,183,100406,183,99868,183,100442,183,99752,183,100460,183,99639,183,100584,183,99443,183,100595,100,98750,100,100606,100,,,100836,100,,,101002,100,,,101071,100,,
2019-06-28 10:00:30.000000000,100379,204,99895,204,100406,204,99868,204,100442,204,99752,204,100460,204,99639,204,100584,100,99443,100,100595,100,98750,100,100606,100,,,100836,100,,,101002,100,,,101071,100,,
2019-06-28 10:00:40.000000000,100379,307,99895,307,100406,307,99868,307,100442,100,99752,100,100460,100,99639,100,100584,100,99443,100,100595,100,98750,100,100606,100,,,100836,100,,,101002,100,,,101071,100,,
2019-06-28 10:00:50.000000000,100379,307,99895,307,100406,307,99868,307,100442,100,99752,100,100460,100,99639,100,100584,100,99443,100,100595,100,98750,100,100606,100,,,100836,100,,,101002,100,,,101071,100,,
2019-06-28 10:00:50.013013538,100303,100,99895,307,100379,307,99868,307,100406,307,99752,100,100442,100,99639,100,100460,100,99443,100,100584,100,98750,100,100595,100,,,100606,100,,,101002,100,,,101071,100,,
2019-06-28 10:01:00.000000000,100303,204,99895,204,100379,204,99868,204,100406,204,99752,204,100442,204,99639,204,100460,100,99443,100,100584,100,98750,100,100595,100,,,100606,100,,,101002,100,,,101071,100,,
2019-06-28 10:01:02.477896751,100303,204,100285,100,100379,204,99895,204,100406,204,99868,204,100442,204,99752,204,100460,100,99639,204,100584,100,99443,100,100595,100,98750,100,100606,100,,,101002,100,,,101071,100,,
2019-06-28 10:01:10.000000000,100303,307,100285,307,100379,307,99895,307,100406,100,99868,100,100442,100,99752,100,100460,100,99639,100,100584,100,99443,100,100595,100,98750,100,100606,100,,,101002,100,,,101071,100,,
2019-06-28 10:01:20.000000000,100303,514,100285,514,100379,100,99895,100,100406,100,99868,100,100442,100,99752,100,100460,100,99639,100,100584,100,99443,100,100595,100,98750,100,100606,100,,,101002,100,,,101071,100,,
2019-06-28 10:01:30.000000000,100303,241,100285,241,100379,237,99895,237,100406,237,99868,237,100442,100,99752,100,100460,100,99639,100,100584,100,99443,100,100595,100,98750,100,100606,100,,,101002,100,,,101071,100,,
2019-06-28 10:01:40.000000000,100303,514,100285,514,100379,100,99895,100,100406,100,99868,100,100442,100,99752,100,100460,100,99639,100,100584,100,99443,100,100595,100,98750,100,100606,100,,,101002,100,,,101071,100,,
2019-06-28 10:01:50.000000000,100303,514,100285,514,100379,100,99895,100,100406,100,99868,100,100442,100,99752,100,100460,100,99639,100,100584,100,99443,100,100595,100,98750,100,100606,100,,,101002,100,,,101071,100,,
2019-06-28 10:02:00.000000000,100303,307,100285,307,100379,307,99895,307,100406,100,99868,100,100442,100,99752,100,100460,100,99639,100,100584,100,99443,100,100595,100,98750,100,100606,100,,,101002,100,,,101071,100,,
2019-06-28 10:02:02.729068966,100303,207,100285,307,100379,307,99895,307,100406,100,99868,100,100442,100,99752,100,100460,100,99639,100,100584,100,99443,100,100595,100,98750,100,100606,100,,,101002,100,,,101071,100,,
2019-06-28 10:02:10.000000000,100379,183,100285,183,100406,183,99895,183,100442,183,99868,183,100460,183,99752,183,100584,183,99639,183,100595,100,99443,100,100606,100,98750,100,101002,100,,,101071,100,,,102112,100,,
2019-06-28 10:02:20.000000000,100379,183,100285,183,100406,183,99895,183,100442,183,99868,183,100460,183,99752,183,100584,183,99639,183,100595,100,99443,100,100606,100,98750,100,101002,100,,,101071,100,,,102112,100,,
2019-06-28 10:02:30.000000000,100379,514,100285,514,100406,100,99895,100,100442,100,99868,100,100460,100,99752,100,100584,100,99639,100,100595,100,99443,100,100606,100,98750,100,101002,100,,,101071,100,,,102112,100,,
2019-06-28 10:02:33.029625626,100379,414,100285,514,100406,100,99895,100,100442,100,99868,100,100460,100,99752,100,100584,100,99639,100,100595,100,99443,100,100606,100,98750,100,101002,100,,,101071,100,,,102112,100,,
2019-06-28 10:02:40.000000000,100406,241,100285,241,100442,237,99895,237,100460,237,99868,237,100584,100,99752,100,100595,100,99639,100,100606,100,99443,100,101002,100,98750,100,101071,100,,,102112,100,,,,,,
2019-06-28 10:02:50.000000000,100406,204,100285,204,100442,204,99895,204,100460,204,99868,204,100584,204,99752,204,100595,100,99639,100,100606,100,99443,100,101002,100,98750,100,101071,100,,,102112,100,,,,,,
2019-06-28 10:02:59.848476773,100406,204,100285,204,100442,204,99895,204,100460,204,99868,204,100584,204,99752,204,100606,100,99639,100,101002,100,99443,100,101071,100,98750,100,101530,100,,,102112,100,,,,,,
2019-06-28 10:03:00.000000000,100406,204,100285,204,100442,204,99895,204,100460,204,99868,204,100584,204,99752,204,100606,100,99639,100,101002,100,99443,100,101071,100,98750,100,101530,100,,,102112,100,,,,,,
2019-06-28 10:03:06.896252773,100406,204,100285,204,100442,204,99895,204,100460,204,99868,204,100584,204,99752,204,101002,100,99639,100,101071,100,99443,100,101530,100,98750,100,101607,100,,,102112,100,,,,,,
2019-06-28 10:03:10.000000000,100406,241,100285,241,100442,237,99895,237,100460,237,99868,237,100584,100,99752,100,101002,100,99639,100,101071,100,99443,100,101530,100,98750,100,101607,100,,,102112,100,,,,,,
2019-06-28 10:03:15.198187406,100406,141,100285,241,100442,237,99895,237,100460,237,99868,237,100584,100,99752,100,101002,100,99639,100,101071,100,98750,100,101530,100,,,101607,100,,,102112,100,,,,,,
2019-06-28 10:03:20.000000000,100442,241,100285,241,100460,237,99895,237,100584,237,99868,237,101002,100,99752,100,101071,100,99639,100,101530,100,98750,100,101607,100,,,102112,100,,,,,,,,,,
2019-06-28 10:03:29.876476491,100442,241,100285,241,100460,237,99895,237,100584,237,99868,237,101002,100,99752,100,101071,100,99639,100,101522,100,98750,100,101530,100,,,101607,100,,,102112,100,,,,,,
2019-06-28 10:03:30.000000000,100442,307,100285,307,100460,307,99895,307,100584,100,99868,100,101002,100,99752,100,101071,100,99639,100,101522,100,98750,100,101530,100,,,101607,100,,,102112,100,,,,,,
2019-06-28 10:03:38.416972150,100442,207,100285,307,100460,307,99895,307,100584,100,99868,100,101002,100,99752,100,101071,100,99639,100,101522,100,98750,100,101530,100,,,101607,100,,,102112,100,,,,,,
2019-06-28 10:03:40.000000000,100460,241,100285,241,100584,237,99895,237,101002,237,99868,237,101071,100,99752,100,101522,100,99639,100,101530,100,98750,100,101607,100,,,102112,100,,,,,,,,,,
2019-06-28 10:03:50.000000000,100460,183,100285,183,100584,183,99895,183,101002,183,99868,183,101071,183,99752,183,101522,183,99639,183,101530,100,98750,100,101607,100,,,102112,100,,,,,,,,,,
2019-06-28 10:04:00.000000000,100460,183,100285,183,100584,183,99895,183,101002,183,99868,183,101071,183,99752,183,101522,183,99639,183,101530,100,98750,100,101607,100,,,102112,100,,,,,,,,,,
2019-06-28 10:04:10.000000000,100460,307,100285,307,100584,307,99895,307,101002,100,99868,100,101071,100,99752,100,101522,100,99639,100,101530,100,98750,100,101607,100,,,102112,100,,,,,,,,,,
2019-06-28 10:04:11.618316596,100460,307,100406,100,100584,207,100285,307,101002,100,99895,307,101071,100,99868,100,101522,100,99752,100,101530,100,99639,100,101607,100,98750,100,102112,100,,,,,,,,,,
2019-06-28 10:04:20.000000000,100460,241,100406,241,101002,237,100285,237,101071,237,99895,237,101522,100,99868,100,101530,100,99752,100,101607,100,99639,100,102112,100,98750,100,,,,,,,,,,,,
2019-06-28 10:04:28.443375960,100460,241,100406,241,101002,237,100285,237,101071,237,99895,237,101522,100,99868,100,101530,100,99752,100,101607,100,99639,100,102112,100,98750,100,,,,,,,,,,,,
2019-06-28 10:04:30.000000000,100460,204,100406,204,101002,204,100285,204,101071,204,99895,204,101522,204,99868,204,101530,100,99752,100,101607,100,99639,100,102112,100,98750,100,,,,,,,,,,,,
2019-06-28 10:04:40.000000000,100460,514,100406,514,101002,100,100285,100,101071,100,99895,100,101522,100,99868,100,101530,100,99752,100,101607,100,99639,100,102112,100,98750,100,,,,,,,,,,,,
2019-06-28 10:04:49.469198807,100460,514,100406,614,101002,100,100285,100,101071,100,99895,100,101522,100,99868,100,101530,100,99752,100,101607,100,99639,100,102112,100,98750,100,,,,,,,,,,,,
2019-06-28 10:04:50.000000000,100460,514,100406,614,101002,100,100285,100,101071,100,99895,100,101522,100,99868,100,101530,100,99752,100,101607,100,99639,100,102112,100,98750,100,,,,,,,,,,,,
2019-06-28 10:04:55.974523369,100460,514,100406,714,101002,100,100285,100,101071,100,99895,100,101522,100,99868,100,101530,100,99752,100,101607,100,99639,100,102112,100,98750,100,,,,,,,,,,,,
2019-06-28 10:04:57.537600658,100460,414,100406,714,101002,100,100285,100,101071,100,99895,100,101522,100,99868,100,101530,100,99752,100,101607,100,99639,100,102112,100,98750,100,,,,,,,,,,,,
2019-06-28 10:05:00.000000000,101002,183,100406,383,101071,183,100285,183,101522,183,99895,183,101530,183,99868,183,101607,183,99752,183,102112,100,99639,100,,,98750,100,,,,,,,,,,,,
2019-06-28 10:05:07.317882550,101002,183,100406,383,101071,183,100285,183,101287,100,99895,183,101522,183,99868,183,101530,183,99752,183,101607,183,99639,100,102112,100,98750,100,,,,,,,,,,,,
2019-06-28 10:05:10.000000000,101002,307,100406,507,101071,307,100285,307,101287,100,99895,100,101522,100,99868,100,101530,100,99752,100,101607,100,99639,100,102112,100,98750,100,,,,,,,,,,,,
2019-06-28 10:05:20.000000000,101002,241,100406,441,101071,237,100285,237,101287,237,99895,237,101522,100,99868,100,101530,100,99752,100,101607,100,99639,100,102112,100,98750,100,,,,,,,,,,,,
2019-06-28 10:05:30.000000000,101002,514,100406,714,101071,100,100285,100,101287,100,99895,100,101522,100,99868,100,101530,100,99752,100,101607,100,99639,100,102112,100,98750,100,,,,,,,,,,,,
2019-06-28 10:05:31.397958986,101002,514,100600,100,101071,100,100406,714,101287,100,100285,100,101522,100,99895,100,101530,100,99868,100,101607,100,99752,100,102112,100,99639,100,,,98750,100,,,,,,,,
2019-06-28 10:05:40.000000000,101002,204,100600,204,101071,204,100406,404,101287,204,100285,204,101522,204,99895,204,101530,100,99868,100,101607,100,99752,100,102112,100,99639,100,,,98750,100,,,,,,,,
2019-06-28 10:05:45.207417307,100861,100,100600,204,101002,204,100406,404,101071,204,100285,204,101287,204,99895,204,101522,204,99868,100,101530,100,99752,100,101607,100,99639,100,102112,100,98750,100,,,,,,,,
2019-06-28 10:05:50.000000000,100861,204,100600,204,101002,204,100406,404,101071,204,100285,204,101287,204,99895,204,101522,100,99868,100,101530,100,99752,100,101607,100,99639,100,102112,100,98750,100,,,,,,,,
2019-06-28 10:06:00.000000000,100861,307,100600,307,101002,307,100406,507,101071,100,100285,100,101287,100,99895,100,101522,100,99868,100,101530,100,99752,100,101607,100,99639,100,102112,100,98750,100,,,,,,,,
2019-06-28 10:06:10.000000000,100861,204,100600,204,101002,204,100406,404,101071,204,100285,204,101287,204,99895,204,101522,100,99868,100,101530,100,99752,100,101607,100,99639,100,102112,100,98750,100,,,,,,,,
2019-06-28 10:06:16.505933941,100861,204,100600,204,101002,204,100406,404,101071,204,100285,204,101100,100,99895,204,101287,204,99868,100,101522,100,99752,100,101530,100,99639,100,101607,100,98750,100,102112,100,,,,,,
2019-06-28 10:06:20.000000000,100861,183,100600,183,101002,183,100406,383,101071,183,100285,183,101100,183,99895,183,101287,183,99868,183,101522,100,99752,100,101530,100,99639,100,101607,100,98750,100,102112,100,,,,,,
2019-06-28 10:06:20.355123487,100861,183,100600,183,101002,183,100442,100,101071,183,100406,383,101100,183,100285,183,101287,183,99895,183,101522,100,99868,183,101530,100,99752,100,101607,100,99639,100,102112,100,98750,100,,,,
2019-06-28 10:06:30.000000000,100861,307,100600,307,101002,307,100442,307,101071,100,100406,300,101100,100,100285,100,101287,100,99895,100,101522,100,99868,100,101530,100,99752,100,101607,100,99639,100,102112,100,98750,100,,,,
2019-06-28 10:06:40.000000000,100861,307,100600,307,101002,307,100442,307,101071,100,100406,300,101100,100,100285,100,101287,100,99895,100,101522,100,99868,100,101530,100,99752,100,101607,100,99639,100,102112,100,98750,100,,,,
2019-06-28 10:06:50.000000000,100861,241,100600,241,101002,237,100442,237,101071,237,100406,437,101100,100,100285,100,101287,100,99895,100,101522,100,99868,100,101530,100,99752,100,101607,100,99639,100,102112,100,98750,100,,,,
2019-06-28 10:06:56.275321565,100861,141,100600,241,101002,237,100442,237,101071,237,100406,437,101100,100,99895,100,101287,100,99868,100,101522,100,99752,100,101530,100,99639,100,101607,100,98750,100,102112,100,,,,,,
2019-06-28 10:07:00.000000000,101002,241,100600,241,101071,237,100442,237,101100,237,100406,437,101287,100,99895,100,101522,100,99868,100,101530,100,99752,100,101607,100,99639,100,102112,100,98750,100,,,,,,,,
2019-06-28 10:07:01.571099088,101002,241,100600,241,101071,137,100442,237,101100,237,100406,437,101279,100,99895,100,101287,100,99868,100,101522,100,99752,100,101530,100,99639,100,101607,100,98750,100,102112,100,,,,,,
2019-06-28 10:07:07.203123551,101002,241,100600,241,101071,137,100442,237,101100,237,100406,437,101279,100,99895,100,101287,100,99868,100,101512,100,99752,100,101522,100,99639,100,101530,100,98750,100,101607,100,,,102112,100,,
2019-06-28 10:07:10.000000000,101002,204,100600,204,101100,204,100442,204,101279,204,100406,404,101287,204,99895,204,101512,100,99868,100,101522,100,99752,100,101530,100,99639,100,101607,100,98750,100,102112,100,,,,,,
2019-06-28 10:07:11.720282567,101002,204,100600,204,101100,204,100442,204,101279,204,100406,404,101287,204,99895,204,101512,100,99868,100,101522,100,99752,100,101530,100,99639,100,101607,100,98750,100,101684,100,,,102112,100,,
2019-06-28 10:07:17.664194467,101002,104,100600,204,101100,204,100442,204,101279,204,100406,404,101287,204,99895,204,101512,100,99868,100,101522,100,99752,100,101530,100,99639,100,101607,100,98750,100,101684,100,,,102112,100,,
2019-06-28 10:07:19.498075147,101002,4,100600,204,101100,204,100442,204,101279,204,100406,404,101287,204,99895,204,101512,100,99868,100,101522,100,99752,100,101530,100,99639,100,101607,100,98750,100,101684,100,,,102112,100,,
2019-06-28 10:07:20.000000000,101100,307,100600,307,101279,307,100442,307,101287,100,100406,300,101512,100,99895,100,101522,100,99868,100,101530,100,99752,100,101607,100,99639,100,101684,100,98750,100,102112,100,,,,,,
2019-06-28 10:07:21.314219474,101100,307,101002,100,101279,307,100600,307,101287,100,100442,307,101512,100,100406,300,101522,100,99895,100,101530,100,99868,100,101607,100,99752,100,101684,100,99639,100,102112,100,98750,100,,,,
2019-06-28 10:07:30.000000000,101100,307,101002,307,101279,307,100600,307,101287,100,100442,100,101512,100,100406,300,101522,100,99895,100,101530,100,99868,100,101607,100,99752,100,101684,100,99639,100,102112,100,98750,100,,,,
2019-06-28 10:07:40.000000000,101100,204,101002,204,101279,204,100600,204,101287,204,100442,204,101512,204,100406,404,101522,100,99895,100,101530,100,99868,100,101607,100,99752,100,101684,100,99639,100,102112,100,98750,100,,,,
2019-06-28 10:07:46.514612404,101100,204,101002,204,101279,204,100804,100,101287,204,100600,204,101512,204,100442,204,101522,100,100406,404,101530,100,99895,100,101607,100,99868,100,101684,100,99752,100,102112,100,99639,100,,,98750,100
2019-06-28 10:07:50.000000000,101100,183,101002,183,101279,183,100804,183,101287,183,100600,183,101512,183,100442,183,101522,183,100406,383,101530,100,99895,100,101607,100,99868,100,101684,100,99752,100,102112,100,99639,100,,,98750,100
2019-06-28 10:08:00.000000000,101100,204,101002,204,101279,204,100804,204,101287,204,100600,204,101512,204,100442,204,101522,100,100406,300,101530,100,99895,100,101607,100,99868,100,101684,100,99752,100,102112,100,99639,100,,,98750,100
2019-06-28 10:08:00.274812058,101100,204,101002,204,101279,204,100804,204,101287,204,100651,100,101512,204,100600,204,101522,100,100442,204,101530,100,100406,300,101607,100,99895,100,101684,100,99868,100,102112,100,99752,100,,,99639,100
2019-06-28 10:08:10.000000000,101100,241,101002,241,101279,237,100804,237,101287,237,100651,237,101512,100,100600,100,101522,100,100442,100,101530,100,100406,300,101607,100,99895,100,101684,100,99868,100,102112,100,99752,100,,,99639,100
2019-06-28 10:08:11.141067997,101100,241,101002,241,101279,237,100804,237,101287,237,100651,237,101512,100,100643,100,101522,100,100600,100,101530,100,100442,100,101607,100,100406,300,101684,100,99895,100,,,99868,100,,,99752,100
2019-06-28 10:08:20.000000000,101100,514,101002,514,101279,100,100804,100,101287,100,100651,100,101512,100,100643,100,101522,100,100600,100,101530,100,100442,100,101607,100,100406,300,101684,100,99895,100,,,99868,100,,,99752,100
2019-06-28 10:08:30.000000000,101100,241,101002,241,101279,237,100804,237,101287,237,100651,237,101512,100,100643,100,101522,100,100600,100,101530,100,100442,100,101607,100,100406,300,101684,100,99895,100,,,99868,100,,,99752,100
2019-06-28 10:08:40.000000000,101100,241,101002,241,101279,237,100804,237,101287,237,100651,237,101512,100,100643,100,101522,100,100600,100,101530,100,100442,100,101607,100,100406,300,101684,100,99895,100,,,99868,100,,,99752,100
2019-06-28 10:08:49.512990057,101100,241,101002,141,101279,237,100804,237,101287,237,100651,237,101512,100,100643,100,101522,100,100600,100,101530,100,100442,100,101607,100,100406,300,101684,100,99895,100,,,99868,100,,,99752,100
2019-06-28 10:08:50.000000000,101100,204,100804,204,101279,204,100651,204,101287,204,100643,204,101512,204,100600,204,101522,100,100442,100,101530,100,100406,300,101607,100,99895,100,101684,100,99868,100,,,99752,100,,,99639,100
2019-06-28 10:09:00.000000000,101100,183,100804,183,101279,183,100651,183,101287,183,100643,183,101512,183,100600,183,101522,183,100442,183,101530,100,100406,300,101607,100,99895,100,101684,100,99868,100,,,99752,100,,,99639,100
2019-06-28 10:09:08.709083781,101100,183,100804,183,101279,183,100651,183,101287,183,100643,183,101512,183,100600,183,101522,183,100442,183,101530,100,100406,300,101607,100,100288,100,101684,100,99895,100,,,99868,100,,,99752,100
2019-06-28 10:09:10.000000000,101100,307,100804,307,101279,307,100651,307,101287,100,100643,100,101512,100,100600,100,101522,100,100442,100,101530,100,100406,300,101607,100,100288,100,101684,100,99895,100,,,99868,100,,,99752,100
