,ask_price_1,ask_size_1,bid_price_1,bid_size_1,ask_price_2,ask_size_2,bid_price_2,bid_size_2,ask_price_3,ask_size_3,bid_price_3,bid_size_3,ask_price_4,ask_size_4,bid_price_4,bid_size_4,ask_price_5,ask_size_5,bid_price_5,bid_size_5,ask_price_6,ask_size_6,bid_price_6,bid_size_6,ask_price_7,ask_size_7,bid_price_7,bid_size_7,ask_price_8,ask_size_8,bid_price_8,bid_size_8,ask_price_9,ask_size_9,bid_price_9,bid_size_9,ask_price_10,ask_size_10,bid_price_10,bid_size_10
2019-06-28 09:30:00.000000001,,,99959,100,,,99919,100,,,99903,100,,,,,,,,,,,,,,,,,,,,,,,,,,,,
2019-06-28 09:30:00.000000002,,,100017,100,,,99959,100,,,99919,100,,,99903,100,,,,,,,,,,,,,,,,,,,,,,,,
2019-06-28 09:30:00.000000003,,,100017,100,,,99959,100,,,99919,100,,,99915,100,,,99903,100,,,,,,,,,,,,,,,,,,,,
2019-06-28 09:30:00.000000004,,,100017,100,,,99959,100,,,99919,100,,,99915,100,,,99903,100,,,99868,100,,,,,,,,,,,,,,,,
2019-06-28 09:30:00.000000008,,,100017,100,,,99959,100,,,99933,100,,,99919,100,,,99915,100,,,99903,100,,,99868,100,,,,,,,,,,,,
2019-06-28 09:30:00.000000009,100076,100,100017,100,,,99959,100,,,99933,100,,,99919,100,,,99915,100,,,99903,100,,,99868,100,,,,,,,,,,,,
2019-06-28 09:30:00.000000012,100076,100,100037,100,,,100017,100,,,99959,100,,,99951,100,,,99933,100,,,99919,100,,,99915,100,,,99903,100,,,99868,100,,,,
2019-06-28 09:30:00.000000015,100076,100,100037,100,,,100017,100,,,99959,100,,,99951,100,,,99933,100,,,99919,100,,,99915,100,,,99914,100,,,99903,100,,,99868,100
2019-06-28 09:30:00.000000016,100076,100,100037,100,,,100017,100,,,99983,100,,,99959,100,,,99951,100,,,99933,100,,,99919,100,,,99915,100,,,99914,100,,,99903,100
2019-06-28 09:30:00.000000019,100076,100,100017,100,,,99989,100,,,99983,100,,,99959,100,,,99951,100,,,99933,100,,,99919,100,,,99915,100,,,99914,100,,,99903,100
2019-06-28 09:30:00.000000021,100076,100,100017,100,,,99989,100,,,99983,100,,,99959,100,,,99951,100,,,99949,100,,,99933,100,,,99919,100,,,99915,100,,,99914,100
2019-06-28 09:30:00.000000023,100076,100,99989,100,,,99983,100,,,99959,100,,,99951,100,,,99949,100,,,99933,100,,,99919,100,,,99915,100,,,99914,100,,,99903,100
2019-06-28 09:30:00.000000025,100076,100,99989,100,,,99984,100,,,99983,100,,,99959,100,,,99951,100,,,99949,100,,,99933,100,,,99919,100,,,99915,100,,,99914,100
2019-06-28 09:30:00.000000026,100034,100,99989,100,100076,100,99984,100,,,99983,100,,,99959,100,,,99951,100,,,99949,100,,,99933,100,,,99919,100,,,99915,100,,,99914,100
2019-06-28 09:30:00.000000027,100034,100,99989,100,100076,100,99984,100,,,99983,100,,,99959,100,,,99951,200,,,99949,100,,,99933,100,,,99919,100,,,99915,100,,,99914,100
2019-06-28 09:30:00.000000028,100034,100,99989,100,100076,100,99984,100,,,99983,100,,,99959,100,,,99951,200,,,99949,100,,,99933,100,,,99919,100,,,99915,100,,,99914,100
2019-06-28 09:30:00.000000030,100034,100,99984,100,100076,100,99983,100,,,99959,100,,,99951,200,,,99949,100,,,99933,100,,,99919,100,,,99915,100,,,99914,100,,,99903,100
2019-06-28 09:30:00.000000031,100034,100,99989,100,100076,100,99984,100,,,99983,100,,,99959,100,,,99951,200,,,99949,100,,,99933,100,,,99919,100,,,99915,100,,,99914,100
2019-06-28 09:30:00.000000034,100034,100,99984,100,100076,100,99983,100,,,99959,100,,,99951,200,,,99949,100,,,99933,100,,,99919,100,,,99915,100,,,99914,100,,,99903,100
2019-06-28 09:30:00.000000036,100034,100,99984,100,100053,100,99983,100,100076,100,99959,100,,,99951,200,,,99949,100,,,99933,100,,,99919,100,,,99915,100,,,99914,100,,,99903,100
2019-06-28 09:30:00.000000037,100034,100,99984,100,100052,100,99983,100,100053,100,99959,100,100076,100,99951,200,,,99949,100,,,99933,100,,,99919,100,,,99915,100,,,99914,100,,,99903,100
2019-06-28 09:30:00.000000038,100034,100,99984,100,100052,100,99983,100,100053,100,99959,100,100076,100,99951,200,100146,100,99949,100,,,99933,100,,,99919,100,,,99915,100,,,99914,100,,,99903,100
2019-06-28 09:30:00.000000040,100034,100,99984,100,100052,100,99983,100,100053,100,99959,100,100076,100,99951,200,100106,100,99949,100,100146,100,99933,100,,,99919,100,,,99915,100,,,99914,100,,,99903,100
2019-06-28 09:30:00.000000042,100034,100,99983,100,100052,100,99959,100,100053,100,99951,200,100076,100,99949,100,100106,100,99933,100,100146,100,99919,100,,,99915,100,,,99914,100,,,99903,100,,,99901,100
2019-06-28 09:30:00.000000049,100034,100,100004,100,100052,100,99983,100,100053,100,99959,100,100076,100,99951,200,100106,100,99949,100,100146,100,99933,100,,,99919,100,,,99915,100,,,99914,100,,,99903,100
2019-06-28 09:30:00.000000052,100034,100,100004,100,100052,100,99984,100,100053,100,99983,100,100076,100,99959,100,100106,100,99951,200,100146,100,99949,100,,,99933,100,,,99919,100,,,99915,100,,,99914,100
2019-06-28 09:30:00.000000054,100034,100,100004,100,100052,100,99984,100,100053,100,99983,100,100076,100,99959,100,100106,100,99951,200,100124,100,99949,100,100146,100,99933,100,,,99919,100,,,99915,100,,,99914,100
2019-06-28 09:30:00.000000056,100034,100,100004,100,100052,100,99984,100,100053,100,99983,100,100076,100,99959,100,100106,100,99951,200,100124,100,99949,100,100146,100,99933,100,,,99931,100,,,99919,100,,,99915,100
2019-06-28 09:30:00.000000058,100034,100,100004,100,100052,100,99984,100,100053,100,99983,100,100076,100,99959,100,100106,100,99951,200,100107,100,99949,100,100124,100,99933,100,100146,100,99931,100,,,99919,100,,,99915,200
2019-06-28 09:30:00.000000060,100034,100,100004,100,100044,100,99984,100,100052,100,99983,100,100053,100,99959,100,100076,100,99951,200,100106,100,99949,100,100107,100,99933,100,100124,100,99931,100,100146,100,99919,100,,,99915,200
2019-06-28 09:30:00.000000062,100034,100,100004,100,100044,100,99984,100,100052,100,99983,100,100053,100,99980,100,100076,100,99959,100,100106,100,99951,200,100107,100,99949,100,100124,100,99933,100,100146,100,99931,100,,,99919,100
2019-06-28 09:30:00.000000064,100034,100,100004,100,100044,100,99984,100,100049,100,99983,100,100052,100,99980,100,100053,100,99959,100,100076,100,99951,200,100085,100,99949,100,100106,100,99933,100,100107,100,99931,100,100124,100,99919,100
2019-06-28 09:30:00.000000066,100034,100,100004,100,100044,100,99984,200,100049,100,99983,100,100052,100,99980,100,100053,100,99959,100,100076,100,99951,200,100085,100,99949,100,100106,100,99933,100,100107,100,99931,100,100124,100,99919,100
2019-06-28 09:30:00.000000068,100034,100,100004,100,100044,100,99984,200,100049,100,99983,100,100052,100,99980,100,100053,100,99959,100,100076,100,99951,200,100085,100,99949,100,100106,100,99933,100,100107,100,99931,100,100124,100,99919,100
2019-06-28 09:30:00.000000070,100034,100,99984,200,100044,100,99983,100,100049,100,99980,100,100052,100,99959,100,100053,100,99951,200,100076,200,99949,100,100085,100,99933,100,100106,100,99931,100,100107,100,99919,100,100124,100,99915,200
2019-06-28 09:30:00.000000073,100034,100,99985,100,100044,100,99984,200,100049,100,99983,100,100052,100,99980,100,100053,100,99959,100,100076,200,99951,200,100085,100,99949,100,100106,100,99933,100,100107,100,99931,100,100124,100,99919,100
2019-06-28 09:30:00.000000074,100034,100,99987,100,100044,100,99985,100,100049,100,99984,200,100052,100,99983,100,100053,100,99980,100,100076,200,99959,100,100085,100,99951,200,100106,100,99949,100,100107,100,99933,100,100124,100,99931,100
2019-06-28 09:30:00.000000075,100034,100,99987,100,100044,100,99985,100,100049,100,99984,200,100052,100,99983,100,100053,100,99980,100,100076,200,99959,100,100085,100,99955,100,100106,100,99951,200,100107,100,99949,100,100124,100,99933,100
2019-06-28 09:30:00.000000078,100034,100,99997,100,100044,100,99987,100,100049,100,99985,100,100052,100,99984,200,100053,100,99983,100,100076,200,99980,100,100085,100,99959,100,100106,100,99955,100,100107,100,99951,200,100124,100,99949,100
2019-06-28 09:30:00.000000079,100034,100,99997,100,100044,100,99987,100,100049,100,99985,100,100052,100,99984,200,100053,100,99983,100,100076,200,99980,100,100085,100,99959,100,100086,100,99955,100,100106,100,99951,200,100107,100,99949,100
2019-06-28 09:30:00.000000080,100005,100,99987,100,100034,100,99985,100,100044,100,99984,200,100049,100,99983,100,100052,100,99980,100,100053,100,99959,100,100076,200,99955,100,100085,100,99951,200,100086,100,99949,100,100106,100,99933,100
2019-06-28 09:30:00.000000081,100005,100,99989,100,100034,100,99987,100,100044,100,99985,100,100049,100,99984,200,100052,100,99983,100,100053,100,99980,100,100076,200,99959,100,100085,100,99955,100,100086,100,99951,200,100106,100,99949,100
2019-06-28 09:30:00.000000085,100004,100,99989,100,100005,100,99987,100,100034,100,99985,100,100044,100,99984,200,100049,100,99983,100,100052,100,99980,100,100053,100,99959,100,100076,200,99955,100,100085,100,99951,200,100086,100,99949,100
2019-06-28 09:30:00.000000086,100004,100,99989,100,100005,100,99987,100,100034,100,99985,100,100044,100,99984,200,100049,100,99983,100,100052,100,99980,100,100053,100,99959,100,100076,200,99955,100,100085,100,99951,200,100086,100,99949,100
2019-06-28 09:30:00.000000091,100004,100,99989,100,100005,100,99987,100,100034,100,99985,100,100044,100,99984,200,100049,100,99983,100,100052,100,99980,100,100053,100,99959,100,100076,200,99955,100,100078,100,99951,200,100085,100,99949,100
2019-06-28 09:30:00.000000092,100004,100,99989,200,100005,100,99987,100,100034,100,99985,100,100044,100,99984,200,100049,100,99983,100,100052,100,99980,100,100053,100,99959,100,100076,200,99955,100,100078,100,99951,200,100085,100,99949,100
2019-06-28 09:30:00.000000094,100004,100,99989,200,100005,100,99987,100,100034,100,99985,100,100044,100,99984,200,100049,100,99983,100,100052,100,99980,100,100053,100,99959,100,100076,200,99955,100,100078,100,99951,200,100085,100,99949,100
2019-06-28 09:30:00.000000095,100004,100,99989,200,100005,100,99987,100,100034,100,99985,100,100044,100,99984,200,100049,100,99983,100,100052,100,99980,100,100053,100,99959,100,100076,200,99955,100,100078,100,99951,200,100085,100,99949,100
2019-06-28 09:30:00.000000096,100004,100,99989,200,100005,100,99987,100,100009,100,99985,100,100034,100,99984,200,100044,100,99983,100,100049,100,99980,100,100052,100,99959,200,100053,100,99955,100,100072,100,99951,200,100076,200,99949,100
2019-06-28 09:30:07.879795348,100004,100,99989,200,100005,100,99987,100,100009,100,99985,100,100033,100,99984,200,100034,100,99983,100,100044,100,99980,100,100049,100,99959,200,100052,100,99955,100,100053,100,99951,200,100072,100,99949,100
2019-06-28 09:30:10.000000000,100004,189,99989,289,100005,189,99987,189,100009,189,99985,189,100033,189,99984,289,100034,189,99983,189,100044,100,99980,100,100049,100,99959,200,100052,100,99955,100,100053,100,99951,200,100072,100,99949,100
2019-06-28 09:30:20.000000000,100004,546,99989,646,100005,100,99987,100,100009,100,99985,100,100033,100,99984,200,100034,100,99983,100,100044,100,99980,100,100049,100,99959,200,100052,100,99955,100,100053,100,99951,200,100072,100,99949,100
2019-06-28 09:30:30.000000000,100004,212,99989,312,100005,212,99987,212,100009,212,99985,212,100033,212,99984,312,100034,100,99983,100,100044,100,99980,100,100049,100,99959,200,100052,100,99955,100,100053,100,99951,200,100072,100,99949,100
2019-06-28 09:30:40.000000000,100004,189,99989,289,100005,189,99987,189,100009,189,99985,189,100033,189,99984,289,100034,189,99983,189,100044,100,99980,100,100049,100,99959,200,100052,100,99955,100,100053,100,99951,200,100072,100,99949,100
2019-06-28 09:30:50.000000000,100004,212,99989,312,100005,212,99987,212,100009,212,99985,212,100033,212,99984,312,100034,100,99983,100,100044,100,99980,100,100049,100,99959,200,100052,100,99955,100,100053,100,99951,200,100072,100,99949,100
2019-06-28 09:30:57.946822800,100004,112,99989,312,100005,212,99987,212,100009,212,99985,212,100033,212,99984,312,100034,100,99983,100,100044,100,99980,100,100049,100,99959,200,100052,100,99955,100,100053,100,99951,200,100072,100,99949,100
2019-06-28 09:31:00.000000000,100005,252,99989,352,100009,247,99987,247,100033,247,99985,247,100034,100,99984,200,100044,100,99983,100,100049,100,99980,100,100052,100,99959,200,100053,100,99955,100,100072,100,99951,200,100076,200,99949,100
2019-06-28 09:31:10.000000000,100005,323,99989,423,100009,323,99987,323,100033,100,99985,100,100034,100,99984,200,100044,100,99983,100,100049,100,99980,100,100052,100,99959,200,100053,100,99955,100,100072,100,99951,200,100076,200,99949,100
2019-06-28 09:31:20.000000000,100005,212,99989,312,100009,212,99987,212,100033,212,99985,212,100034,212,99984,312,100044,100,99983,100,100049,100,99980,100,100052,100,99959,200,100053,100,99955,100,100072,100,99951,200,100076,200,99949,100
2019-06-28 09:31:25.704663617,100005,212,99989,312,100009,212,99987,212,100033,212,99985,212,100034,212,99984,312,100044,100,99983,100,100049,100,99980,100,100052,100,99959,200,100053,100,99955,100,100072,100,99951,200,100076,200,99949,100
2019-06-28 09:31:30.000000000,100005,212,99989,312,100009,212,99987,212,100033,212,99985,212,100034,212,99984,312,100044,100,99983,100,100049,100,99980,100,100052,100,99959,200,100053,100,99955,100,100072,100,99951,200,100076,200,99949,100
2019-06-28 09:31:40.000000000,100005,212,99989,312,100009,212,99987,212,100033,212,99985,212,100034,212,99984,312,100044,100,99983,100,100049,100,99980,100,100052,100,99959,200,100053,100,99955,100,100072,100,99951,200,100076,200,99949,100
2019-06-28 09:31:46.114835873,100005,212,99989,312,100009,212,99987,212,100033,212,99985,212,100034,212,99984,312,100044,100,99983,100,100049,100,99980,100,100052,100,99959,200,100053,100,99955,100,100072,100,99951,200,100076,200,99949,100
2019-06-28 09:31:50.000000000,100005,212,99989,312,100009,212,99987,212,100033,212,99985,212,100034,212,99984,312,100044,100,99983,100,100049,100,99980,100,100052,100,99959,200,100053,100,99955,100,100072,100,99951,200,100076,200,99949,100
2019-06-28 09:31:54.238992099,100005,112,99989,312,100009,212,99987,212,100033,212,99985,212,100034,212,99984,312,100044,100,99983,100,100049,100,99980,100,100052,100,99959,200,100053,100,99955,100,100072,100,99951,200,100076,200,99949,100
2019-06-28 09:32:00.000000000,100009,546,99989,646,100033,100,99987,100,100034,100,99985,100,100044,100,99984,200,100049,100,99983,100,100052,100,99980,100,100053,100,99959,200,100072,100,99955,100,100076,200,99951,200,100078,100,99949,100
2019-06-28 09:32:01.828364380,100009,546,99989,646,100033,100,99987,100,100034,100,99985,100,100044,100,99984,200,100049,100,99983,100,100052,100,99980,100,100053,100,99959,200,100072,100,99955,100,100076,200,99951,200,100085,100,99949,100
2019-06-28 09:32:10.000000000,100009,546,99989,646,100033,100,99987,100,100034,100,99985,100,100044,100,99984,200,100049,100,99983,100,100052,100,99980,100,100053,100,99959,200,100072,100,99955,100,100076,200,99951,200,100085,100,99949,100
2019-06-28 09:32:10.065908520,100009,546,99989,546,100033,100,99987,100,100034,100,99985,100,100044,100,99984,200,100049,100,99983,100,100052,100,99980,100,100053,100,99959,200,100072,100,99955,100,100076,200,99951,200,100085,100,99949,100
2019-06-28 09:32:20.000000000,100009,546,99989,546,100033,100,99987,100,100034,100,99985,100,100044,100,99984,200,100049,100,99983,100,100052,100,99980,100,100053,100,99959,200,100072,100,99955,100,100076,200,99951,200,100085,100,99949,100
2019-06-28 09:32:30.000000000,100009,546,99989,546,100033,100,99987,100,100034,100,99985,100,100044,100,99984,200,100049,100,99983,100,100052,100,99980,100,100053,100,99959,200,100072,100,99955,100,100076,200,99951,200,100085,100,99949,100
2019-06-28 09:32:40.000000000,100009,212,99989,212,100033,212,99987,212,100034,212,99985,212,100044,212,99984,312,100049,100,99983,100,100052,100,99980,100,100053,100,99959,200,100072,100,99955,100,100076,200,99951,200,100085,100,99949,100
2019-06-28 09:32:50.000000000,100009,323,99989,323,100033,323,99987,323,100034,100,99985,100,100044,100,99984,200,100049,100,99983,100,100052,100,99980,100,100053,100,99959,200,100072,100,99955,100,100076,200,99951,200,100085,100,99949,100
2019-06-28 09:32:52.979796106,100009,323,99989,323,100033,323,99987,323,100034,100,99985,100,100044,100,99984,200,100049,100,99983,100,100052,100,99980,100,100053,100,99959,100,100072,100,99955,100,100076,200,99951,200,100085,100,99949,100
2019-06-28 09:33:00.000000000,100009,212,99989,212,100033,212,99987,212,100034,212,99985,212,100044,212,99984,312,100049,100,99983,100,100052,100,99980,100,100053,100,99959,100,100072,100,99955,100,100076,200,99951,200,100085,100,99949,100
2019-06-28 09:33:06.389883558,100004,100,99989,212,100009,212,99987,212,100033,212,99985,212,100034,212,99984,312,100044,212,99983,100,100049,100,99980,100,100052,100,99959,100,100053,100,99955,100,100072,100,99951,200,100076,200,99949,100
2019-06-28 09:33:07.143707016,100004,100,99989,212,100009,212,99987,212,100033,212,99985,212,100034,212,99984,312,100044,212,99983,100,100049,100,99980,100,100052,100,99959,100,100053,100,99955,100,100072,100,99951,200,100076,200,99949,100
2019-06-28 09:33:10.000000000,100004,546,99989,546,100009,100,99987,100,100033,100,99985,100,100034,100,99984,200,100044,100,99983,100,100049,100,99980,100,100052,100,99959,100,100053,100,99955,100,100072,100,99951,200,100076,200,99949,100
2019-06-28 09:33:19.557437234,100004,546,99989,546,100009,100,99987,100,100033,100,99985,100,100034,100,99984,200,100044,100,99983,100,100049,100,99980,100,100052,100,99959,100,100053,100,99955,100,100072,100,99951,200,100076,200,99949,100
2019-06-28 09:33:20.000000000,100004,546,99989,546,100009,100,99987,100,100033,100,99985,100,100034,100,99984,200,100044,100,99983,100,100049,100,99980,100,100052,100,99959,100,100053,100,99955,100,100072,100,99951,200,100076,200,99949,100
2019-06-28 09:33:30.000000000,100004,323,99989,323,100009,323,99987,323,100033,100,99985,100,100034,100,99984,200,100044,100,99983,100,100049,100,99980,100,100052,100,99959,100,100053,100,99955,100,100072,100,99951,200,100076,200,99949,100
2019-06-28 09:33:33.990758493,100004,423,99989,323,100009,323,99987,323,100033,100,99985,100,100034,100,99984,200,100044,100,99983,100,100049,100,99980,100,100052,100,99959,100,100053,100,99955,100,100072,100,99951,200,100076,200,99949,100
2019-06-28 09:33:40.000000000,100004,312,99989,212,100009,212,99987,212,100033,212,99985,212,100034,212,99984,312,100044,100,99983,100,100049,100,99980,100,100052,100,99959,100,100053,100,99955,100,100072,100,99951,200,100076,200,99949,100
2019-06-28 09:33:50.000000000,100004,352,99989,252,100009,247,99987,247,100033,247,99985,247,100034,100,99984,200,100044,100,99983,100,100049,100,99980,100,100052,100,99959,100,100053,100,99955,100,100072,100,99951,200,100076,200,99949,100
2019-06-28 09:34:00.000000000,100004,312,99989,212,100009,212,99987,212,100033,212,99985,212,100034,212,99984,312,100044,100,99983,100,100049,100,99980,100,100052,100,99959,100,100053,100,99955,100,100072,100,99951,200,100076,200,99949,100
2019-06-28 09:34:05.306797286,100004,312,99989,112,100009,212,99987,212,100033,212,99985,212,100034,212,99984,312,100044,100,99983,100,100049,100,99980,100,100052,100,99959,100,100053,100,99955,100,100072,100,99951,200,100076,200,99949,100
2019-06-28 09:34:06.856234697,100004,312,99989,112,100009,212,99987,212,100033,212,99985,212,100034,212,99984,312,100044,100,99983,100,100049,100,99980,100,100052,100,99959,100,100053,100,99951,200,100072,100,99949,100,100076,200,99941,100
2019-06-28 09:34:10.000000000,100004,423,99987,323,100009,323,99985,323,100033,100,99984,200,100034,100,99983,100,100044,100,99980,100,100049,100,99959,100,100052,100,99951,200,100053,100,99949,100,100072,100,99941,100,100076,200,99936,100
2019-06-28 09:34:14.745783338,100004,423,99987,323,100009,323,99985,323,100033,100,99984,200,100034,100,99983,100,100044,100,99980,100,100049,100,99959,100,100052,100,99951,200,100053,100,99949,100,100072,100,99941,100,100076,200,99936,100
2019-06-28 09:34:20.000000000,100004,289,99987,189,100009,189,99985,189,100033,189,99984,289,100034,189,99983,189,100044,189,99980,189,100049,100,99959,100,100052,100,99951,200,100053,100,99949,100,100072,100,99941,100,100076,200,99936,100
2019-06-28 09:34:28.959248203,99989,100,99987,189,100004,289,99985,189,100009,189,99984,289,100033,189,99983,189,100034,189,99980,189,100044,189,99959,100,100049,100,99951,200,100052,100,99941,100,100053,100,99936,100,100072,100,99933,100
2019-06-28 09:34:30.000000000,99989,252,99987,252,100004,347,99985,247,100009,247,99984,347,100033,100,99983,100,100034,100,99980,100,100044,100,99959,100,100049,100,99951,200,100052,100,99941,100,100053,100,99936,100,100072,100,99933,100
2019-06-28 09:34:40.000000000,99989,212,99987,212,100004,312,99985,212,100009,212,99984,312,100033,212,99983,212,100034,100,99980,100,100044,100,99959,100,100049,100,99951,200,100052,100,99941,100,100053,100,99936,100,100072,100,99933,100
2019-06-28 09:34:50.000000000,99989,323,99987,323,100004,423,99985,323,100009,100,99984,200,100033,100,99983,100,100034,100,99980,100,100044,100,99959,100,100049,100,99951,200,100052,100,99941,100,100053,100,99936,100,100072,100,99933,100
2019-06-28 09:34:55.572263719,99989,423,99987,323,100004,323,99985,323,100009,100,99984,200,100033,100,99983,100,100034,100,99980,100,100044,100,99959,100,100049,100,99951,200,100052,100,99941,100,100053,100,99936,100,100072,100,99933,100
2019-06-28 09:34:56.152710913,99989,423,99987,323,100004,323,99985,323,100009,100,99984,100,100033,100,99983,100,100034,100,99980,100,100044,100,99959,100,100049,100,99951,200,100052,100,99941,100,100053,100,99936,100,100072,100,99933,100
2019-06-28 09:35:00.000000000,99989,646,99987,546,100004,100,99985,100,100009,100,99984,100,100033,100,99983,100,100034,100,99980,100,100044,100,99959,100,100049,100,99951,200,100052,100,99941,100,100053,100,99936,100,100072,100,99933,100
2019-06-28 09:35:02.436958626,99989,646,99987,546,100004,100,99985,100,100009,100,99984,100,100033,100,99983,100,100034,100,99980,100,100044,100,99959,100,100049,100,99951,200,100053,100,99941,100,100072,100,99936,100,100076,200,99933,100
2019-06-28 09:35:07.794485851,99989,646,99987,546,100004,100,99985,100,100009,100,99984,100,100033,100,99983,100,100034,100,99980,100,100044,100,99959,100,100053,100,99951,200,100072,100,99941,100,100076,200,99936,100,100085,100,99933,100
2019-06-28 09:35:10.000000000,99989,352,99987,252,100004,247,99985,247,100009,247,99984,247,100033,100,99983,100,100034,100,99980,100,100044,100,99959,100,100053,100,99951,200,100072,100,99941,100,100076,200,99936,100,100085,100,99933,100
2019-06-28 09:35:20.000000000,99989,423,99987,323,100004,323,99985,323,100009,100,99984,100,100033,100,99983,100,100034,100,99980,100,100044,100,99959,100,100053,100,99951,200,100072,100,99941,100,100076,200,99936,100,100085,100,99933,100
2019-06-28 09:35:26.594460778,99989,423,99987,223,100004,323,99985,323,100009,100,99984,100,100033,100,99983,100,100034,100,99980,100,100044,100,99959,100,100053,100,99951,200,100072,100,99941,100,100076,200,99936,100,100085,100,99933,100
2019-06-28 09:35:30.000000000,99989,646,99985,546,100004,100,99984,100,100009,100,99983,100,100033,100,99980,100,100034,100,99959,100,100044,100,99951,200,100053,100,99941,100,100072,100,99936,100,100076,200,99933,100,100085,100,99930,100
2019-06-28 09:35:40.000000000,99989,312,99985,212,100004,212,99984,212,100009,212,99983,212,100033,212,99980,212,100034,100,99959,100,100044,100,99951,200,100053,100,99941,100,100072,100,99936,100,100076,200,99933,100,100085,100,99930,100
2019-06-28 09:35:50.000000000,99989,352,99985,252,100004,247,99984,247,100009,247,99983,247,100033,100,99980,100,100034,100,99959,100,100044,100,99951,200,100053,100,99941,100,100072,100,99936,100,100076,200,99933,100,100085,100,99930,100
2019-06-28 09:36:00.000000000,99989,423,99985,323,100004,323,99984,323,100009,100,99983,100,100033,100,99980,100,100034,100,99959,100,100044,100,99951,200,100053,100,99941,100,100072,100,99936,100,100076,200,99933,100,100085,100,99930,100
2019-06-28 09:36:03.034236236,99989,423,99985,223,100004,323,99984,323,100033,100,99983,100,100034,100,99980,100,100044,100,99959,100,100053,100,99951,200,100072,100,99941,100,100076,200,99936,100,100085,100,99933,100,100086,100,99930,100
2019-06-28 09:36:10.000000000,99989,646,99984,546,100004,100,99983,100,100033,100,99980,100,100034,100,99959,100,100044,100,99951,200,100053,100,99941,100,100072,100,99936,100,100076,200,99933,100,100085,100,99930,100,100086,100,99915,100
2019-06-28 09:36:18.527281932,99989,646,99984,446,100004,100,99983,100,100033,100,99980,100,100034,100,99959,100,100044,100,99951,200,100053,100,99941,100,100072,100,99936,100,100076,200,99933,100,100085,100,99930,100,100086,100,99915,100
2019-06-28 09:36:19.691377822,99989,646,99984,446,100004,100,99983,100,100033,100,99980,100,100034,100,99959,100,100044,100,99951,200,100053,100,99941,100,100072,100,99936,100,100076,200,99933,100,100085,100,99930,100,100086,100,99914,100
2019-06-28 09:36:20.000000000,99989,312,99983,212,100004,212,99980,212,100033,212,99959,212,100034,212,99951,312,100044,100,99941,100,100053,100,99936,100,100072,100,99933,100,100076,200,99930,100,100085,100,99914,100,100086,100,99909,100
2019-06-28 09:36:23.496454890,99989,312,99983,112,100004,212,99980,212,100033,212,99959,212,100034,212,99951,312,100044,100,99941,100,100053,100,99933,100,100072,100,99930,100,100076,200,99914,100,100085,100,99909,100,100086,100,99907,100
2019-06-28 09:36:27.776494722,99989,312,99983,12,100004,212,99980,212,100033,212,99959,212,100034,212,99951,312,100044,100,99941,100,100053,100,99933,100,100072,100,99930,100,100076,200,99914,100,100085,100,99909,100,100086,100,99901,100
2019-06-28 09:36:30.000000000,99989,289,99980,189,100004,189,99959,189,100033,189,99951,289,100034,189,99941,189,100044,189,99933,189,100053,100,99930,100,100072,100,99914,100,100076,200,99909,100,100085,100,99901,100,100086,100,99882,100
2019-06-28 09:36:31.444929288,99989,289,99980,189,100004,189,99959,89,100033,189,99951,289,100034,189,99941,189,100044,189,99933,189,100053,100,99930,100,100072,100,99914,100,100076,200,99909,100,100085,100,99901,100,100086,100,99882,100
2019-06-28 09:36:37.185141043,99989,289,99980,189,100004,189,99959,89,100033,189,99951,289,100034,189,99941,189,100044,189,99939,100,100053,100,99933,189,100072,100,99930,100,100076,200,99914,100,100085,100,99909,100,100086,100,99901,100
2019-06-28 09:36:40.000000000,99989,646,99980,546,100004,100,99951,200,100033,100,99941,100,100034,100,99939,100,100044,100,99933,100,100053,100,99930,100,100072,100,99914,100,100076,200,99909,100,100085,100,99901,100,100086,100,99882,100
2019-06-28 09:36:48.022575853,99989,646,99980,446,100004,100,99951,200,100033,100,99941,100,100034,100,99939,100,100053,100,99933,100,100072,100,99930,100,100076,200,99914,100,100085,100,99909,100,100086,100,99901,100,100106,100,99882,100
2019-06-28 09:36:50.000000000,99989,289,99951,289,100004,189,99941,189,100033,189,99939,189,100034,189,99933,189,100053,189,99930,189,100072,100,99914,100,100076,200,99909,100,100085,100,99901,100,100086,100,99882,100,100106,100,99868,100
2019-06-28 09:37:00.000000000,99989,312,99951,312,100004,212,99941,212,100033,212,99939,212,100034,212,99933,212,100053,100,99930,100,100072,100,99914,100,100076,200,99909,100,100085,100,99901,100,100086,100,99882,100,100106,100,99868,100
2019-06-28 09:37:01.189623182,99989,312,99951,312,100004,212,99941,212,100033,212,99939,212,100034,212,99933,212,100053,100,99930,100,100072,100,99914,100,100076,200,99909,100,100085,100,99901,100,100086,100,99882,100,100106,100,99849,100
2019-06-28 09:37:07.103412416,99989,312,99951,212,100004,212,99941,212,100033,212,99939,212,100034,212,99933,212,100053,100,99930,100,100072,100,99914,100,100076,200,99909,100,100085,100,99901,100,100086,100,99882,100,100106,100,99849,100
2019-06-28 09:37:10.000000000,99989,289,99951,189,100004,189,99941,189,100033,189,99939,189,100034,189,99933,189,100053,189,99930,189,100072,100,99914,100,100076,200,99909,100,100085,100,99901,100,100086,100,99882,100,100106,100,99849,100
2019-06-28 09:37:20.000000000,99989,352,99951,252,100004,247,99941,247,100033,247,99939,247,100034,100,99933,100,100053,100,99930,100,100072,100,99914,100,100076,200,99909,100,100085,100,99901,100,100086,100,99882,100,100106,100,99849,100
2019-06-28 09:37:30.000000000,99989,312,99951,212,100004,212,99941,212,100033,212,99939,212,100034,212,99933,212,100053,100,99930,100,100072,100,99914,100,100076,200,99909,100,100085,100,99901,100,100086,100,99882,100,100106,100,99849,100
2019-06-28 09:37:40.000000000,99989,646,99951,546,100004,100,99941,100,100033,100,99939,100,100034,100,99933,100,100053,100,99930,100,100072,100,99914,100,100076,200,99909,100,100085,100,99901,100,100086,100,99882,100,100106,100,99849,100
2019-06-28 09:37:50.000000000,99989,646,99951,546,100004,100,99941,100,100033,100,99939,100,100034,100,99933,100,100053,100,99930,100,100072,100,99914,100,100076,200,99909,100,100085,100,99901,100,100086,100,99882,100,100106,100,99849,100
2019-06-28 09:38:00.000000000,99989,352,99951,252,100004,247,99941,247,100033,247,99939,247,100034,100,99933,100,100053,100,99930,100,100072,100,99914,100,100076,200,99909,100,100085,100,99901,100,100086,100,99882,100,100106,100,99849,100
2019-06-28 09:38:10.000000000,99989,646,99951,546,100004,100,99941,100,100033,100,99939,100,100034,100,99933,100,100053,100,99930,100,100072,100,99914,100,100076,200,99909,100,100085,100,99901,100,100086,100,99882,100,100106,100,99849,100
2019-06-28 09:38:20.000000000,99989,646,99951,546,100004,100,99941,100,100033,100,99939,100,100034,100,99933,100,100053,100,99930,100,100072,100,99914,100,100076,200,99909,100,100085,100,99901,100,100086,100,99882,100,100106,100,99849,100
2019-06-28 09:38:30.000000000,99989,352,99951,252,100004,247,99941,247,100033,247,99939,247,100034,100,99933,100,100053,100,99930,100,100072,100,99914,100,100076,200,99909,100,100085,100,99901,100,100086,100,99882,100,100106,100,99849,100
2019-06-28 09:38:40.000000000,99989,312,99951,212,100004,212,99941,212,100033,212,99939,212,100034,212,99933,212,100053,100,99930,100,100072,100,99914,100,100076,200,99909,100,100085,100,99901,100,100086,100,99882,100,100106,100,99849,100
2019-06-28 09:38:50.000000000,99989,289,99951,189,100004,189,99941,189,100033,189,99939,189,100034,189,99933,189,100053,189,99930,189,100072,100,99914,100,100076,200,99909,100,100085,100,99901,100,100086,100,99882,100,100106,100,99849,100
2019-06-28 09:39:00.000000000,99989,423,99951,323,100004,323,99941,323,100033,100,99939,100,100034,100,99933,100,100053,100,99930,100,100072,100,99914,100,100076,200,99909,100,100085,100,99901,100,100086,100,99882,100,100106,100,99849,100
2019-06-28 09:39:10.000000000,99989,423,99951,323,100004,323,99941,323,100033,100,99939,100,100034,100,99933,100,100053,100,99930,100,100072,100,99914,100,100076,200,99909,100,100085,100,99901,100,100086,100,99882,100,100106,100,99849,100
2019-06-28 09:39:13.190917928,99989,423,99951,323,100004,323,99941,323,100033,100,99939,100,100034,100,99933,100,100053,100,99930,100,100072,100,99914,100,100076,200,99909,100,100085,100,99901,100,100086,100,99882,100,100106,100,99849,100
2019-06-28 09:39:20.000000000,99989,312,99951,212,100004,212,99941,212,100033,212,99939,212,100034,212,99933,212,100053,100,99930,100,100072,100,99914,100,100076,200,99909,100,100085,100,99901,100,100086,100,99882,100,100106,100,99849,100
2019-06-28 09:39:20.349625124,99989,312,99951,112,100004,212,99941,212,100033,212,99939,212,100034,212,99933,212,100053,100,99930,100,100072,100,99914,100,100076,200,99909,100,100085,100,99901,100,100086,100,99882,100,100106,100,99849,100
2019-06-28 09:39:30.000000000,99989,646,99941,546,100004,100,99939,100,100033,100,99933,100,100034,100,99930,100,100053,100,99914,100,100072,100,99909,100,100076,200,99901,100,100085,100,99882,100,100086,100,99849,100,100106,100,99842,100
2019-06-28 09:39:40.000000000,99989,646,99941,546,100004,100,99939,100,100033,100,99933,100,100034,100,99930,100,100053,100,99914,100,100072,100,99909,100,100076,200,99901,100,100085,100,99882,100,100086,100,99849,100,100106,100,99842,100
2019-06-28 09:39:47.763076469,99989,546,99941,546,100004,100,99939,100,100033,100,99933,100,100034,100,99930,100,100053,100,99914,100,100072,100,99909,100,100076,200,99901,100,100085,100,99882,100,100086,100,99849,100,100106,100,99842,100
2019-06-28 09:39:49.124185677,99951,100,99941,546,99989,546,99939,100,100004,100,99933,100,100033,100,99930,100,100034,100,99914,100,100053,100,99909,100,100072,100,99901,100,100076,200,99882,100,100085,100,99849,100,100086,100,99842,100
2019-06-28 09:39:50.000000000,99951,212,99941,212,99989,212,99939,212,100004,212,99933,212,100033,212,99930,212,100034,100,99914,100,100053,100,99909,100,100072,100,99901,100,100076,200,99882,100,100085,100,99849,100,100086,100,99842,100
2019-06-28 09:39:50.077066167,99951,212,99941,112,99989,212,99939,212,100004,212,99933,212,100033,212,99930,212,100034,100,99914,100,100053,100,99909,100,100072,100,99901,100,100076,200,99882,100,100085,100,99849,100,100086,100,99842,100
2019-06-28 09:40:00.000000000,99951,323,99939,323,99989,323,99933,323,100004,100,99930,100,100033,100,99914,100,100034,100,99909,100,100053,100,99901,100,100072,100,99882,100,100076,200,99849,100,100085,100,99842,100,100086,100,99797,100
2019-06-28 09:40:05.071378705,99951,323,99939,323,99989,323,99933,323,100004,100,99930,100,100033,100,99914,100,100034,100,99909,100,100053,100,99901,100,100072,100,99882,100,100076,200,99849,100,100085,100,99842,100,100086,100,99797,100
2019-06-28 09:40:09.169316988,99951,323,99939,323,99989,323,99933,323,100004,100,99930,100,100034,100,99914,100,100053,100,99909,100,100072,100,99901,100,100076,200,99882,100,100085,100,99849,100,100086,100,99842,100,100106,100,99797,100
2019-06-28 09:40:10.000000000,99951,546,99939,546,99989,100,99933,100,100004,100,99930,100,100034,100,99914,100,100053,100,99909,100,100072,100,99901,100,100076,200,99882,100,100085,100,99849,100,100086,100,99842,100,100106,100,99797,100
2019-06-28 09:40:11.178377319,99951,546,99939,546,99989,100,99933,100,100004,100,99930,100,100034,100,99914,100,100053,100,99909,100,100072,100,99901,100,100076,200,99882,100,100085,100,99849,100,100086,100,99842,100,100106,100,99797,100
2019-06-28 09:40:20.000000000,99951,189,99939,189,99989,189,99933,189,100004,189,99930,189,100034,189,99914,189,100053,189,99909,189,100072,100,99901,100,100076,200,99882,100,100085,100,99849,100,100086,100,99842,100,100106,100,99797,100
2019-06-28 09:40:20.038445201,99951,189,99939,89,99989,189,99933,189,100004,189,99930,189,100034,189,99914,189,100053,89,99909,189,100072,100,99901,100,100076,200,99882,100,100085,100,99849,100,100086,100,99842,100,100106,100,99797,100
2019-06-28 09:40:23.026494007,99941,100,99939,89,99951,89,99933,189,99989,189,99930,189,100004,189,99914,189,100034,189,99909,189,100053,89,99901,100,100072,100,99882,100,100076,200,99849,100,100085,100,99842,100,100086,100,99797,100
2019-06-28 09:40:30.000000000,99941,252,99933,252,99989,247,99930,247,100004,247,99914,247,100034,100,99909,100,100072,100,99901,100,100076,200,99882,100,100085,100,99849,100,100086,100,99842,100,100106,100,99797,100,100112,100,99618,100
2019-06-28 09:40:37.669894314,99941,252,99933,252,99989,247,99930,247,100004,247,99914,247,100034,100,99909,100,100072,100,99901,100,100076,100,99882,100,100085,100,99849,100,100086,100,99842,100,100106,100,99797,100,100112,100,99618,100
2019-06-28 09:40:40.000000000,99941,323,99933,323,99989,323,99930,323,100004,100,99914,100,100034,100,99909,100,100072,100,99901,100,100076,100,99882,100,100085,100,99849,100,100086,100,99842,100,100106,100,99797,100,100112,100,99618,100
2019-06-28 09:40:50.000000000,99941,212,99933,212,99989,212,99930,212,100004,212,99914,212,100034,212,99909,212,100072,100,99901,100,100076,100,99882,100,100085,100,99849,100,100086,100,99842,100,100106,100,99797,100,100112,100,99618,100
2019-06-28 09:40:50.435690954,99941,212,99933,212,99989,212,99930,212,100004,212,99914,212,100034,212,99909,212,100072,100,99901,100,100076,100,99882,100,100085,100,99849,100,100086,100,99842,100,100106,100,99797,100,100112,100,99618,100
2019-06-28 09:41:00.000000000,99941,189,99933,189,99989,189,99930,189,100004,189,99914,189,100034,189,99909,189,100072,189,99901,189,100076,100,99882,100,100085,100,99849,100,100086,100,99842,100,100106,100,99797,100,100112,100,99618,100
2019-06-28 09:41:00.984417453,99941,189,99933,89,99989,189,99930,189,100004,189,99914,189,100034,189,99909,189,100072,189,99901,189,100076,100,99882,100,100085,100,99849,100,100086,100,99842,100,100106,100,99797,100,100112,100,99618,100
2019-06-28 09:41:10.000000000,99941,189,99930,189,99989,189,99914,189,100004,189,99909,189,100034,189,99901,189,100072,189,99882,189,100076,100,99849,100,100085,100,99842,100,100086,100,99797,100,100106,100,99618,100,100112,100,99483,100
2019-06-28 09:41:20.000000000,99941,212,99930,212,99989,212,99914,212,100004,212,99909,212,100034,212,99901,212,100072,100,99882,100,100076,100,99849,100,100085,100,99842,100,100086,100,99797,100,100106,100,99618,100,100112,100,99483,100
2019-06-28 09:41:28.957047521,99941,212,99930,112,99989,212,99914,212,100004,212,99909,212,100034,212,99901,212,100072,100,99882,100,100076,100,99849,100,100085,100,99842,100,100086,100,99797,100,100106,100,99618,100,100112,100,99483,100
2019-06-28 09:41:29.065000122,99933,100,99930,112,99941,212,99914,212,99989,212,99909,212,100004,212,99901,212,100034,212,99882,100,100072,100,99849,100,100076,100,99842,100,100085,100,99797,100,100086,100,99618,100,100106,100,99483,100
2019-06-28 09:41:30.000000000,99933,546,99914,546,99941,100,99909,100,99989,100,99901,100,100004,100,99882,100,100034,100,99849,100,100072,100,99842,100,100076,100,99797,100,100085,100,99618,100,100086,100,99483,100,100106,100,99475,100
2019-06-28 09:41:40.000000000,99933,546,99914,546,99941,100,99909,100,99989,100,99901,100,100004,100,99882,100,100034,100,99849,100,100072,100,99842,100,100076,100,99797,100,100085,100,99618,100,100086,100,99483,100,100106,100,99475,100
2019-06-28 09:41:49.282442069,99933,546,99914,446,99941,100,99901,100,99989,100,99882,100,100004,100,99849,100,100034,100,99842,100,100072,100,99797,100,100076,100,99618,100,100085,100,99483,100,100086,100,99475,100,100106,100,99424,100
2019-06-28 09:41:50.000000000,99933,546,99901,546,99941,100,99882,100,99989,100,99849,100,100004,100,99842,100,100034,100,99797,100,100072,100,99618,100,100076,100,99483,100,100085,100,99475,100,100086,100,99424,100,100106,100,99328,200
2019-06-28 09:42:00.000000000,99933,546,99901,546,99941,100,99882,100,99989,100,99849,100,100004,100,99842,100,100034,100,99797,100,100072,100,99618,100,100076,100,99483,100,100085,100,99475,100,100086,100,99424,100,100106,100,99328,200
2019-06-28 09:42:10.000000000,99933,212,99901,212,99941,212,99882,212,99989,212,99849,212,100004,212,99842,212,100034,100,99797,100,100072,100,99618,100,100076,100,99483,100,100085,100,99475,100,100086,100,99424,100,100106,100,99328,200
2019-06-28 09:42:20.000000000,99933,252,99901,252,99941,247,99882,247,99989,247,99849,247,100004,100,99842,100,100034,100,99797,100,100072,100,99618,100,100076,100,99483,100,100085,100,99475,100,100086,100,99424,100,100106,100,99328,200
2019-06-28 09:42:30.000000000,99933,323,99901,323,99941,323,99882,323,99989,100,99849,100,100004,100,99842,100,100034,100,99797,100,100072,100,99618,100,100076,100,99483,100,100085,100,99475,100,100086,100,99424,100,100106,100,99328,200
2019-06-28 09:42:31.950666899,99930,100,99901,323,99933,323,99882,323,99941,323,99849,100,99989,100,99842,100,100004,100,99797,100,100034,100,99618,100,100072,100,99483,100,100076,100,99475,100,100085,100,99424,100,100086,100,99328,200
2019-06-28 09:42:40.000000000,99930,323,99901,323,99933,323,99882,323,99941,100,99849,100,99989,100,99842,100,100004,100,99797,100,100034,100,99618,100,100072,100,99483,100,100076,100,99475,100,100085,100,99424,100,100086,100,99328,200
2019-06-28 09:42:42.280610672,99930,323,99901,323,99933,323,99882,323,99941,100,99849,100,99989,100,99842,100,100004,100,99797,100,100034,100,99618,100,100072,100,99483,100,100076,100,99475,100,100085,100,99424,100,100086,100,99328,200
2019-06-28 09:42:43.247068611,99930,323,99901,323,99933,323,99882,323,99941,100,99849,100,99989,100,99842,100,100004,100,99797,100,100034,100,99618,100,100072,100,99483,100,100076,100,99475,100,100085,100,99424,100,100086,100,99394,100
2019-06-28 09:42:50.000000000,99930,212,99901,212,99933,212,99882,212,99941,212,99849,212,99989,212,99842,212,100004,100,99797,100,100034,100,99618,100,100072,100,99483,100,100076,100,99475,100,100085,100,99424,100,100086,100,99394,100
2019-06-28 09:43:00.000000000,99930,212,99901,212,99933,212,99882,212,99941,212,99849,212,99989,212,99842,212,100004,100,99797,100,100034,100,99618,100,100072,100,99483,100,100076,100,99475,100,100085,100,99424,100,100086,100,99394,100
2019-06-28 09:43:10.000000000,99930,252,99901,252,99933,247,99882,247,99941,247,99849,247,99989,100,99842,100,100004,100,99797,100,100034,100,99618,100,100072,100,99483,100,100076,100,99475,100,100085,100,99424,100,100086,100,99394,100
2019-06-28 09:43:20.000000000,99930,252,99901,252,99933,247,99882,247,99941,247,99849,247,99989,100,99842,100,100004,100,99797,100,100034,100,99618,100,100072,100,99483,100,100076,100,99475,100,100085,100,99424,100,100086,100,99394,100
2019-06-28 09:43:30.000000000,99930,189,99901,189,99933,189,99882,189,99941,189,99849,189,99989,189,99842,189,100004,189,99797,189,100034,100,99618,100,100072,100,99483,100,100076,100,99475,100,100085,100,99424,100,100086,100,99394,100
2019-06-28 09:43:36.907227098,99930,189,99901,89,99933,189,99882,189,99941,189,99849,189,99989,189,99842,189,100004,189,99797,189,100034,100,99618,100,100072,100,99483,100,100076,100,99475,100,100085,100,99424,100,100086,100,99394,100
2019-06-28 09:43:40.000000000,99930,323,99882,323,99933,323,99849,323,99941,100,99842,100,99989,100,99797,100,100004,100,99618,100,100034,100,99483,100,100072,100,99475,100,100076,100,99424,100,100085,100,99394,100,100086,100,99328,200
2019-06-28 09:43:50.000000000,99930,252,99882,252,99933,247,99849,247,99941,247,99842,247,99989,100,99797,100,100004,100,99618,100,100034,100,99483,100,100072,100,99475,100,100076,100,99424,100,100085,100,99394,100,100086,100,99328,200
2019-06-28 09:43:53.595464470,99930,252,99882,152,99933,247,99849,247,99941,247,99842,247,99989,100,99797,100,100004,100,99618,100,100034,100,99483,100,100072,100,99475,100,100076,100,99424,100,100085,100,99394,100,100086,100,99328,200
2019-06-28 09:44:00.000000000,99930,189,99849,189,99933,189,99842,189,99941,189,99797,189,99989,189,99618,189,100004,189,99483,189,100034,100,99475,100,100072,100,99424,100,100076,100,99394,100,100085,100,99328,200,100086,100,99310,100
2019-06-28 09:44:03.553541775,99901,100,99849,189,99930,189,99842,189,99933,189,99797,189,99941,189,99618,189,99989,189,99483,189,100004,189,99475,100,100034,100,99424,100,100072,100,99394,100,100076,100,99328,200,100085,100,99310,100
2019-06-28 09:44:10.000000000,99901,323,99849,323,99930,323,99842,323,99933,100,99797,100,99941,100,99618,100,99989,100,99483,100,100004,100,99475,100,100034,100,99424,100,100072,100,99394,100,100076,100,99328,200,100085,100,99310,100
2019-06-28 09:44:20.000000000,99901,189,99849,189,99930,189,99842,189,99933,189,99797,189,99941,189,99618,189,99989,189,99483,189,100004,100,99475,100,100034,100,99424,100,100072,100,99394,100,100076,100,99328,200,100085,100,99310,100
2019-06-28 09:44:30.000000000,99901,189,99849,189,99930,189,99842,189,99933,189,99797,189,99941,189,99618,189,99989,189,99483,189,100004,100,99475,100,100034,100,99424,100,100072,100,99394,100,100076,100,99328,200,100085,100,99310,100
2019-06-28 09:44:31.617963100,99901,289,99849,189,99930,189,99842,189,99933,189,99797,189,99941,189,99618,189,99989,189,99483,189,100004,100,99475,100,100034,100,99424,100,100072,100,99394,100,100076,100,99328,200,100085,100,99310,100
2019-06-28 09:44:34.492077226,99901,289,99849,189,99930,189,99842,189,99933,189,99797,189,99941,189,99618,189,99989,189,99483,189,100004,100,99475,100,100034,100,99424,100,100072,100,99394,100,100076,100,99328,200,100085,100,99310,100
2019-06-28 09:44:37.579291253,99901,289,99849,89,99930,189,99842,189,99933,189,99797,189,99941,189,99618,189,99989,189,99483,189,100004,100,99475,100,100034,100,99424,100,100072,100,99394,100,100076,100,99328,200,100085,100,99310,100
2019-06-28 09:44:40.000000000,99901,352,99842,252,99930,247,99797,247,99933,247,99618,247,99941,100,99483,100,99989,100,99475,100,100004,100,99424,100,100034,100,99394,100,100072,100,99328,200,100076,100,99310,100,100085,100,99299,100
2019-06-28 09:44:50.000000000,99901,289,99842,189,99930,189,99797,189,99933,189,99618,189,99941,189,99483,189,99989,189,99475,189,100004,100,99424,100,100034,100,99394,100,100072,100,99328,200,100076,100,99310,100,100085,100,99299,100
2019-06-28 09:44:54.856266482,99901,289,99842,89,99930,189,99797,189,99933,189,99618,189,99941,189,99483,189,99989,189,99475,189,100004,100,99424,100,100034,100,99394,100,100072,100,99328,200,100076,100,99310,100,100085,100,99299,100
2019-06-28 09:45:00.000000000,99901,646,99797,546,99930,100,99618,100,99933,100,99483,100,99941,100,99475,100,99989,100,99424,100,100004,100,99394,100,100034,100,99328,200,100072,100,99310,100,100076,100,99299,100,100085,100,99279,100
2019-06-28 09:45:08.070853195,99901,646,99797,546,99930,100,99618,100,99933,100,99483,100,99941,100,99475,100,99989,100,99424,100,100034,100,99394,100,100072,100,99328,200,100076,100,99310,100,100085,100,99299,100,100086,100,99279,100
2019-06-28 09:45:10.000000000,99901,646,99797,546,99930,100,99618,100,99933,100,99483,100,99941,100,99475,100,99989,100,99424,100,100034,100,99394,100,100072,100,99328,200,100076,100,99310,100,100085,100,99299,100,100086,100,99279,100
2019-06-28 09:45:18.668192413,99901,646,99797,546,99930,100,99618,100,99933,100,99483,100,99941,100,99475,100,99989,100,99424,100,100034,100,99394,100,100072,100,99328,200,100076,100,99310,100,100085,100,99299,100,100086,100,99071,100
2019-06-28 09:45:20.000000000,99901,646,99797,546,99930,100,99618,100,99933,100,99483,100,99941,100,99475,100,99989,100,99424,100,100034,100,99394,100,100072,100,99328,200,100076,100,99310,100,100085,100,99299,100,100086,100,99071,100
2019-06-28 09:45:22.387223213,99901,646,99797,546,99930,100,99618,100,99933,100,99483,100,99941,100,99475,100,99989,100,99424,100,100034,100,99394,100,100072,100,99328,200,100076,100,99310,100,100085,100,99299,100,100086,100,99071,100
2019-06-28 09:45:30.000000000,99901,312,99797,212,99930,212,99618,212,99933,212,99483,212,99941,212,99475,212,99989,100,99424,100,100034,100,99394,100,100072,100,99328,200,100076,100,99310,100,100085,100,99299,100,100086,100,99071,100
2019-06-28 09:45:34.514794737,99901,312,99797,112,99930,212,99618,212,99933,212,99483,212,99941,212,99475,212,99989,100,99424,100,100034,100,99394,100,100072,100,99328,200,100076,100,99310,100,100085,100,99299,100,100086,100,99071,100
2019-06-28 09:45:36.509614314,99901,312,99797,112,99930,212,99618,212,99933,212,99483,212,99941,212,99475,212,99989,100,99424,100,100034,100,99394,100,100072,100,99328,200,100076,100,99310,100,100085,100,99299,100,100086,100,99071,100
2019-06-28 09:45:40.000000000,99901,289,99618,189,99930,189,99483,189,99933,189,99475,189,99941,189,99424,189,99989,189,99394,189,100034,100,99328,200,100072,100,99310,100,100076,100,99299,100,100085,100,99071,100,100086,100,98879,100
2019-06-28 09:45:50.000000000,99901,312,99618,212,99930,212,99483,212,99933,212,99475,212,99941,212,99424,212,99989,100,99394,100,100034,100,99328,200,100072,100,99310,100,100076,100,99299,100,100085,100,99071,100,100086,100,98879,100
2019-06-28 09:46:00.000000000,99901,646,99618,546,99930,100,99483,100,99933,100,99475,100,99941,100,99424,100,99989,100,99394,100,100034,100,99328,200,100072,100,99310,100,100076,100,99299,100,100085,100,99071,100,100086,100,98879,100
2019-06-28 09:46:09.444541068,99842,100,99618,546,99901,646,99483,100,99930,100,99475,100,99933,100,99424,100,99941,100,99394,100,99989,100,99328,200,100034,100,99310,100,100072,100,99299,100,100076,100,99071,100,100085,100,98879,100
2019-06-28 09:46:10.000000000,99842,323,99618,323,99901,423,99483,323,99930,100,99475,100,99933,100,99424,100,99941,100,99394,100,99989,100,99328,200,100034,100,99310,100,100072,100,99299,100,100076,100,99071,100,100085,100,98879,100
2019-06-28 09:46:15.464689192,99842,323,99618,223,99901,423,99483,323,99930,100,99475,100,99933,100,99424,100,99941,100,99394,100,99989,100,99328,200,100034,100,99310,100,100076,100,99299,100,100085,100,99071,100,100086,100,98879,100
2019-06-28 09:46:20.000000000,99842,189,99483,189,99901,289,99475,189,99930,189,99424,189,99933,189,99394,189,99941,189,99328,289,99989,100,99310,100,100034,100,99299,100,100076,100,99071,100,100085,100,98879,100,100086,100,98804,100
2019-06-28 09:46:30.000000000,99842,212,99483,212,99901,312,99475,212,99930,212,99424,212,99933,212,99394,212,99941,100,99328,200,99989,100,99310,100,100034,100,99299,100,100076,100,99071,100,100085,100,98879,100,100086,100,98804,100
2019-06-28 09:46:35.034914486,99842,212,99483,112,99901,312,99475,212,99930,212,99424,212,99933,212,99394,212,99941,100,99328,200,99989,100,99310,100,100034,100,99299,100,100076,100,99071,100,100085,100,98879,100,100086,100,98804,100
2019-06-28 09:46:40.000000000,99842,323,99475,323,99901,423,99424,323,99930,100,99394,100,99933,100,99328,200,99941,100,99310,100,99989,100,99299,100,100034,100,99071,100,100076,100,98879,100,100085,100,98804,100,100086,100,98674,100
2019-06-28 09:46:46.196292111,99842,323,99475,223,99901,423,99424,323,99930,100,99394,100,99933,100,99328,200,99941,100,99310,100,99989,100,99299,100,100034,100,99071,100,100076,100,98879,100,100085,100,98804,100,100086,100,98674,100
2019-06-28 09:46:48.568827915,99842,323,99475,123,99901,423,99424,323,99930,100,99394,100,99933,100,99328,200,99941,100,99310,100,99989,100,99299,100,100034,100,99071,100,100076,100,98879,100,100085,100,98804,100,100086,100,98674,100
2019-06-28 09:46:50.000000000,99842,189,99424,189,99901,289,99394,189,99930,189,99328,289,99933,189,99310,189,99941,189,99299,189,99989,100,99071,100,100034,100,98879,100,100076,100,98804,100,100085,100,98674,100,100086,100,98587,100
2019-06-28 09:47:00.000000000,99842,252,99424,252,99901,347,99394,247,99930,247,99328,347,99933,100,99310,100,99941,100,99299,100,99989,100,99071,100,100034,100,98879,100,100076,100,98804,100,100085,100,98674,100,100086,100,98587,100
2019-06-28 09:47:10.000000000,99842,212,99424,212,99901,312,99394,212,99930,212,99328,312,99933,212,99310,212,99941,100,99299,100,99989,100,99071,100,100034,100,98879,100,100076,100,98804,100,100085,100,98674,100,100086,100,98587,100
2019-06-28 09:47:18.507846314,99842,212,99424,212,99901,312,99394,212,99930,212,99328,312,99933,212,99310,212,99941,100,99299,100,99989,100,99071,100,100034,100,99057,100,100076,100,98879,100,100085,100,98804,100,100086,100,98674,100
2019-06-28 09:47:20.000000000,99842,546,99424,546,99901,200,99394,100,99930,100,99328,200,99933,100,99310,100,99941,100,99299,100,99989,100,99071,100,100034,100,99057,100,100076,100,98879,100,100085,100,98804,100,100086,100,98674,100
2019-06-28 09:47:23.449907782,99842,546,99424,546,99901,200,99394,100,99930,100,99328,200,99941,100,99310,100,99989,100,99299,100,100034,100,99071,100,100076,100,99057,100,100085,100,98879,100,100086,100,98804,100,100106,100,98674,100
2019-06-28 09:47:30.000000000,99842,189,99424,189,99901,289,99394,189,99930,189,99328,289,99941,189,99310,189,99989,189,99299,189,100034,100,99071,100,100076,100,99057,100,100085,100,98879,100,100086,100,98804,100,100106,100,98674,100
2019-06-28 09:47:40.000000000,99842,252,99424,252,99901,347,99394,247,99930,247,99328,347,99941,100,99310,100,99989,100,99299,100,100034,100,99071,100,100076,100,99057,100,100085,100,98879,100,100086,100,98804,100,100106,100,98674,100
2019-06-28 09:47:50.000000000,99842,189,99424,189,99901,289,99394,189,99930,189,99328,289,99941,189,99310,189,99989,189,99299,189,100034,100,99071,100,100076,100,99057,100,100085,100,98879,100,100086,100,98804,100,100106,100,98674,100
2019-06-28 09:47:53.544979434,99842,189,99424,189,99901,289,99407,100,99930,189,99394,189,99941,189,99328,289,99989,189,99310,189,100034,100,99299,189,100076,100,99071,100,100085,100,99057,100,100086,100,98879,100,100106,100,98804,100
2019-06-28 09:48:00.000000000,99842,212,99424,212,99901,312,99407,212,99930,212,99394,212,99941,212,99328,312,99989,100,99310,100,100034,100,99299,100,100076,100,99071,100,100085,100,99057,100,100086,100,98879,100,100106,100,98804,100
2019-06-28 09:48:02.193483576,99842,212,99475,100,99901,312,99424,212,99930,212,99407,212,99941,212,99394,212,99989,100,99328,312,100034,100,99310,100,100076,100,99299,100,100085,100,99071,100,100086,100,99057,100,100106,100,98879,100
2019-06-28 09:48:07.646944432,99842,212,99490,100,99901,312,99475,100,99930,212,99424,112,99941,212,99407,212,99989,100,99394,212,100034,100,99328,312,100076,100,99310,100,100085,100,99299,100,100086,100,99071,100,100106,100,99057,100
2019-06-28 09:48:10.000000000,99842,546,99490,546,99901,200,99475,100,99930,100,99407,100,99941,100,99394,100,99989,100,99328,200,100034,100,99310,100,100076,100,99299,100,100085,100,99071,100,100086,100,99057,100,100106,100,98879,100
2019-06-28 09:48:20.000000000,99842,189,99490,189,99901,289,99475,189,99930,189,99407,189,99941,189,99394,189,99989,189,99328,289,100034,100,99310,100,100076,100,99299,100,100085,100,99071,100,100086,100,99057,100,100106,100,98879,100
2019-06-28 09:48:30.000000000,99842,546,99490,546,99901,200,99475,100,99930,100,99407,100,99941,100,99394,100,99989,100,99328,200,100034,100,99310,100,100076,100,99299,100,100085,100,99071,100,100086,100,99057,100,100106,100,98879,100
2019-06-28 09:48:40.000000000,99842,252,99490,252,99901,347,99475,247,99930,247,99407,247,99941,100,99394,100,99989,100,99328,200,100034,100,99310,100,100076,100,99299,100,100085,100,99071,100,100086,100,99057,100,100106,100,98879,100
2019-06-28 09:48:40.539418957,99842,252,99490,252,99901,347,99475,247,99930,247,99407,247,99941,100,99394,100,99989,100,99365,100,100034,100,99328,200,100076,100,99310,100,100085,100,99299,100,100086,100,99071,100,100106,100,99057,100
2019-06-28 09:48:45.228761765,99842,252,99490,152,99901,347,99475,247,99930,247,99407,247,99941,100,99394,100,99989,100,99365,100,100034,100,99328,200,100076,100,99310,100,100085,100,99299,100,100086,100,99071,100,100106,100,99057,100
2019-06-28 09:48:46.242711483,99842,252,99490,52,99901,347,99475,247,99930,247,99407,247,99941,100,99394,100,99989,100,99328,200,100034,100,99310,100,100076,100,99299,100,100085,100,99071,100,100086,100,99057,100,100106,100,98879,100
2019-06-28 09:48:48.719156879,99490,48,99475,247,99842,252,99407,247,99901,347,99394,100,99930,247,99328,200,99941,100,99310,100,99989,100,99299,100,100034,100,99071,100,100076,100,99057,100,100085,100,98879,100,100086,100,98804,100
2019-06-28 09:48:50.000000000,99490,271,99475,323,99842,323,99407,323,99901,200,99394,100,99930,100,99328,200,99941,100,99310,100,99989,100,99299,100,100034,100,99071,100,100076,100,99057,100,100085,100,98879,100,100086,100,98804,100
2019-06-28 09:48:52.293500087,99490,271,99475,323,99842,323,99407,323,99901,200,99400,100,99930,100,99394,100,99941,100,99328,200,99989,100,99310,100,100034,100,99299,100,100076,100,99071,100,100085,100,99057,100,100086,100,98879,100
2019-06-28 09:49:00.000000000,99490,160,99475,212,99842,212,99407,212,99901,312,99400,212,99930,212,99394,212,99941,100,99328,200,99989,100,99310,100,100034,100,99299,100,100076,100,99071,100,100085,100,99057,100,100086,100,98879,100
2019-06-28 09:49:05.991314211,99490,160,99475,112,99842,212,99407,212,99901,312,99400,212,99930,212,99394,212,99941,100,99328,200,99989,100,99310,100,100034,100,99299,100,100076,100,99071,100,100085,100,99057,100,100086,100,98879,100
2019-06-28 09:49:10.000000000,99490,200,99407,252,99842,247,99400,247,99901,347,99394,247,99930,100,99328,200,99941,100,99310,100,99989,100,99299,100,100034,100,99071,100,100076,100,99057,100,100085,100,98879,100,100086,100,98804,100
2019-06-28 09:49:16.687021012,99416,100,99407,252,99490,200,99400,247,99842,247,99394,247,99901,347,99328,200,99930,100,99310,100,99941,100,99299,100,99989,100,99071,100,100034,100,99057,100,100076,100,98879,100,100085,100,98804,100
2019-06-28 09:49:20.000000000,99416,189,99407,189,99490,137,99400,189,99842,189,99394,189,99901,289,99328,289,99930,189,99310,189,99941,100,99299,100,99989,100,99071,100,100034,100,99057,100,100076,100,98879,100,100085,100,98804,100
2019-06-28 09:49:28.281267858,99416,189,99407,189,99490,137,99400,189,99842,189,99394,189,99901,289,99328,289,99930,189,99310,189,99941,100,99299,100,99989,100,99071,100,100034,100,99057,100,100076,100,98953,100,100085,100,98879,100
2019-06-28 09:49:30.000000000,99416,323,99407,323,99490,271,99400,323,99842,100,99394,100,99901,200,99328,200,99930,100,99310,100,99941,100,99299,100,99989,100,99071,100,100034,100,99057,100,100076,100,98953,100,100085,100,98879,100
2019-06-28 09:49:32.417062297,99416,323,99407,323,99490,271,99400,323,99842,100,99394,100,99901,200,99328,200,99930,100,99310,100,99941,100,99299,100,99989,100,99168,100,100034,100,99071,100,100076,100,99057,100,100085,100,98953,100
2019-06-28 09:49:40.000000000,99416,546,99407,546,99490,48,99400,100,99842,100,99394,100,99901,200,99328,200,99930,100,99310,100,99941,100,99299,100,99989,100,99168,100,100034,100,99071,100,100076,100,99057,100,100085,100,98953,100
2019-06-28 09:49:50.000000000,99416,323,99407,323,99490,271,99400,323,99842,100,99394,100,99901,200,99328,200,99930,100,99310,100,99941,100,99299,100,99989,100,99168,100,100034,100,99071,100,100076,100,99057,100,100085,100,98953,100
2019-06-28 09:49:54.255065703,99416,323,99407,323,99490,271,99400,323,99842,100,99394,100,99901,200,99349,100,99930,100,99328,100,99941,100,99310,100,99989,100,99299,100,100034,100,99168,100,100076,100,99071,100,100085,100,99057,100
2019-06-28 09:49:55.235292626,99416,323,99407,323,99490,271,99400,323,99842,100,99394,100,99901,200,99349,100,99930,100,99328,100,99941,100,99310,100,99989,100,99301,100,100034,100,99299,100,100076,100,99168,100,100085,100,99071,100
2019-06-28 09:50:00.000000000,99416,252,99407,252,99490,195,99400,247,99842,247,99394,247,99901,200,99349,100,99930,100,99328,100,99941,100,99310,100,99989,100,99301,100,100034,100,99299,100,100076,100,99168,100,100085,100,99071,100
2019-06-28 09:50:06.215925770,99416,252,99407,252,99490,195,99400,247,99842,247,99394,247,99901,200,99349,100,99930,100,99328,100,99941,100,99310,100,99989,100,99301,100,100034,100,99299,100,100076,100,99263,100,100085,100,99168,100
2019-06-28 09:50:10.000000000,99416,252,99407,252,99490,195,99400,247,99842,247,99394,247,99901,200,99349,100,99930,100,99328,100,99941,100,99310,100,99989,100,99301,100,100034,100,99299,100,100076,100,99263,100,100085,100,99168,100
2019-06-28 09:50:12.953902830,99416,252,99407,152,99490,195,99400,247,99842,247,99394,247,99901,200,99349,100,99930,100,99328,100,99941,100,99301,100,99989,100,99299,100,100034,100,99263,100,100076,100,99168,100,100085,100,99071,100
2019-06-28 09:50:13.001682350,99416,252,99407,152,99490,195,99400,247,99842,247,99394,247,99901,200,99349,100,99930,100,99328,100,99941,100,99301,100,99989,100,99299,100,100034,100,99296,100,100076,100,99263,100,100085,100,99168,100
2019-06-28 09:50:20.000000000,99416,323,99400,323,99490,271,99394,323,99842,100,99349,100,99901,200,99328,100,99930,100,99301,100,99941,100,99299,100,99989,100,99296,100,100034,100,99263,100,100076,100,99168,100,100085,100,99071,100
2019-06-28 09:50:30.000000000,99416,189,99400,189,99490,137,99394,189,99842,189,99349,189,99901,289,99328,189,99930,189,99301,189,99941,100,99299,100,99989,100,99296,100,100034,100,99263,100,100076,100,99168,100,100085,100,99071,100
2019-06-28 09:50:40.000000000,99416,252,99400,252,99490,195,99394,247,99842,247,99349,247,99901,200,99328,100,99930,100,99301,100,99941,100,99299,100,99989,100,99296,100,100034,100,99263,100,100076,100,99168,100,100085,100,99071,100
2019-06-28 09:50:45.821944332,99416,252,99400,152,99490,195,99394,247,99842,247,99349,247,99901,200,99328,100,99930,100,99301,100,99941,100,99299,100,99989,100,99296,100,100034,100,99263,100,100076,100,99168,100,100085,100,99071,100
2019-06-28 09:50:50.000000000,99416,323,99394,323,99490,271,99349,323,99842,100,99328,100,99901,200,99301,100,99930,100,99299,100,99941,100,99296,100,99989,100,99263,100,100034,100,99168,100,100076,100,99071,100,100085,100,99057,100
2019-06-28 09:51:00.000000000,99416,546,99394,546,99490,48,99349,100,99842,100,99328,100,99901,200,99301,100,99930,100,99299,100,99941,100,99296,100,99989,100,99263,100,100034,100,99168,100,100076,100,99071,100,100085,100,99057,100
2019-06-28 09:51:10.000000000,99416,189,99394,189,99490,137,99349,189,99842,189,99328,189,99901,289,99301,189,99930,189,99299,189,99941,100,99296,100,99989,100,99263,100,100034,100,99168,100,100076,100,99071,100,100085,100,99057,100
2019-06-28 09:51:20.000000000,99416,546,99394,546,99490,48,99349,100,99842,100,99328,100,99901,200,99301,100,99930,100,99299,100,99941,100,99296,100,99989,100,99263,100,100034,100,99168,100,100076,100,99071,100,100085,100,99057,100
2019-06-28 09:51:30.000000000,99416,252,99394,252,99490,195,99349,247,99842,247,99328,247,99901,200,99301,100,99930,100,99299,100,99941,100,99296,100,99989,100,99263,100,100034,100,99168,100,100076,100,99071,100,100085,100,99057,100
2019-06-28 09:51:40.000000000,99416,212,99394,212,99490,160,99349,212,99842,212,99328,212,99901,312,99301,212,99930,100,99299,100,99941,100,99296,100,99989,100,99263,100,100034,100,99168,100,100076,100,99071,100,100085,100,99057,100
2019-06-28 09:51:50.000000000,99416,252,99394,252,99490,195,99349,247,99842,247,99328,247,99901,200,99301,100,99930,100,99299,100,99941,100,99296,100,99989,100,99263,100,100034,100,99168,100,100076,100,99071,100,100085,100,99057,100
2019-06-28 09:52:00.000000000,99416,189,99394,189,99490,137,99349,189,99842,189,99328,189,99901,289,99301,189,99930,189,99299,189,99941,100,99296,100,99989,100,99263,100,100034,100,99168,100,100076,100,99071,100,100085,100,99057,100
2019-06-28 09:52:03.417035507,99416,189,99408,100,99490,137,99394,189,99842,189,99349,189,99901,289,99328,189,99930,189,99301,189,99941,100,99299,189,99989,100,99296,100,100034,100,99263,100,100076,100,99168,100,100085,100,99071,100
2019-06-28 09:52:07.081427363,99416,89,99408,100,99490,137,99394,189,99842,189,99349,189,99901,289,99328,189,99930,189,99301,189,99941,100,99299,189,99989,100,99296,100,100034,100,99263,100,100076,100,99168,100,100085,100,99071,100
2019-06-28 09:52:10.000000000,99490,200,99408,252,99842,247,99394,247,99901,347,99349,247,99930,100,99328,100,99941,100,99301,100,99989,100,99299,100,100034,100,99296,100,100076,100,99263,100,100085,100,99168,100,100086,100,99071,100
2019-06-28 09:52:20.000000000,99490,271,99408,323,99842,323,99394,323,99901,200,99349,100,99930,100,99328,100,99941,100,99301,100,99989,100,99299,100,100034,100,99296,100,100076,100,99263,100,100085,100,99168,100,100086,100,99071,100
2019-06-28 09:52:30.000000000,99490,494,99408,546,99842,100,99394,100,99901,200,99349,100,99930,100,99328,100,99941,100,99301,100,99989,100,99299,100,100034,100,99296,100,100076,100,99263,100,100085,100,99168,100,100086,100,99071,100
2019-06-28 09:52:40.000000000,99490,160,99408,212,99842,212,99394,212,99901,312,99349,212,99930,212,99328,212,99941,100,99301,100,99989,100,99299,100,100034,100,99296,100,100076,100,99263,100,100085,100,99168,100,100086,100,99071,100
2019-06-28 09:52:42.898256372,99490,160,99409,100,99842,212,99408,212,99901,312,99394,212,99930,212,99349,212,99941,100,99328,212,99989,100,99301,100,100034,100,99299,100,100076,100,99296,100,100085,100,99263,100,100086,100,99168,100
2019-06-28 09:52:50.000000000,99490,137,99409,189,99842,189,99408,189,99901,289,99394,189,99930,189,99349,189,99941,189,99328,189,99989,100,99301,100,100034,100,99299,100,100076,100,99296,100,100085,100,99263,100,100086,100,99168,100
2019-06-28 09:52:53.825230664,99490,137,99409,189,99645,100,99408,189,99842,189,99394,189,99901,289,99349,189,99930,189,99328,189,99941,189,99301,100,99989,100,99299,100,100034,100,99296,100,100076,100,99263,100,100085,100,99168,100
2019-06-28 09:52:55.239220507,99490,137,99409,189,99645,100,99408,189,99842,189,99394,189,99901,289,99384,100,99930,189,99349,189,99941,189,99328,189,99989,100,99301,100,100034,100,99299,100,100076,100,99263,100,100085,100,99168,100
2019-06-28 09:53:00.000000000,99490,200,99409,252,99645,247,99408,247,99842,247,99394,247,99901,200,99384,100,99930,100,99349,100,99941,100,99328,100,99989,100,99301,100,100034,100,99299,100,100076,100,99263,100,100085,100,99168,100
2019-06-28 09:53:03.091433513,99490,200,99409,252,99562,100,99408,247,99645,247,99394,247,99842,247,99384,100,99901,200,99349,100,99930,100,99328,100,99941,100,99301,100,99989,100,99299,100,100034,100,99263,100,100076,100,99168,100
2019-06-28 09:53:10.000000000,99490,494,99409,546,99562,100,99408,100,99645,100,99394,100,99842,100,99384,100,99901,200,99349,100,99930,100,99328,100,99941,100,99301,100,99989,100,99299,100,100034,100,99263,100,100076,100,99168,100
2019-06-28 09:53:16.575588752,99490,494,99409,546,99562,100,99408,100,99645,100,99394,100,99842,100,99384,100,99901,200,99349,100,99930,100,99328,100,99941,100,99301,100,99989,100,99299,100,100034,100,99263,100,100076,100,99168,100
2019-06-28 09:53:19.117891246,99490,494,99409,546,99540,100,99408,100,99562,100,99394,100,99645,100,99384,100,99842,100,99349,100,99901,200,99328,100,99930,100,99301,100,99941,100,99299,100,99989,100,99263,100,100034,100,99168,100
2019-06-28 09:53:20.000000000,99490,271,99409,323,99540,323,99408,323,99562,100,99394,100,99645,100,99384,100,99842,100,99349,100,99901,200,99328,100,99930,100,99301,100,99941,100,99299,100,99989,100,99263,100,100034,100,99168,100
2019-06-28 09:53:30.000000000,99490,271,99409,323,99540,323,99408,323,99562,100,99394,100,99645,100,99384,100,99842,100,99349,100,99901,200,99328,100,99930,100,99301,100,99941,100,99299,100,99989,100,99263,100,100034,100,99168,100
2019-06-28 09:53:40.000000000,99490,137,99409,189,99540,189,99408,189,99562,189,99394,189,99645,189,99384,189,99842,189,99349,189,99901,200,99328,100,99930,100,99301,100,99941,100,99299,100,99989,100,99263,100,100034,100,99168,100
2019-06-28 09:53:49.762789961,99490,137,99409,89,99540,189,99408,189,99562,89,99394,189,99645,189,99384,189,99842,189,99349,189,99901,200,99328,100,99930,100,99301,100,99941,100,99299,100,99989,100,99263,100,100034,100,99168,100
2019-06-28 09:53:50.000000000,99490,200,99408,252,99540,247,99394,247,99645,247,99384,247,99842,100,99349,100,99901,200,99328,100,99930,100,99301,100,99941,100,99299,100,99989,100,99263,100,100034,100,99168,100,100076,100,99141,100
2019-06-28 09:54:00.000000000,99490,494,99408,546,99540,100,99394,100,99645,100,99384,100,99842,100,99349,100,99901,200,99328,100,99930,100,99301,100,99941,100,99299,100,99989,100,99263,100,100034,100,99168,100,100076,100,99141,100
2019-06-28 09:54:10.000000000,99490,160,99408,212,99540,212,99394,212,99645,212,99384,212,99842,212,99349,212,99901,200,99328,100,99930,100,99301,100,99941,100,99299,100,99989,100,99263,100,100034,100,99168,100,100076,100,99141,100
2019-06-28 09:54:20.000000000,99490,160,99408,212,99540,212,99394,212,99645,212,99384,212,99842,212,99349,212,99901,200,99328,100,99930,100,99301,100,99941,100,99299,100,99989,100,99263,100,100034,100,99168,100,100076,100,99141,100
2019-06-28 09:54:25.833794688,99490,160,99408,212,99540,212,99394,212,99645,212,99384,212,99842,212,99349,212,99901,200,99328,100,99930,100,99301,100,99941,100,99299,100,99989,100,99263,100,100034,100,99191,100,100076,100,99168,100
2019-06-28 09:54:30.000000000,99490,271,99408,323,99540,323,99394,323,99645,100,99384,100,99842,100,99349,100,99901,200,99328,100,99930,100,99301,100,99941,100,99299,100,99989,100,99263,100,100034,100,99191,100,100076,100,99168,100
2019-06-28 09:54:40.000000000,99490,160,99408,212,99540,212,99394,212,99645,212,99384,212,99842,212,99349,212,99901,200,99328,100,99930,100,99301,100,99941,100,99299,100,99989,100,99263,100,100034,100,99191,100,100076,100,99168,100
2019-06-28 09:54:40.345703973,99490,160,99434,100,99540,212,99408,212,99645,212,99394,212,99842,212,99384,212,99901,200,99349,212,99930,100,99328,100,99941,100,99301,100,99989,100,99299,100,100034,100,99263,100,100076,100,99191,100
2019-06-28 09:54:50.000000000,99490,137,99434,189,99540,189,99408,189,99645,189,99394,189,99842,189,99384,189,99901,289,99349,189,99930,100,99328,100,99941,100,99301,100,99989,100,99299,100,100034,100,99263,100,100076,100,99191,100
2019-06-28 09:55:00.000000000,99490,137,99434,189,99540,189,99408,189,99645,189,99394,189,99842,189,99384,189,99901,289,99349,189,99930,100,99328,100,99941,100,99301,100,99989,100,99299,100,100034,100,99263,100,100076,100,99191,100
2019-06-28 09:55:10.000000000,99490,160,99434,212,99540,212,99408,212,99645,212,99394,212,99842,212,99384,212,99901,200,99349,100,99930,100,99328,100,99941,100,99301,100,99989,100,99299,100,100034,100,99263,100,100076,100,99191,100
2019-06-28 09:55:20.000000000,99490,137,99434,189,99540,189,99408,189,99645,189,99394,189,99842,189,99384,189,99901,289,99349,189,99930,100,99328,100,99941,100,99301,100,99989,100,99299,100,100034,100,99263,100,100076,100,99191,100
2019-06-28 09:55:30.000000000,99490,200,99434,252,99540,247,99408,247,99645,247,99394,247,99842,100,99384,100,99901,200,99349,100,99930,100,99328,100,99941,100,99301,100,99989,100,99299,100,100034,100,99263,100,100076,100,99191,100
2019-06-28 09:55:33.026980415,99490,200,99434,252,99540,247,99408,247,99645,247,99394,247,99842,100,99384,100,99901,200,99349,100,99930,100,99328,100,99941,100,99301,100,99989,100,99299,100,100034,100,99263,100,100076,100,99191,100
2019-06-28 09:55:40.000000000,99490,271,99434,323,99540,323,99408,323,99645,100,99394,100,99842,100,99384,100,99901,200,99349,100,99930,100,99328,100,99941,100,99301,100,99989,100,99299,100,100034,100,99263,100,100076,100,99191,100
2019-06-28 09:55:50.000000000,99490,137,99434,189,99540,189,99408,189,99645,189,99394,189,99842,189,99384,189,99901,289,99349,189,99930,100,99328,100,99941,100,99301,100,99989,100,99299,100,100034,100,99263,100,100076,100,99191,100
2019-06-28 09:55:51.581703206,99490,137,99434,189,99540,189,99410,100,99645,189,99408,189,99842,189,99394,189,99901,289,99384,189,99930,100,99349,189,99941,100,99328,100,99989,100,99301,100,100034,100,99299,100,100085,100,99263,100
2019-06-28 09:55:54.204710499,99490,137,99434,189,99540,189,99410,100,99645,189,99408,189,99842,189,99394,189,99901,189,99384,189,99930,100,99349,189,99941,100,99328,100,99989,100,99301,100,100034,100,99299,100,100085,100,99263,100
2019-06-28 09:55:56.148674315,99490,137,99434,189,99540,189,99410,100,99645,189,99408,189,99842,189,99394,189,99901,189,99384,189,99930,100,99349,189,99941,100,99328,100,99989,100,99301,100,100034,100,99299,100,100085,100,99263,100
2019-06-28 09:56:00.000000000,99490,494,99434,546,99540,100,99410,100,99645,100,99408,100,99842,100,99394,100,99901,100,99384,100,99930,100,99349,100,99941,100,99328,100,99989,100,99301,100,100034,100,99299,100,100085,100,99263,100
2019-06-28 09:56:10.000000000,99490,160,99434,212,99540,212,99410,212,99645,212,99408,212,99842,212,99394,212,99901,100,99384,100,99930,100,99349,100,99941,100,99328,100,99989,100,99301,100,100034,100,99299,100,100085,100,99263,100
2019-06-28 09:56:20.000000000,99490,200,99434,252,99540,247,99410,247,99645,247,99408,247,99842,100,99394,100,99901,100,99384,100,99930,100,99349,100,99941,100,99328,100,99989,100,99301,100,100034,100,99299,100,100085,100,99263,100
2019-06-28 09:56:30.000000000,99490,494,99434,546,99540,100,99410,100,99645,100,99408,100,99842,100,99394,100,99901,100,99384,100,99930,100,99349,100,99941,100,99328,100,99989,100,99301,100,100034,100,99299,100,100085,100,99263,100
2019-06-28 09:56:40.000000000,99490,271,99434,323,99540,323,99410,323,99645,100,99408,100,99842,100,99394,100,99901,100,99384,100,99930,100,99349,100,99941,100,99328,100,99989,100,99301,100,100034,100,99299,100,100085,100,99263,100
2019-06-28 09:56:44.375242289,99490,271,99434,323,99540,323,99410,423,99645,100,99408,100,99842,100,99394,100,99901,100,99384,100,99930,100,99349,100,99941,100,99328,100,99989,100,99301,100,100034,100,99299,100,100085,100,99263,100
2019-06-28 09:56:50.000000000,99490,200,99434,252,99540,247,99410,347,99645,247,99408,247,99842,100,99394,100,99901,100,99384,100,99930,100,99349,100,99941,100,99328,100,99989,100,99301,100,100034,100,99299,100,100085,100,99263,100
2019-06-28 09:56:56.512043526,99490,200,99434,252,99540,247,99410,347,99645,247,99408,247,99842,100,99394,100,99901,100,99384,100,99930,100,99349,100,99941,100,99328,100,99989,100,99301,100,100034,100,99299,100,100085,100,99263,100
2019-06-28 09:57:00.000000000,99490,494,99434,546,99540,100,99410,200,99645,100,99408,100,99842,100,99394,100,99901,100,99384,100,99930,100,99349,100,99941,100,99328,100,99989,100,99301,100,100034,100,99299,100,100085,100,99263,100
2019-06-28 09:57:10.000000000,99490,137,99434,189,99540,189,99410,289,99645,189,99408,189,99842,189,99394,189,99901,189,99384,189,99930,100,99349,100,99941,100,99328,100,99989,100,99301,100,100034,100,99299,100,100085,100,99263,100
2019-06-28 09:57:10.495537756,99490,37,99434,189,99540,189,99410,289,99645,189,99408,189,99842,189,99394,189,99901,189,99384,189,99930,100,99349,100,99941,100,99328,100,99989,100,99301,100,100034,100,99263,100,100085,100,99196,100
2019-06-28 09:57:13.666317908,99490,37,99434,189,99540,189,99410,189,99645,189,99408,189,99842,189,99394,189,99901,189,99384,189,99930,100,99349,100,99941,100,99328,100,99989,100,99301,100,100034,100,99263,100,100085,100,99196,100
2019-06-28 09:57:20.000000000,99540,212,99434,212,99645,212,99410,212,99842,212,99408,212,99901,212,99394,212,99930,100,99384,100,99941,100,99349,100,99989,100,99328,100,100034,100,99301,100,100085,100,99263,100,100086,100,99196,100
2019-06-28 09:57:28.764504470,99540,212,99435,100,99645,212,99434,212,99842,212,99410,212,99901,212,99408,212,99930,100,99394,212,99941,100,99384,100,99989,100,99349,100,100034,100,99328,100,100085,100,99301,100,100086,100,99263,100
2019-06-28 09:57:30.000000000,99540,323,99435,323,99645,323,99434,323,99842,100,99410,100,99901,100,99408,100,99930,100,99394,100,99941,100,99384,100,99989,100,99349,100,100034,100,99328,100,100085,100,99301,100,100086,100,99263,100
2019-06-28 09:57:40.000000000,99540,252,99435,252,99645,247,99434,247,99842,247,99410,247,99901,100,99408,100,99930,100,99394,100,99941,100,99384,100,99989,100,99349,100,100034,100,99328,100,100085,100,99301,100,100086,100,99263,100
2019-06-28 09:57:47.956822228,99540,252,99435,252,99645,247,99434,247,99842,247,99410,247,99901,100,99408,100,99930,100,99394,100,99941,100,99384,100,99989,100,99349,100,100034,100,99328,100,100085,100,99301,100,100086,100,99263,100
2019-06-28 09:57:50.000000000,99540,546,99435,546,99645,100,99434,100,99842,100,99410,100,99901,100,99408,100,99930,100,99394,100,99941,100,99384,100,99989,100,99349,100,100034,100,99328,100,100085,100,99301,100,100086,100,99263,100
2019-06-28 09:58:00.000000000,99540,189,99435,189,99645,189,99434,189,99842,189,99410,189,99901,189,99408,189,99930,189,99394,189,99941,100,99384,100,99989,100,99349,100,100034,100,99328,100,100085,100,99301,100,100086,100,99263,100
2019-06-28 09:58:06.988586132,99540,89,99435,189,99645,189,99434,189,99842,189,99410,189,99901,189,99408,189,99930,189,99394,189,99941,100,99384,100,99989,100,99349,100,100034,100,99328,100,100085,100,99301,100,100086,100,99263,100
2019-06-28 09:58:10.000000000,99645,252,99435,252,99842,247,99434,247,99901,247,99410,247,99930,100,99408,100,99941,100,99394,100,99989,100,99384,100,100034,100,99349,100,100085,100,99328,100,100086,100,99301,100,100150,100,99263,100
2019-06-28 09:58:20.000000000,99645,546,99435,546,99842,100,99434,100,99901,100,99410,100,99930,100,99408,100,99941,100,99394,100,99989,100,99384,100,100034,100,99349,100,100085,100,99328,100,100086,100,99301,100,100150,100,99263,100
2019-06-28 09:58:30.000000000,99645,252,99435,252,99842,247,99434,247,99901,247,99410,247,99930,100,99408,100,99941,100,99394,100,99989,100,99384,100,100034,100,99349,100,100085,100,99328,100,100086,100,99301,100,100150,100,99263,100
2019-06-28 09:58:40.000000000,99645,212,99435,212,99842,212,99434,212,99901,212,99410,212,99930,212,99408,212,99941,100,99394,100,99989,100,99384,100,100034,100,99349,100,100085,100,99328,100,100086,100,99301,100,100150,100,99263,100
2019-06-28 09:58:50.000000000,99645,212,99435,212,99842,212,99434,212,99901,212,99410,212,99930,212,99408,212,99941,100,99394,100,99989,100,99384,100,100034,100,99349,100,100085,100,99328,100,100086,100,99301,100,100150,100,99263,100
2019-06-28 09:58:50.433821165,99645,212,99435,212,99842,212,99434,212,99901,212,99410,212,99930,212,99408,212,99941,100,99394,100,99989,100,99384,100,100034,100,99349,100,100085,100,99328,100,100086,100,99301,100,100294,100,99263,100
2019-06-28 09:58:50.665841254,99645,112,99435,212,99842,212,99434,212,99901,212,99410,212,99930,212,99408,212,99941,100,99394,100,99989,100,99384,100,100034,100,99349,100,100085,100,99328,100,100086,100,99301,100,100294,100,99263,100
2019-06-28 09:59:00.000000000,99842,252,99435,252,99901,247,99434,247,99930,247,99410,247,99941,100,99408,100,99989,100,99394,100,100034,100,99384,100,100085,100,99349,100,100086,100,99328,100,100294,100,99301,100,100319,100,99263,100
2019-06-28 09:59:06.635975264,99842,252,99540,100,99901,247,99435,252,99930,247,99434,247,99941,100,99410,247,99989,100,99408,100,100034,100,99394,100,100085,100,99384,100,100086,100,99349,100,100294,100,99328,100,100319,100,99301,100
2019-06-28 09:59:10.000000000,99842,212,99540,212,99901,212,99435,212,99930,212,99434,212,99941,212,99410,212,99989,100,99408,100,100034,100,99394,100,100085,100,99384,100,100086,100,99349,100,100294,100,99328,100,100319,100,99301,100
2019-06-28 09:59:13.275409738,99842,212,99540,212,99901,212,99435,212,99930,212,99434,212,99941,212,99410,212,99989,100,99408,100,100034,100,99394,100,100085,100,99384,100,100086,100,99349,100,100144,100,99328,100,100294,100,99301,100
2019-06-28 09:59:20.000000000,99842,212,99540,212,99901,212,99435,212,99930,212,99434,212,99941,212,99410,212,99989,100,99408,100,100034,100,99394,100,100085,100,99384,100,100086,100,99349,100,100144,100,99328,100,100294,100,99301,100
2019-06-28 09:59:30.000000000,99842,546,99540,546,99901,100,99435,100,99930,100,99434,100,99941,100,99410,100,99989,100,99408,100,100034,100,99394,100,100085,100,99384,100,100086,100,99349,100,100144,100,99328,100,100294,100,99301,100
2019-06-28 09:59:40.000000000,99842,189,99540,189,99901,189,99435,189,99930,189,99434,189,99941,189,99410,189,99989,189,99408,189,100034,100,99394,100,100085,100,99384,100,100086,100,99349,100,100144,100,99328,100,100294,100,99301,100
2019-06-28 09:59:50.000000000,99842,212,99540,212,99901,212,99435,212,99930,212,99434,212,99941,212,99410,212,99989,100,99408,100,100034,100,99394,100,100085,100,99384,100,100086,100,99349,100,100144,100,99328,100,100294,100,99301,100
2019-06-28 10:00:00.000000000,99842,546,99540,546,99901,100,99435,100,99930,100,99434,100,99941,100,99410,100,99989,100,99408,100,100034,100,99394,100,100085,100,99384,100,100086,100,99349,100,100144,100,99328,100,100294,100,99301,100
2019-06-28 10:00:01.544588561,99842,446,99540,546,99901,100,99435,100,99930,100,99434,100,99941,100,99410,100,99989,100,99408,100,100034,100,99394,100,100085,100,99384,100,100086,100,99349,100,100144,100,99328,100,100294,100,99301,100
2019-06-28 10:00:07.461479918,99842,446,99645,100,99901,100,99540,546,99941,100,99435,100,99989,100,99434,100,100034,100,99410,100,100085,100,99408,100,100086,100,99394,100,100144,100,99384,100,100294,100,99349,100,100319,100,99328,100
2019-06-28 10:00:10.000000000,99901,212,99645,212,99941,212,99540,212,99989,212,99435,212,100034,212,99434,212,100085,100,99410,100,100086,100,99408,100,100144,100,99394,100,100294,100,99384,100,100319,100,99349,100,100569,100,99328,100
2019-06-28 10:00:20.000000000,99901,546,99645,546,99941,100,99540,100,99989,100,99435,100,100034,100,99434,100,100085,100,99410,100,100086,100,99408,100,100144,100,99394,100,100294,100,99384,100,100319,100,99349,100,100569,100,99328,100
2019-06-28 10:00:30.000000000,99901,323,99645,323,99941,323,99540,323,99989,100,99435,100,100034,100,99434,100,100085,100,99410,100,100086,100,99408,100,100144,100,99394,100,100294,100,99384,100,100319,100,99349,100,100569,100,99328,100
2019-06-28 10:00:40.000000000,99901,546,99645,546,99941,100,99540,100,99989,100,99435,100,100034,100,99434,100,100085,100,99410,100,100086,100,99408,100,100144,100,99394,100,100294,100,99384,100,100319,100,99349,100,100569,100,99328,100
2019-06-28 10:00:50.000000000,99901,212,99645,212,99941,212,99540,212,99989,212,99435,212,100034,212,99434,212,100085,100,99410,100,100086,100,99408,100,100144,100,99394,100,100294,100,99384,100,100319,100,99349,100,100569,100,99328,100
2019-06-28 10:00:51.926247949,99901,212,99645,312,99941,212,99540,212,99989,212,99435,212,100034,212,99434,212,100085,100,99410,100,100086,100,99408,100,100144,100,99394,100,100294,100,99384,100,100319,100,99349,100,100569,100,99328,100
2019-06-28 10:01:00.000000000,99901,212,99645,312,99941,212,99540,212,99989,212,99435,212,100034,212,99434,212,100085,100,99410,100,100086,100,99408,100,100144,100,99394,100,100294,100,99384,100,100319,100,99349,100,100569,100,99328,100
2019-06-28 10:01:10.000000000,99901,189,99645,289,99941,189,99540,189,99989,189,99435,189,100034,189,99434,189,100085,189,99410,189,100086,100,99408,100,100144,100,99394,100,100294,100,99384,100,100319,100,99349,100,100569,100,99328,100
2019-06-28 10:01:20.000000000,99901,546,99645,646,99941,100,99540,100,99989,100,99435,100,100034,100,99434,100,100085,100,99410,100,100086,100,99408,100,100144,100,99394,100,100294,100,99384,100,100319,100,99349,100,100569,100,99328,100
2019-06-28 10:01:30.000000000,99901,546,99645,646,99941,100,99540,100,99989,100,99435,100,100034,100,99434,100,100085,100,99410,100,100086,100,99408,100,100144,100,99394,100,100294,100,99384,100,100319,100,99349,100,100569,100,99328,100
2019-06-28 10:01:36.318197290,99901,546,99645,646,99941,100,99540,100,99989,100,99435,100,100034,100,99434,100,100085,100,99410,100,100086,100,99408,100,100144,100,99394,100,100294,100,99384,100,100319,100,99349,100,100530,100,99328,100
2019-06-28 10:01:40.000000000,99901,252,99645,352,99941,247,99540,247,99989,247,99435,247,100034,100,99434,100,100085,100,99410,100,100086,100,99408,100,100144,100,99394,100,100294,100,99384,100,100319,100,99349,100,100530,100,99328,100
2019-06-28 10:01:45.143091776,99901,152,99645,352,99941,247,99540,247,99989,247,99435,247,100034,100,99434,100,100085,100,99410,100,100086,100,99408,100,100144,100,99384,100,100294,100,99349,100,100319,100,99328,100,100530,100,99301,100
2019-06-28 10:01:48.967879111,99901,52,99645,352,99941,247,99540,247,99989,247,99435,247,100034,100,99434,100,100085,100,99410,100,100086,100,99408,100,100144,100,99384,100,100294,100,99349,100,100319,100,99328,100,100530,100,99301,100
2019-06-28 10:01:50.000000000,99941,212,99645,312,99989,212,99540,212,100034,212,99435,212,100085,212,99434,212,100086,100,99410,100,100144,100,99408,100,100294,100,99384,100,100319,100,99349,100,100530,100,99328,100,100569,100,99301,100
2019-06-28 10:01:55.250503936,99941,112,99645,312,99989,212,99540,212,100034,212,99435,212,100085,212,99434,212,100086,100,99410,100,100144,100,99408,100,100294,100,99384,100,100319,100,99349,100,100530,100,99328,100,100569,100,99301,100
2019-06-28 10:02:00.000000000,99989,189,99645,289,100034,189,99540,189,100085,189,99435,189,100086,189,99434,189,100144,189,99410,189,100294,100,99408,100,100319,100,99384,100,100530,100,99349,100,100569,100,99328,100,,,99301,100
2019-06-28 10:02:10.000000000,99989,212,99645,312,100034,212,99540,212,100085,212,99435,212,100086,212,99434,212,100144,100,99410,100,100294,100,99408,100,100319,100,99384,100,100530,100,99349,100,100569,100,99328,100,,,99301,100
2019-06-28 10:02:20.000000000,99989,323,99645,423,100034,323,99540,323,100085,100,99435,100,100086,100,99434,100,100144,100,99410,100,100294,100,99408,100,100319,100,99384,100,100530,100,99349,100,100569,100,99328,100,,,99301,100
2019-06-28 10:02:30.000000000,99989,189,99645,289,100034,189,99540,189,100085,189,99435,189,100086,189,99434,189,100144,189,99410,189,100294,100,99408,100,100319,100,99384,100,100530,100,99349,100,100569,100,99328,100,,,99301,100
2019-06-28 10:02:32.553098344,99989,189,99980,100,100034,189,99645,289,100085,189,99540,189,100086,189,99435,189,100144,189,99434,189,100294,100,99410,189,100319,100,99408,100,100530,100,99384,100,100569,100,99349,100,,,99328,100
2019-06-28 10:02:40.000000000,99989,212,99980,212,100034,212,99645,312,100085,212,99540,212,100086,212,99435,212,100144,100,99434,100,100294,100,99410,100,100319,100,99408,100,100530,100,99384,100,100569,100,99349,100,,,99328,100
2019-06-28 10:02:45.598240151,99989,212,99980,212,100034,212,99888,100,100085,212,99645,312,100086,212,99540,212,100144,100,99435,212,100294,100,99434,100,100319,100,99410,100,100530,100,99408,100,100569,100,99384,100,,,99349,100
2019-06-28 10:02:50.000000000,99989,252,99980,252,100034,247,99888,247,100085,247,99645,347,100086,100,99540,100,100144,100,99435,100,100294,100,99434,100,100319,100,99410,100,100530,100,99408,100,100569,100,99384,100,,,99349,100
2019-06-28 10:03:00.000000000,99989,252,99980,252,100034,247,99888,247,100085,247,99645,347,100086,100,99540,100,100144,100,99435,100,100294,100,99434,100,100319,100,99410,100,100530,100,99408,100,100569,100,99384,100,,,99349,100
2019-06-28 10:03:10.000000000,99989,212,99980,212,100034,212,99888,212,100085,212,99645,312,100086,212,99540,212,100144,100,99435,100,100294,100,99434,100,100319,100,99410,100,100530,100,99408,100,100569,100,99384,100,,,99349,100
2019-06-28 10:03:12.304835444,99989,212,99980,112,100034,212,99888,212,100085,212,99645,312,100086,212,99540,212,100144,100,99435,100,100294,100,99434,100,100319,100,99410,100,100530,100,99408,100,100569,100,99384,100,,,99349,100
2019-06-28 10:03:20.000000000,99989,212,99888,212,100034,212,99645,312,100085,212,99540,212,100086,212,99435,212,100144,100,99434,100,100294,100,99410,100,100319,100,99408,100,100530,100,99384,100,100569,100,99349,100,,,99328,100
2019-06-28 10:03:29.100557260,99989,212,99888,212,100034,212,99786,100,100085,212,99645,312,100086,112,99540,212,100144,100,99435,212,100294,100,99434,100,100319,100,99410,100,100530,100,99408,100,100569,100,99384,100,,,99349,100
2019-06-28 10:03:30.000000000,99989,212,99888,212,100034,212,99786,212,100085,212,99645,312,100144,212,99540,212,100294,100,99435,100,100319,100,99434,100,100530,100,99410,100,100569,100,99408,100,,,99384,100,,,99349,100
2019-06-28 10:03:40.000000000,99989,252,99888,252,100034,247,99786,247,100085,247,99645,347,100144,100,99540,100,100294,100,99435,100,100319,100,99434,100,100530,100,99410,100,100569,100,99408,100,,,99384,100,,,99349,100
2019-06-28 10:03:50.000000000,99989,323,99888,323,100034,323,99786,323,100085,100,99645,200,100144,100,99540,100,100294,100,99435,100,100319,100,99434,100,100530,100,99410,100,100569,100,99408,100,,,99384,100,,,99349,100
2019-06-28 10:04:00.000000000,99989,212,99888,212,100034,212,99786,212,100085,212,99645,312,100144,212,99540,212,100294,100,99435,100,100319,100,99434,100,100530,100,99410,100,100569,100,99408,100,,,99384,100,,,99349,100
2019-06-28 10:04:10.000000000,99989,252,99888,252,100034,247,99786,247,100085,247,99645,347,100144,100,99540,100,100294,100,99435,100,100319,100,99434,100,100530,100,99410,100,100569,100,99408,100,,,99384,100,,,99349,100
2019-06-28 10:04:20.000000000,99989,189,99888,189,100034,189,99786,189,100085,189,99645,289,100144,189,99540,189,100294,189,99435,189,100319,100,99434,100,100530,100,99410,100,100569,100,99408,100,,,99384,100,,,99349,100
2019-06-28 10:04:23.470570982,99989,189,99888,189,100034,189,99786,189,100085,189,99645,289,100144,189,99595,100,100294,189,99540,189,100319,100,99435,189,100530,100,99434,100,100569,100,99410,100,,,99408,100,,,99384,100
2019-06-28 10:04:30.000000000,99989,252,99888,252,100034,247,99786,247,100085,247,99645,347,100144,100,99595,100,100294,100,99540,100,100319,100,99435,100,100530,100,99434,100,100569,100,99410,100,,,99408,100,,,99384,100
2019-06-28 10:04:40.000000000,99989,212,99888,212,100034,212,99786,212,100085,212,99645,312,100144,212,99595,212,100294,100,99540,100,100319,100,99435,100,100530,100,99434,100,100569,100,99410,100,,,99408,100,,,99384,100
2019-06-28 10:04:43.946226228,99989,212,99888,212,100034,212,99786,212,100085,212,99645,312,100144,212,99595,212,100294,100,99540,100,100319,100,99435,100,100569,100,99434,100,,,99410,100,,,99408,100,,,99384,100
2019-06-28 10:04:50.000000000,99989,546,99888,546,100034,100,99786,100,100085,100,99645,200,100144,100,99595,100,100294,100,99540,100,100319,100,99435,100,100569,100,99434,100,,,99410,100,,,99408,100,,,99384,100
2019-06-28 10:04:55.362833271,99940,100,99888,546,99989,446,99786,100,100034,100,99645,200,100085,100,99595,100,100144,100,99540,100,100294,100,99435,100,100319,100,99434,100,100569,100,99410,100,,,99408,100,,,99384,100
2019-06-28 10:04:57.124077106,99940,200,99888,546,99989,446,99786,100,100034,100,99645,200,100085,100,99595,100,100144,100,99540,100,100294,100,99435,100,100319,100,99434,100,100569,100,99410,100,,,99408,100,,,99384,100
2019-06-28 10:05:00.000000000,99940,312,99888,212,100034,212,99786,212,100085,212,99645,312,100144,212,99595,212,100294,100,99540,100,100319,100,99435,100,100569,100,99434,100,,,99410,100,,,99408,100,,,99384,100
2019-06-28 10:05:10.000000000,99940,289,99888,189,100034,189,99786,189,100085,189,99645,289,100144,189,99595,189,100294,189,99540,189,100319,100,99435,100,100569,100,99434,100,,,99410,100,,,99408,100,,,99384,100
2019-06-28 10:05:12.208299465,99940,189,99888,189,100034,189,99786,189,100085,189,99645,289,100144,189,99595,189,100294,189,99540,189,100319,100,99435,100,100569,100,99434,100,,,99410,100,,,99408,100,,,99384,100
2019-06-28 10:05:14.827252475,99940,189,99888,89,100034,189,99786,189,100085,189,99645,289,100144,189,99595,189,100294,189,99540,189,100319,100,99435,100,100569,100,99434,100,,,99410,100,,,99408,100,,,99384,100
2019-06-28 10:05:20.000000000,99940,323,99786,323,100034,323,99645,423,100085,100,99595,100,100144,100,99540,100,100294,100,99435,100,100319,100,99434,100,100569,100,99410,100,,,99408,100,,,99384,100,,,99349,100
2019-06-28 10:05:30.000000000,99940,252,99786,252,100034,247,99645,347,100085,247,99595,247,100144,100,99540,100,100294,100,99435,100,100319,100,99434,100,100569,100,99410,100,,,99408,100,,,99384,100,,,99349,100
2019-06-28 10:05:40.000000000,99940,323,99786,323,100034,323,99645,423,100085,100,99595,100,100144,100,99540,100,100294,100,99435,100,100319,100,99434,100,100569,100,99410,100,,,99408,100,,,99384,100,,,99349,100
2019-06-28 10:05:41.850697306,99939,100,99786,323,99940,323,99645,423,100034,323,99595,100,100085,100,99540,100,100144,100,99435,100,100294,100,99434,100,100319,100,99410,100,100569,100,99408,100,,,99384,100,,,99349,100
2019-06-28 10:05:50.000000000,99939,252,99786,252,99940,247,99645,347,100034,247,99595,247,100085,100,99540,100,100144,100,99435,100,100294,100,99434,100,100319,100,99410,100,100569,100,99408,100,,,99384,100,,,99349,100
2019-06-28 10:05:55.080086892,99939,252,99786,252,99940,247,99645,347,100034,247,99595,247,100085,100,99540,100,100144,100,99435,100,100294,100,99434,100,100319,100,99410,100,100569,100,99408,100,,,99384,100,,,99349,100
2019-06-28 10:05:58.180127594,99939,252,99786,252,99940,247,99645,347,100034,247,99595,247,100085,100,99540,100,100144,100,99435,100,100294,100,99434,100,100319,100,99410,100,100569,100,99408,100,,,99384,100,,,99328,100
2019-06-28 10:06:00.000000000,99939,323,99786,323,99940,323,99645,423,100034,100,99595,100,100085,100,99540,100,100144,100,99435,100,100294,100,99434,100,100319,100,99410,100,100569,100,99408,100,,,99384,100,,,99328,100
2019-06-28 10:06:00.596787655,99939,323,99786,323,99940,323,99645,423,100085,100,99595,100,100144,100,99540,100,100294,100,99435,100,100319,100,99434,100,100569,100,99410,100,,,99408,100,,,99384,100,,,99328,100
2019-06-28 10:06:06.215094864,99939,323,99786,323,99940,323,99645,423,100085,100,99595,100,100144,100,99540,100,100294,100,99435,100,100319,100,99434,100,100569,100,99410,100,,,99408,100,,,99384,100,,,99328,100
2019-06-28 10:06:10.000000000,99939,252,99786,252,99940,247,99645,347,100085,247,99595,247,100144,100,99540,100,100294,100,99435,100,100319,100,99434,100,100569,100,99410,100,,,99408,100,,,99384,100,,,99328,100
2019-06-28 10:06:20.000000000,99939,212,99786,212,99940,212,99645,312,100085,212,99595,212,100144,212,99540,212,100294,100,99435,100,100319,100,99434,100,100569,100,99410,100,,,99408,100,,,99384,100,,,99328,100
2019-06-28 10:06:20.592830253,99939,212,99786,112,99940,212,99645,312,100085,212,99595,212,100144,212,99540,212,100294,100,99435,100,100319,100,99434,100,100569,100,99410,100,,,99408,100,,,99384,100,,,99328,100
2019-06-28 10:06:29.374597329,99939,212,99786,112,99940,212,99645,312,100085,212,99595,212,100144,212,99540,212,100294,100,99435,100,100319,100,99434,100,100569,100,99410,100,,,99408,100,,,99384,100,,,99322,100
2019-06-28 10:06:30.000000000,99939,252,99645,352,99940,247,99595,247,100085,247,99540,247,100144,100,99435,100,100294,100,99434,100,100319,100,99410,100,100569,100,99408,100,,,99384,100,,,99322,100,,,99301,100
2019-06-28 10:06:37.727111014,99939,252,99645,352,99940,247,99595,247,100085,247,99540,247,100144,100,99435,100,100294,100,99434,100,100319,100,99410,100,100569,100,99408,100,,,99384,200,,,99322,100,,,99301,100
2019-06-28 10:06:39.231050255,99939,252,99645,352,99940,247,99595,247,100085,247,99540,247,100144,100,99435,100,100294,100,99434,100,100319,100,99408,100,100569,100,99384,200,,,99322,100,,,99301,100,,,99258,100
2019-06-28 10:06:40.000000000,99939,189,99645,289,99940,189,99595,189,100085,189,99540,189,100144,189,99435,189,100294,189,99434,189,100319,100,99408,100,100569,100,99384,200,,,99322,100,,,99301,100,,,99258,100
2019-06-28 10:06:43.329424483,99939,189,99645,289,99940,189,99595,189,100085,189,99540,189,100144,189,99435,189,100294,189,99434,189,100319,100,99408,100,100569,100,99384,200,,,99322,100,,,99319,100,,,99301,100
2019-06-28 10:06:43.865005782,99939,189,99645,289,99940,189,99595,189,100085,189,99540,189,100144,189,99435,189,100294,189,99434,189,100319,100,99408,100,100569,100,99384,200,,,99322,100,,,99319,100,,,99301,100
2019-06-28 10:06:50.000000000,99939,189,99645,289,99940,189,99595,189,100085,189,99540,189,100144,189,99435,189,100294,189,99434,189,100319,100,99408,100,100569,100,99384,200,,,99322,100,,,99319,100,,,99301,100
2019-06-28 10:06:51.888538726,99939,189,99645,289,99940,189,99595,189,100085,189,99540,189,100144,189,99435,189,100294,189,99434,189,100319,100,99408,100,100569,100,99384,200,,,99322,100,,,99319,100,,,99301,100
2019-06-28 10:07:00.000000000,99939,189,99645,289,99940,189,99595,189,100085,189,99540,189,100144,189,99435,189,100294,189,99434,189,100319,100,99408,100,100569,100,99384,200,,,99322,100,,,99319,100,,,99301,100
2019-06-28 10:07:10.000000000,99939,212,99645,312,99940,212,99595,212,100085,212,99540,212,100144,212,99435,212,100294,100,99434,100,100319,100,99408,100,100569,100,99384,200,,,99322,100,,,99319,100,,,99301,100
2019-06-28 10:07:20.000000000,99939,323,99645,423,99940,323,99595,323,100085,100,99540,100,100144,100,99435,100,100294,100,99434,100,100319,100,99408,100,100569,100,99384,200,,,99322,100,,,99319,100,,,99301,100
2019-06-28 10:07:29.014732769,99888,100,99645,423,99939,323,99595,323,99940,323,99540,100,100085,100,99435,100,100144,100,99434,100,100294,100,99408,100,100319,100,99384,200,100569,100,99322,100,,,99319,100,,,99301,100
2019-06-28 10:07:30.000000000,99888,546,99645,646,99939,100,99595,100,99940,100,99540,100,100085,100,99435,100,100144,100,99434,100,100294,100,99408,100,100319,100,99384,200,100569,100,99322,100,,,99319,100,,,99301,100
2019-06-28 10:07:40.000000000,99888,546,99645,646,99939,100,99595,100,99940,100,99540,100,100085,100,99435,100,100144,100,99434,100,100294,100,99408,100,100319,100,99384,200,100569,100,99322,100,,,99319,100,,,99301,100
2019-06-28 10:07:42.094661659,99888,546,99645,646,99939,100,99595,100,99940,100,99540,100,100085,100,99435,100,100144,100,99434,100,100294,100,99408,100,100319,100,99384,200,100569,100,99322,100,,,99319,100,,,99301,100
2019-06-28 10:07:50.000000000,99888,252,99645,352,99939,247,99595,247,99940,247,99540,247,100085,100,99435,100,100144,100,99434,100,100294,100,99408,100,100319,100,99384,200,100569,100,99322,100,,,99319,100,,,99301,100
2019-06-28 10:08:00.000000000,99888,212,99645,312,99939,212,99595,212,99940,212,99540,212,100085,212,99435,212,100144,100,99434,100,100294,100,99408,100,100319,100,99384,200,100569,100,99322,100,,,99319,100,,,99301,100
2019-06-28 10:08:05.438264689,99888,212,99645,212,99939,212,99595,212,99940,212,99540,212,100085,212,99435,212,100144,100,99434,100,100294,100,99408,100,100319,100,99384,200,100569,100,99322,100,,,99319,100,,,99301,100
2019-06-28 10:08:09.077740032,99786,100,99645,212,99888,212,99595,212,99939,212,99540,212,99940,212,99435,212,100085,212,99434,100,100144,100,99408,100,100294,100,99384,200,100319,100,99322,100,100569,100,99319,100,,,99301,100
2019-06-28 10:08:10.000000000,99786,546,99645,546,99888,100,99595,100,99939,100,99540,100,99940,100,99435,100,100085,100,99434,100,100144,100,99408,100,100294,100,99384,200,100319,100,99322,100,100569,100,99319,100,,,99301,100
2019-06-28 10:08:20.000000000,99786,546,99645,546,99888,100,99595,100,99939,100,99540,100,99940,100,99435,100,100085,100,99434,100,100144,100,99408,100,100294,100,99384,200,100319,100,99322,100,100569,100,99319,100,,,99301,100
2019-06-28 10:08:29.598669984,99786,546,99645,446,99888,100,99595,100,99939,100,99540,100,99940,100,99435,100,100085,100,99434,100,100144,100,99408,100,100294,100,99384,200,100319,100,99322,100,100569,100,99319,100,,,99301,100
2019-06-28 10:08:30.000000000,99786,212,99595,212,99888,212,99540,212,99939,212,99435,212,99940,212,99434,212,100085,100,99408,100,100144,100,99384,200,100294,100,99322,100,100319,100,99319,100,100569,100,99301,100,,,99258,100
2019-06-28 10:08:39.969247347,99786,212,99595,212,99888,212,99540,212,99939,212,99435,212,99940,212,99434,212,100085,100,99408,100,100144,100,99384,200,100319,100,99322,100,100569,100,99319,100,,,99301,100,,,99258,100
2019-06-28 10:08:40.000000000,99786,189,99595,189,99888,189,99540,189,99939,189,99435,189,99940,189,99434,189,100085,189,99408,189,100144,100,99384,200,100319,100,99322,100,100569,100,99319,100,,,99301,100,,,99258,100
2019-06-28 10:08:50.000000000,99786,252,99595,252,99888,247,99540,247,99939,247,99435,247,99940,100,99434,100,100085,100,99408,100,100144,100,99384,200,100319,100,99322,100,100569,100,99319,100,,,99301,100,,,99258,100
2019-06-28 10:08:53.071094830,99645,100,99595,252,99786,252,99540,247,99888,247,99435,247,99939,247,99434,100,99940,100,99408,100,100085,100,99384,200,100144,100,99322,100,100319,100,99319,100,100569,100,99301,100,,,99258,100
2019-06-28 10:09:00.000000000,99645,546,99595,546,99786,100,99540,100,99888,100,99435,100,99939,100,99434,100,99940,100,99408,100,100085,100,99384,200,100144,100,99322,100,100319,100,99319,100,100569,100,99301,100,,,99258,100
2019-06-28 10:09:00.873028248,99645,546,99595,546,99786,100,99540,100,99888,100,99434,100,99939,100,99408,100,99940,100,99384,200,100085,100,99322,100,100144,100,99319,100,100319,100,99301,100,100569,100,99258,100,,,99252,100
2019-06-28 10:09:01.498843601,99645,546,99595,546,99786,100,99540,100,99888,100,99434,100,99939,100,99408,100,99940,100,99384,200,100085,100,99322,100,100144,100,99319,100,100319,100,99301,100,100569,100,99258,100,,,99252,100
2019-06-28 10:09:10.000000000,99645,323,99595,323,99786,323,99540,323,99888,100,99434,100,99939,100,99408,100,99940,100,99384,200,100085,100,99322,100,100144,100,99319,100,100319,100,99301,100,100569,100,99258,100,,,99252,100
