,ask_price_1,ask_size_1,bid_price_1,bid_size_1,ask_price_2,ask_size_2,bid_price_2,bid_size_2,ask_price_3,ask_size_3,bid_price_3,bid_size_3,ask_price_4,ask_size_4,bid_price_4,bid_size_4,ask_price_5,ask_size_5,bid_price_5,bid_size_5,ask_price_6,ask_size_6,bid_price_6,bid_size_6,ask_price_7,ask_size_7,bid_price_7,bid_size_7,ask_price_8,ask_size_8,bid_price_8,bid_size_8,ask_price_9,ask_size_9,bid_price_9,bid_size_9,ask_price_10,ask_size_10,bid_price_10,bid_size_10
2019-06-28 09:30:00.000000002,,,99877,100,,,,,,,,,,,,,,,,,,,,,,,,,,,,,,,,,,,,
2019-06-28 09:30:00.000000003,,,99985,100,,,99877,100,,,,,,,,,,,,,,,,,,,,,,,,,,,,,,,,
2019-06-28 09:30:00.000000005,100032,100,99985,100,,,99877,100,,,,,,,,,,,,,,,,,,,,,,,,,,,,,,,,
2019-06-28 09:30:00.000000006,100032,100,99985,100,,,99891,100,,,99877,100,,,,,,,,,,,,,,,,,,,,,,,,,,,,
2019-06-28 09:30:00.000000007,100032,100,99985,100,,,99891,100,,,99877,100,,,99845,100,,,,,,,,,,,,,,,,,,,,,,,,
2019-06-28 09:30:00.000000008,100032,100,99985,100,,,99891,100,,,99880,100,,,99877,100,,,99845,100,,,,,,,,,,,,,,,,,,,,
2019-06-28 09:30:00.000000009,100032,100,99985,100,,,99947,100,,,99891,100,,,99880,100,,,99877,100,,,99845,100,,,,,,,,,,,,,,,,
2019-06-28 09:30:00.000000011,100017,100,99985,100,100032,100,99947,100,,,99916,100,,,99891,100,,,99880,100,,,99877,100,,,99845,100,,,,,,,,,,,,
2019-06-28 09:30:00.000000012,100032,100,99985,100,100172,100,99947,100,,,99916,100,,,99901,100,,,99891,100,,,99880,100,,,99877,100,,,99845,100,,,,,,,,
2019-06-28 09:30:00.000000016,100032,100,99947,100,100172,100,99916,100,,,99901,100,,,99891,100,,,99880,100,,,99877,100,,,99845,100,,,,,,,,,,,,
2019-06-28 09:30:00.000000024,100032,100,99947,100,100172,100,99916,100,,,99912,100,,,99901,100,,,99891,100,,,99880,100,,,99877,100,,,99845,100,,,,,,,,
2019-06-28 09:30:00.000000026,100032,100,99966,100,100172,100,99947,100,,,99916,100,,,99912,100,,,99901,100,,,99891,100,,,99880,100,,,99877,100,,,99845,100,,,,
2019-06-28 09:30:00.000000029,100032,100,99973,100,100172,100,99966,100,,,99947,100,,,99916,100,,,99912,100,,,99901,100,,,99891,100,,,99880,100,,,99877,100,,,99845,100
2019-06-28 09:30:00.000000031,100032,100,99973,100,100071,100,99966,100,100172,100,99947,100,,,99916,100,,,99912,100,,,99901,100,,,99891,100,,,99880,100,,,99877,100,,,99845,100
2019-06-28 09:30:00.000000033,100017,100,99973,100,100032,100,99966,100,100071,100,99947,100,100172,100,99916,100,,,99912,100,,,99901,100,,,99891,100,,,99880,100,,,99877,100,,,99845,100
2019-06-28 09:30:00.000000035,100017,200,99973,100,100032,100,99966,100,100071,100,99947,100,100172,100,99916,100,,,99912,100,,,99901,100,,,99891,100,,,99880,100,,,99877,100,,,99845,100
2019-06-28 09:30:00.000000036,100017,200,99973,100,100032,100,99966,100,100071,100,99947,100,100172,100,99918,100,,,99916,100,,,99912,100,,,99901,100,,,99891,100,,,99880,100,,,99877,100
2019-06-28 09:30:00.000000037,100017,300,99973,100,100032,100,99966,100,100071,100,99947,100,100172,100,99918,100,,,99916,100,,,99912,100,,,99901,100,,,99891,100,,,99880,100,,,99877,100
2019-06-28 09:30:00.000000040,100017,300,99985,100,100025,100,99973,100,100032,100,99966,100,100071,100,99947,100,100172,100,99918,100,,,99916,100,,,99912,100,,,99901,100,,,99891,100,,,99880,100
2019-06-28 09:30:00.000000044,100017,300,99985,200,100025,100,99973,100,100032,100,99966,100,100071,100,99947,100,100172,100,99918,100,,,99916,100,,,99912,100,,,99901,100,,,99891,100,,,99880,100
2019-06-28 09:30:00.000000045,100017,300,99985,200,100025,100,99973,100,100032,100,99966,100,100071,100,99947,100,100172,100,99928,100,,,99918,100,,,99916,100,,,99912,100,,,99901,100,,,99891,100
2019-06-28 09:30:00.000000046,100017,300,99985,200,100025,100,99973,100,100026,100,99966,100,100032,100,99947,100,100071,100,99928,100,100172,100,99918,100,,,99916,100,,,99912,100,,,99901,100,,,99891,100
2019-06-28 09:30:00.000000048,100017,300,99985,200,100025,100,99973,100,100026,100,99966,100,100027,100,99947,100,100032,100,99928,100,100071,100,99918,100,100084,100,99916,100,100171,100,99912,100,100172,100,99901,100,,,99891,100
2019-06-28 09:30:00.000000050,100017,300,99985,200,100025,100,99973,100,100026,100,99966,100,100027,100,99947,100,100032,100,99928,100,100071,100,99918,100,100084,100,99916,100,100103,100,99912,100,100171,100,99901,100,100172,100,99891,100
2019-06-28 09:30:00.000000051,100017,300,99985,200,100025,100,99973,100,100026,100,99966,100,100027,100,99947,100,100032,100,99928,100,100071,100,99918,100,100080,100,99916,100,100084,100,99912,100,100103,100,99901,100,100171,100,99891,100
2019-06-28 09:30:00.000000053,100017,300,99985,200,100025,100,99973,100,100026,100,99966,100,100027,100,99947,100,100032,100,99928,100,100071,100,99918,100,100080,100,99916,100,100084,100,99912,100,100103,100,99905,100,100171,100,99901,100
2019-06-28 09:30:00.000000055,100017,300,99997,100,100025,100,99985,200,100026,100,99973,100,100027,100,99966,100,100032,100,99947,100,100071,100,99928,100,100080,100,99918,100,100084,100,99916,100,100103,100,99912,100,100171,100,99905,100
2019-06-28 09:30:00.000000057,100017,300,99997,100,100025,100,99985,200,100026,100,99973,100,100027,100,99966,100,100032,100,99947,100,100071,100,99928,100,100080,100,99922,100,100084,100,99918,100,100103,100,99916,100,100171,100,99912,100
2019-06-28 09:30:00.000000063,100017,300,99997,100,100025,100,99985,200,100026,100,99975,100,100027,100,99973,100,100032,100,99966,100,100071,100,99947,100,100080,100,99928,100,100084,100,99922,100,100103,100,99918,100,100171,100,99916,100
2019-06-28 09:30:00.000000065,100017,300,99997,100,100025,100,99985,200,100026,100,99977,100,100027,100,99975,100,100032,100,99973,100,100071,100,99966,100,100080,100,99947,100,100084,100,99928,100,100103,100,99922,100,100171,100,99918,100
2019-06-28 09:30:00.000000066,100017,300,99997,100,100025,100,99985,200,100026,100,99977,100,100027,100,99975,100,100032,100,99973,100,100068,100,99966,100,100071,100,99947,100,100080,100,99928,100,100084,100,99922,100,100103,100,99918,100
2019-06-28 09:30:00.000000068,100017,300,99997,100,100025,100,99985,300,100026,100,99977,100,100027,100,99975,100,100032,100,99973,100,100068,100,99966,100,100071,100,99947,100,100080,100,99928,100,100084,100,99922,100,100103,100,99918,100
2019-06-28 09:30:00.000000069,100017,400,99997,100,100025,100,99985,400,100026,100,99977,100,100027,100,99975,100,100029,100,99973,100,100032,100,99966,100,100068,100,99947,100,100071,100,99928,100,100080,100,99922,100,100084,100,99918,100
2019-06-28 09:30:00.000000071,100017,400,99997,100,100025,100,99985,400,100026,100,99977,100,100027,100,99975,100,100029,100,99973,100,100032,100,99966,100,100068,100,99947,100,100071,100,99928,100,100080,100,99922,100,100084,100,99918,100
2019-06-28 09:30:00.000000076,100017,400,99997,100,100025,100,99985,400,100026,100,99977,100,100027,100,99975,100,100029,100,99973,100,100032,100,99966,100,100055,100,99947,100,100068,100,99928,100,100071,100,99922,100,100080,100,99918,100
2019-06-28 09:30:00.000000077,100017,400,99997,100,100025,100,99985,400,100026,100,99977,100,100027,100,99975,100,100029,100,99973,100,100032,100,99966,100,100055,100,99947,100,100068,100,99928,100,100071,100,99922,100,100080,100,99918,100
2019-06-28 09:30:00.000000078,100017,400,99997,100,100025,100,99985,400,100026,100,99977,100,100027,100,99975,100,100029,100,99973,100,100032,100,99966,100,100055,100,99947,100,100068,100,99928,100,100071,100,99922,100,100080,100,99918,100
2019-06-28 09:30:00.000000079,100017,400,99997,100,100025,100,99985,400,100026,100,99977,100,100027,100,99975,100,100029,100,99973,100,100032,100,99966,100,100055,100,99947,100,100068,100,99928,100,100071,100,99922,100,100074,100,99918,100
2019-06-28 09:30:00.000000080,100017,400,99997,100,100025,100,99985,400,100026,100,99977,100,100027,100,99975,100,100029,100,99973,100,100032,100,99966,100,100055,100,99947,100,100068,100,99928,100,100071,100,99922,100,100074,100,99918,100
2019-06-28 09:30:00.000000082,100017,300,99997,100,100025,100,99985,400,100026,100,99977,100,100027,100,99975,100,100029,100,99973,100,100032,100,99966,100,100055,100,99947,100,100068,100,99928,100,100071,100,99922,100,100074,100,99918,100
2019-06-28 09:30:00.000000083,100017,300,99997,100,100025,100,99985,400,100026,100,99977,100,100027,100,99975,100,100029,200,99973,100,100032,100,99966,100,100055,100,99947,100,100068,100,99928,100,100071,100,99922,100,100074,100,99918,100
2019-06-28 09:30:00.000000084,100017,300,100002,100,100025,100,99997,100,100026,100,99986,100,100027,100,99985,400,100029,200,99977,100,100032,100,99975,100,100055,100,99973,100,100068,100,99966,100,100071,100,99947,100,100074,100,99928,100
2019-06-28 09:30:00.000000087,100017,300,100003,100,100025,100,100002,100,100026,100,99997,100,100027,100,99986,100,100029,200,99985,400,100032,100,99977,100,100055,100,99975,100,100068,100,99973,100,100071,100,99966,100,100074,100,99947,100
2019-06-28 09:30:00.000000089,100016,100,100003,100,100017,300,100002,100,100025,100,99997,100,100026,100,99986,100,100027,100,99985,400,100029,200,99977,100,100032,100,99975,100,100055,100,99973,100,100068,100,99966,100,100071,100,99947,100
2019-06-28 09:30:00.000000090,100016,100,100003,100,100017,300,100002,100,100025,100,99997,100,100026,100,99986,100,100027,100,99985,400,100029,200,99977,100,100032,100,99975,100,100055,100,99973,100,100068,100,99966,100,100071,100,99947,100
2019-06-28 09:30:00.000000091,100016,100,100003,200,100017,300,100002,100,100025,100,99997,100,100026,100,99986,100,100027,100,99985,400,100029,200,99977,100,100032,100,99975,100,100055,100,99973,100,100068,100,99966,100,100071,100,99947,100
2019-06-28 09:30:00.000000094,100016,100,100003,100,100017,300,100002,100,100025,100,99997,100,100026,100,99986,100,100027,100,99985,400,100029,200,99977,100,100032,100,99975,100,100055,100,99973,100,100068,100,99966,100,100071,100,99947,100
2019-06-28 09:30:00.000000096,100016,100,100003,100,100017,300,100002,100,100025,100,99997,100,100026,100,99986,100,100027,100,99985,400,100029,200,99977,100,100032,100,99975,100,100055,100,99973,100,100068,100,99966,100,100071,100,99947,100
2019-06-28 09:30:00.000000098,100016,100,100002,100,100017,300,99997,100,100025,100,99986,100,100026,100,99985,400,100027,100,99977,100,100029,200,99975,100,100032,100,99973,100,100055,100,99966,100,100068,100,99947,100,100071,100,99945,100
2019-06-28 09:30:05.751410059,100017,300,100002,100,100025,100,99997,100,100026,100,99986,100,100027,100,99985,400,100029,200,99977,100,100032,100,99975,100,100055,100,99973,100,100068,100,99966,100,100071,100,99947,100,100074,100,99945,100
2019-06-28 09:30:10.000000000,100017,408,100002,208,100025,205,99997,205,100026,205,99986,205,100027,100,99985,400,100029,200,99977,100,100032,100,99975,100,100055,100,99973,100,100068,100,99966,100,100071,100,99947,100,100074,100,99945,100
2019-06-28 09:30:20.000000000,100017,364,100002,164,100025,164,99997,164,100026,164,99986,164,100027,164,99985,464,100029,264,99977,164,100032,100,99975,100,100055,100,99973,100,100068,100,99966,100,100071,100,99947,100,100074,100,99945,100
2019-06-28 09:30:23.721587429,100002,36,99997,164,100017,364,99986,164,100025,164,99985,464,100026,164,99977,164,100027,164,99975,100,100029,264,99973,100,100032,100,99966,100,100055,100,99947,100,100068,100,99945,100,100071,100,99928,100
2019-06-28 09:30:30.000000000,100002,116,99997,180,100017,380,99986,180,100025,180,99985,480,100026,180,99977,180,100027,100,99975,100,100029,200,99973,100,100032,100,99966,100,100055,100,99947,100,100068,100,99945,100,100071,100,99928,100
2019-06-28 09:30:40.000000000,100002,116,99997,180,100017,380,99986,180,100025,180,99985,480,100026,180,99977,180,100027,100,99975,100,100029,200,99973,100,100032,100,99966,100,100055,100,99947,100,100068,100,99945,100,100071,100,99928,100
2019-06-28 09:30:50.000000000,100002,195,99997,259,100017,459,99986,259,100025,100,99985,400,100026,100,99977,100,100027,100,99975,100,100029,200,99973,100,100032,100,99966,100,100055,100,99947,100,100068,100,99945,100,100071,100,99928,100
2019-06-28 09:31:00.000000000,100002,144,99997,208,100017,405,99986,205,100025,205,99985,505,100026,100,99977,100,100027,100,99975,100,100029,200,99973,100,100032,100,99966,100,100055,100,99947,100,100068,100,99945,100,100071,100,99928,100
2019-06-28 09:31:04.703087889,100002,144,99997,208,100017,405,99986,205,100025,205,99985,505,100026,100,99977,100,100027,100,99975,100,100029,200,99973,100,100032,100,99966,100,100043,100,99947,100,100055,100,99945,100,100068,100,99928,100
2019-06-28 09:31:09.382263072,100002,144,99997,208,100016,100,99986,205,100017,305,99985,505,100025,205,99977,100,100026,100,99975,100,100027,100,99973,100,100029,200,99966,100,100032,100,99947,100,100043,100,99945,100,100055,100,99928,100
2019-06-28 09:31:10.000000000,100002,116,99997,180,100016,180,99986,180,100017,280,99985,480,100025,180,99977,180,100026,100,99975,100,100027,100,99973,100,100029,200,99966,100,100032,100,99947,100,100043,100,99945,100,100055,100,99928,100
2019-06-28 09:31:20.000000000,100002,116,99997,180,100016,180,99986,180,100017,280,99985,480,100025,180,99977,180,100026,100,99975,100,100027,100,99973,100,100029,200,99966,100,100032,100,99947,100,100043,100,99945,100,100055,100,99928,100
2019-06-28 09:31:30.000000000,100002,116,99997,180,100016,180,99986,180,100017,280,99985,480,100025,180,99977,180,100026,100,99975,100,100027,100,99973,100,100029,200,99966,100,100032,100,99947,100,100043,100,99945,100,100055,100,99928,100
2019-06-28 09:31:40.000000000,100002,116,99997,180,100016,180,99986,180,100017,280,99985,480,100025,180,99977,180,100026,100,99975,100,100027,100,99973,100,100029,200,99966,100,100032,100,99947,100,100043,100,99945,100,100055,100,99928,100
2019-06-28 09:31:50.000000000,100002,100,99997,164,100016,164,99986,164,100017,264,99985,464,100025,164,99977,164,100026,164,99975,164,100027,100,99973,100,100029,200,99966,100,100032,100,99947,100,100043,100,99945,100,100055,100,99928,100
2019-06-28 09:32:00.000000000,100002,195,99997,259,100016,259,99986,259,100017,200,99985,400,100025,100,99977,100,100026,100,99975,100,100027,100,99973,100,100029,200,99966,100,100032,100,99947,100,100043,100,99945,100,100055,100,99928,100
2019-06-28 09:32:00.333481286,100002,195,99997,259,100016,259,99986,259,100017,200,99985,400,100025,100,99977,100,100026,100,99975,100,100027,100,99973,100,100029,200,99966,100,100032,100,99947,100,100043,100,99945,100,100055,100,99928,100
2019-06-28 09:32:10.000000000,100002,144,99997,208,100016,205,99986,205,100017,305,99985,505,100025,100,99977,100,100026,100,99975,100,100027,100,99973,100,100029,200,99966,100,100032,100,99947,100,100043,100,99945,100,100055,100,99928,100
2019-06-28 09:32:20.000000000,100002,144,99997,208,100016,205,99986,205,100017,305,99985,505,100025,100,99977,100,100026,100,99975,100,100027,100,99973,100,100029,200,99966,100,100032,100,99947,100,100043,100,99945,100,100055,100,99928,100
2019-06-28 09:32:26.073127798,100002,144,99997,108,100016,205,99986,205,100017,305,99985,505,100025,100,99977,100,100026,100,99975,100,100027,100,99973,100,100029,200,99966,100,100032,100,99947,100,100055,100,99945,100,100068,100,99928,100
2019-06-28 09:32:30.000000000,100002,195,99986,259,100016,259,99985,559,100017,200,99977,100,100025,100,99975,100,100026,100,99973,100,100027,100,99966,100,100029,200,99947,100,100032,100,99945,100,100055,100,99928,100,100068,100,99922,100
2019-06-28 09:32:37.337172216,100002,195,99986,259,100016,259,99985,559,100017,200,99977,100,100025,100,99975,100,100026,100,99973,100,100027,100,99966,100,100029,100,99947,100,100032,100,99945,100,100055,100,99928,100,100068,100,99922,100
2019-06-28 09:32:40.000000000,100002,100,99986,164,100016,164,99985,464,100017,264,99977,164,100025,164,99975,164,100026,164,99973,164,100027,100,99966,100,100029,100,99947,100,100032,100,99945,100,100055,100,99928,100,100068,100,99922,100
2019-06-28 09:32:42.568414056,100002,100,99986,164,100016,164,99985,464,100017,264,99977,164,100025,164,99975,164,100026,164,99973,164,100027,100,99966,100,100029,100,99947,200,100032,100,99945,100,100055,100,99928,100,100068,100,99922,100
2019-06-28 09:32:42.847090465,100002,100,99986,164,100016,164,99985,464,100017,264,99977,164,100025,164,99975,164,100026,164,99973,164,100027,100,99966,100,100029,100,99947,200,100032,100,99945,100,100055,100,99928,100,100068,100,99922,100
2019-06-28 09:32:50.000000000,100002,195,99986,259,100016,259,99985,559,100017,200,99977,100,100025,100,99975,100,100026,100,99973,100,100027,100,99966,100,100029,100,99947,200,100032,100,99945,100,100055,100,99928,100,100068,100,99922,100
2019-06-28 09:33:00.000000000,100002,195,99986,259,100016,259,99985,559,100017,200,99977,100,100025,100,99975,100,100026,100,99973,100,100027,100,99966,100,100029,100,99947,200,100032,100,99945,100,100055,100,99928,100,100068,100,99922,100
2019-06-28 09:33:10.000000000,100002,116,99986,180,100016,180,99985,480,100017,280,99977,180,100025,180,99975,180,100026,100,99973,100,100027,100,99966,100,100029,100,99947,200,100032,100,99945,100,100055,100,99928,100,100068,100,99922,100
2019-06-28 09:33:20.000000000,100002,354,99986,418,100016,100,99985,400,100017,200,99977,100,100025,100,99975,100,100026,100,99973,100,100027,100,99966,100,100029,100,99947,200,100032,100,99945,100,100055,100,99928,100,100068,100,99922,100
2019-06-28 09:33:21.276866288,100002,354,99986,318,100016,100,99985,400,100017,200,99977,100,100025,100,99975,100,100026,100,99973,100,100027,100,99966,100,100029,100,99947,200,100032,100,99945,100,100055,100,99928,100,100068,100,99922,100
2019-06-28 09:33:30.000000000,100002,100,99985,464,100016,164,99977,164,100017,264,99975,164,100025,164,99973,164,100026,164,99966,164,100027,100,99947,200,100029,100,99945,100,100032,100,99928,100,100055,100,99922,100,100068,100,99918,100
2019-06-28 09:33:36.571873115,100002,64,99985,364,100016,164,99977,164,100017,264,99975,164,100025,164,99973,164,100026,164,99966,164,100027,100,99947,200,100029,100,99945,100,100032,100,99928,100,100055,100,99922,100,100068,100,99918,100
2019-06-28 09:33:38.352407173,99986,100,99985,364,100002,64,99977,164,100016,164,99975,164,100017,164,99973,164,100025,164,99966,164,100026,164,99947,200,100027,100,99945,100,100029,100,99928,100,100032,100,99922,100,100055,100,99918,100
2019-06-28 09:33:40.000000000,99986,259,99985,459,100016,259,99977,259,100017,100,99975,100,100025,100,99973,100,100026,100,99966,100,100027,100,99947,200,100029,100,99945,100,100032,100,99928,100,100055,100,99922,100,100068,100,99918,100
2019-06-28 09:33:50.000000000,99986,180,99985,380,100016,180,99977,180,100017,180,99975,180,100025,180,99973,180,100026,100,99966,100,100027,100,99947,200,100029,100,99945,100,100032,100,99928,100,100055,100,99922,100,100068,100,99918,100
2019-06-28 09:34:00.000000000,99986,418,99985,618,100016,100,99977,100,100017,100,99975,100,100025,100,99973,100,100026,100,99966,100,100027,100,99947,200,100029,100,99945,100,100032,100,99928,100,100055,100,99922,100,100068,100,99918,100
2019-06-28 09:34:02.737712641,99986,318,99985,518,100016,100,99977,100,100017,100,99975,100,100025,100,99973,100,100026,100,99966,100,100027,100,99947,200,100029,100,99945,100,100032,100,99928,100,100055,100,99922,100,100068,100,99918,100
2019-06-28 09:34:03.978138040,99986,318,99985,518,100016,100,99977,100,100017,100,99975,100,100025,100,99973,100,100026,100,99966,100,100027,100,99947,200,100029,100,99945,100,100032,100,99928,100,100055,100,99922,100,100068,100,99918,100
2019-06-28 09:34:10.000000000,100016,259,99985,359,100017,259,99977,259,100025,100,99975,100,100026,100,99973,100,100027,100,99966,100,100029,100,99947,200,100032,100,99945,100,100055,100,99928,100,100068,100,99922,100,100071,100,99918,100
2019-06-28 09:34:13.941610394,100016,259,99985,259,100017,259,99977,259,100025,100,99975,100,100026,100,99973,100,100027,100,99966,100,100029,100,99947,200,100032,100,99945,100,100055,100,99922,100,100068,100,99918,100,100071,100,99916,100
2019-06-28 09:34:20.000000000,100016,180,99985,180,100017,180,99977,180,100025,180,99975,180,100026,180,99973,180,100027,100,99966,100,100029,100,99947,200,100032,100,99945,100,100055,100,99922,100,100068,100,99918,100,100071,100,99916,100
2019-06-28 09:34:25.872695948,100016,180,99985,80,100017,180,99977,180,100025,180,99975,180,100026,180,99973,180,100027,100,99966,100,100029,100,99947,200,100032,100,99945,100,100055,100,99922,100,100068,100,99918,100,100071,100,99916,100
2019-06-28 09:34:30.000000000,100016,418,99977,418,100017,100,99975,100,100025,100,99973,100,100026,100,99966,100,100027,100,99947,200,100029,100,99945,100,100032,100,99922,100,100055,100,99918,100,100068,100,99916,100,100071,100,99912,100
2019-06-28 09:34:40.000000000,100016,418,99977,418,100017,100,99975,100,100025,100,99973,100,100026,100,99966,100,100027,100,99947,200,100029,100,99945,100,100032,100,99922,100,100055,100,99918,100,100068,100,99916,100,100071,100,99912,100
2019-06-28 09:34:41.070337496,100016,418,99986,100,100017,100,99977,418,100025,100,99975,100,100026,100,99973,100,100027,100,99966,100,100029,100,99947,200,100032,100,99945,100,100055,100,99922,100,100068,100,99918,100,100071,100,99916,100
2019-06-28 09:34:50.000000000,100016,418,99986,418,100017,100,99977,100,100025,100,99975,100,100026,100,99973,100,100027,100,99966,100,100029,100,99947,200,100032,100,99945,100,100055,100,99922,100,100068,100,99918,100,100071,100,99916,100
2019-06-28 09:35:00.000000000,100016,164,99986,164,100017,164,99977,164,100025,164,99975,164,100026,164,99973,164,100027,164,99966,164,100029,100,99947,200,100032,100,99945,100,100055,100,99922,100,100068,100,99918,100,100071,100,99916,100
2019-06-28 09:35:02.101419417,100016,164,99986,64,100017,164,99977,164,100025,164,99975,164,100026,164,99973,164,100027,164,99966,164,100029,100,99947,200,100032,100,99945,100,100055,100,99922,100,100068,100,99918,100,100071,100,99916,100
2019-06-28 09:35:02.557682190,99986,36,99977,64,100016,164,99975,164,100017,164,99973,164,100025,164,99966,164,100026,164,99947,200,100027,164,99945,100,100029,100,99922,100,100032,100,99918,100,100055,100,99916,100,100068,100,99912,100
2019-06-28 09:35:10.000000000,99986,354,99975,418,100016,100,99973,100,100017,100,99966,100,100025,100,99947,200,100026,100,99945,100,100027,100,99922,100,100029,100,99918,100,100032,100,99916,100,100055,100,99912,100,100068,100,99911,100
2019-06-28 09:35:20.000000000,99986,116,99975,180,100016,180,99973,180,100017,180,99966,180,100025,180,99947,280,100026,100,99945,100,100027,100,99922,100,100029,100,99918,100,100032,100,99916,100,100055,100,99912,100,100068,100,99911,100
2019-06-28 09:35:30.000000000,99986,195,99975,259,100016,259,99973,259,100017,100,99966,100,100025,100,99947,200,100026,100,99945,100,100027,100,99922,100,100029,100,99918,100,100032,100,99916,100,100055,100,99912,100,100068,100,99911,100
2019-06-28 09:35:40.000000000,99986,116,99975,180,100016,180,99973,180,100017,180,99966,180,100025,180,99947,280,100026,100,99945,100,100027,100,99922,100,100029,100,99918,100,100032,100,99916,100,100055,100,99912,100,100068,100,99911,100
2019-06-28 09:35:46.999415585,99986,116,99975,80,100016,180,99973,180,100017,180,99966,180,100025,180,99947,280,100026,100,99945,100,100027,100,99922,100,100029,100,99918,100,100032,100,99916,100,100055,100,99912,100,100068,100,99911,100
2019-06-28 09:35:48.048200454,99975,20,99973,180,99986,116,99966,180,100016,180,99947,280,100017,180,99945,100,100025,180,99922,100,100026,100,99918,100,100027,100,99916,100,100029,100,99912,100,100032,100,99911,100,100055,100,99901,100
2019-06-28 09:35:50.000000000,99975,338,99973,418,99986,36,99966,100,100016,100,99947,200,100017,100,99945,100,100025,100,99922,100,100026,100,99918,100,100027,100,99916,100,100029,100,99912,100,100032,100,99911,100,100055,100,99901,100
2019-06-28 09:36:00.000000000,99975,179,99973,259,99986,195,99966,259,100016,100,99947,200,100017,100,99945,100,100025,100,99922,100,100026,100,99918,100,100027,100,99916,100,100029,100,99912,100,100032,100,99911,100,100055,100,99901,100
2019-06-28 09:36:10.000000000,99975,179,99973,259,99986,195,99966,259,100016,100,99947,200,100017,100,99945,100,100025,100,99922,100,100026,100,99918,100,100027,100,99916,100,100029,100,99912,100,100032,100,99911,100,100055,100,99901,100
2019-06-28 09:36:18.967072016,99975,179,99973,159,99986,195,99966,259,100016,100,99947,200,100017,100,99945,100,100025,100,99922,100,100026,100,99918,100,100027,100,99916,100,100029,100,99912,100,100032,100,99911,100,100055,100,99901,100
2019-06-28 09:36:20.000000000,99975,179,99966,259,99986,195,99947,359,100016,100,99945,100,100017,100,99922,100,100025,100,99918,100,100026,100,99916,100,100027,100,99912,100,100029,100,99911,100,100032,100,99901,100,100055,100,99891,100
2019-06-28 09:36:30.000000000,99975,179,99966,259,99986,195,99947,359,100016,100,99945,100,100017,100,99922,100,100025,100,99918,100,100026,100,99916,100,100027,100,99912,100,100029,100,99911,100,100032,100,99901,100,100055,100,99891,100
2019-06-28 09:36:31.904178962,99975,179,99966,259,99986,195,99947,359,100016,100,99945,100,100017,100,99922,100,100025,100,99918,100,100026,100,99916,100,100027,100,99912,100,100029,100,99911,100,100032,100,99901,100,100055,100,99891,100
2019-06-28 09:36:34.892143035,99975,179,99966,259,99986,195,99947,359,100016,100,99945,100,100017,100,99922,100,100025,100,99918,100,100026,100,99916,100,100027,100,99912,100,100029,100,99911,100,100032,100,99901,100,100055,100,99891,100
2019-06-28 09:36:39.006844895,99975,179,99966,359,99986,195,99947,359,100016,100,99945,100,100017,100,99922,100,100025,100,99918,100,100026,100,99916,100,100027,100,99912,100,100029,100,99911,100,100032,100,99901,100,100055,100,99891,100
2019-06-28 09:36:40.000000000,99975,179,99966,359,99986,195,99947,359,100016,100,99945,100,100017,100,99922,100,100025,100,99918,100,100026,100,99916,100,100027,100,99912,100,100029,100,99911,100,100032,100,99901,100,100055,100,99891,100
2019-06-28 09:36:40.979075166,99975,179,99966,359,99986,195,99947,359,100016,100,99922,100,100017,100,99918,100,100025,100,99916,100,100026,100,99912,100,100027,100,99911,100,100029,100,99901,100,100032,100,99891,100,100055,100,99882,100
2019-06-28 09:36:50.000000000,99975,179,99966,359,99986,195,99947,359,100016,100,99922,100,100017,100,99918,100,100025,100,99916,100,100026,100,99912,100,100027,100,99911,100,100029,100,99901,100,100032,100,99891,100,100055,100,99882,100
2019-06-28 09:37:00.000000000,99975,338,99966,518,99986,36,99947,200,100016,100,99922,100,100017,100,99918,100,100025,100,99916,100,100026,100,99912,100,100027,100,99911,100,100029,100,99901,100,100032,100,99891,100,100055,100,99882,100
2019-06-28 09:37:10.000000000,99975,179,99966,359,99986,195,99947,359,100016,100,99922,100,100017,100,99918,100,100025,100,99916,100,100026,100,99912,100,100027,100,99911,100,100029,100,99901,100,100032,100,99891,100,100055,100,99882,100
2019-06-28 09:37:20.000000000,99975,338,99966,518,99986,36,99947,200,100016,100,99922,100,100017,100,99918,100,100025,100,99916,100,100026,100,99912,100,100027,100,99911,100,100029,100,99901,100,100032,100,99891,100,100055,100,99882,100
2019-06-28 09:37:29.409355335,99975,338,99966,518,99986,36,99947,200,100016,100,99922,100,100017,100,99918,100,100025,100,99916,100,100026,100,99912,100,100027,100,99911,100,100029,100,99901,100,100032,100,99891,100,100055,100,99882,100
2019-06-28 09:37:30.000000000,99975,338,99966,518,99986,36,99947,200,100016,100,99922,100,100017,100,99918,100,100025,100,99916,100,100026,100,99912,100,100027,100,99911,100,100029,100,99901,100,100032,100,99891,100,100055,100,99882,100
2019-06-28 09:37:40.000000000,99975,128,99966,308,99986,141,99947,305,100016,205,99922,205,100017,100,99918,100,100025,100,99916,100,100026,100,99912,100,100027,100,99911,100,100029,100,99901,100,100032,100,99891,100,100055,100,99882,100
2019-06-28 09:37:50.000000000,99975,338,99966,518,99986,36,99947,200,100016,100,99922,100,100017,100,99918,100,100025,100,99916,100,100026,100,99912,100,100027,100,99911,100,100029,100,99901,100,100032,100,99891,100,100055,100,99882,100
2019-06-28 09:38:00.000000000,99975,84,99966,264,99986,100,99947,264,100016,164,99922,164,100017,164,99918,164,100025,164,99916,164,100026,100,99912,100,100027,100,99911,100,100029,100,99901,100,100032,100,99891,100,100055,100,99882,100
2019-06-28 09:38:08.997243245,99975,84,99974,100,99986,100,99966,264,100016,64,99947,264,100017,164,99922,164,100025,164,99918,164,100026,100,99916,164,100027,100,99912,100,100029,100,99911,100,100032,100,99901,100,100055,100,99891,100
2019-06-28 09:38:10.000000000,99975,128,99974,208,99986,141,99966,305,100017,205,99947,305,100025,100,99922,100,100026,100,99918,100,100027,100,99916,100,100029,100,99912,100,100032,100,99911,100,100055,100,99901,100,100068,100,99891,100
2019-06-28 09:38:15.159471913,99975,128,99974,208,99986,141,99966,205,100017,205,99947,305,100025,100,99922,100,100026,100,99918,100,100027,100,99916,100,100029,100,99912,100,100032,100,99911,100,100055,100,99901,100,100068,100,99891,100
2019-06-28 09:38:20.000000000,99975,84,99974,164,99986,100,99966,164,100017,164,99947,264,100025,164,99922,164,100026,164,99918,164,100027,100,99916,100,100029,100,99912,100,100032,100,99911,100,100055,100,99901,100,100068,100,99891,100
2019-06-28 09:38:30.000000000,99975,338,99974,418,99986,36,99966,100,100017,100,99947,200,100025,100,99922,100,100026,100,99918,100,100027,100,99916,100,100029,100,99912,100,100032,100,99911,100,100055,100,99901,100,100068,100,99891,100
2019-06-28 09:38:40.000000000,99975,100,99974,180,99986,116,99966,180,100017,180,99947,280,100025,180,99922,180,100026,100,99918,100,100027,100,99916,100,100029,100,99912,100,100032,100,99911,100,100055,100,99901,100,100068,100,99891,100
2019-06-28 09:38:41.296912180,99975,100,99974,280,99986,116,99966,180,100017,180,99947,280,100025,180,99922,180,100026,100,99918,100,100027,100,99916,100,100029,100,99912,100,100032,100,99911,100,100055,100,99901,100,100068,100,99891,100
2019-06-28 09:38:41.618390248,99975,100,99974,280,99986,116,99966,180,100017,180,99947,280,100025,180,99922,180,100026,100,99918,100,100027,100,99916,100,100029,100,99912,100,100032,100,99911,100,100055,100,99901,100,100068,100,99891,100
2019-06-28 09:38:42.644122757,99975,100,99974,280,99986,116,99966,180,100017,180,99947,280,100025,180,99922,180,100026,100,99918,100,100027,100,99916,100,100029,100,99912,100,100055,100,99911,100,100068,100,99901,100,100071,100,99891,100
2019-06-28 09:38:50.000000000,99975,84,99974,264,99986,100,99966,164,100017,164,99947,264,100025,164,99922,164,100026,164,99918,164,100027,100,99916,100,100029,100,99912,100,100055,100,99911,100,100068,100,99901,100,100071,100,99891,100
2019-06-28 09:39:00.000000000,99975,84,99974,264,99986,100,99966,164,100017,164,99947,264,100025,164,99922,164,100026,164,99918,164,100027,100,99916,100,100029,100,99912,100,100055,100,99911,100,100068,100,99901,100,100071,100,99891,100
2019-06-28 09:39:10.000000000,99975,338,99974,518,99986,36,99966,100,100017,100,99947,200,100025,100,99922,100,100026,100,99918,100,100027,100,99916,100,100029,100,99912,100,100055,100,99911,100,100068,100,99901,100,100071,100,99891,100
2019-06-28 09:39:20.000000000,99975,179,99974,359,99986,195,99966,259,100017,100,99947,200,100025,100,99922,100,100026,100,99918,100,100027,100,99916,100,100029,100,99912,100,100055,100,99911,100,100068,100,99901,100,100071,100,99891,100
2019-06-28 09:39:30.000000000,99975,100,99974,280,99986,116,99966,180,100017,180,99947,280,100025,180,99922,180,100026,100,99918,100,100027,100,99916,100,100029,100,99912,100,100055,100,99911,100,100068,100,99901,100,100071,100,99891,100
2019-06-28 09:39:37.073732292,99975,100,99974,380,99986,116,99966,180,100017,180,99947,280,100025,180,99922,180,100026,100,99918,100,100027,100,99916,100,100029,100,99912,100,100055,100,99911,100,100068,100,99901,100,100071,100,99891,100
2019-06-28 09:39:40.000000000,99975,100,99974,380,99986,116,99966,180,100017,180,99947,280,100025,180,99922,180,100026,100,99918,100,100027,100,99916,100,100029,100,99912,100,100055,100,99911,100,100068,100,99901,100,100071,100,99891,100
2019-06-28 09:39:44.407744531,99975,100,99974,380,99986,116,99966,180,100017,180,99947,280,100025,180,99922,180,100026,100,99918,100,100027,100,99916,100,100029,100,99912,100,100055,100,99911,100,100068,100,99901,100,100071,100,99891,100
2019-06-28 09:39:50.000000000,99975,84,99974,364,99986,100,99966,164,100017,164,99947,264,100025,164,99922,164,100026,164,99918,164,100027,100,99916,100,100029,100,99912,100,100055,100,99911,100,100068,100,99901,100,100071,100,99891,100
2019-06-28 09:40:00.000000000,99975,100,99974,380,99986,116,99966,180,100017,180,99947,280,100025,180,99922,180,100026,100,99918,100,100027,100,99916,100,100029,100,99912,100,100055,100,99911,100,100068,100,99901,100,100071,100,99891,100
2019-06-28 09:40:05.283995190,99986,116,99974,380,100017,180,99966,180,100025,180,99947,280,100026,100,99922,180,100027,100,99918,100,100029,100,99916,100,100055,100,99912,100,100068,100,99911,100,100071,100,99901,100,100074,100,99891,100
2019-06-28 09:40:10.000000000,99986,354,99974,618,100017,100,99966,100,100025,100,99947,200,100026,100,99922,100,100027,100,99918,100,100029,100,99916,100,100055,100,99912,100,100068,100,99911,100,100071,100,99901,100,100074,100,99891,100
2019-06-28 09:40:10.692301950,99986,254,99974,618,100017,100,99966,100,100025,100,99947,100,100026,100,99922,100,100027,100,99918,100,100029,100,99916,100,100055,100,99912,100,100068,100,99911,100,100071,100,99901,100,100074,100,99891,100
2019-06-28 09:40:20.000000000,100017,418,99974,618,100025,100,99966,100,100026,100,99947,100,100027,100,99922,100,100029,100,99918,100,100055,100,99916,100,100068,100,99912,100,100071,100,99911,100,100074,100,99901,100,100080,100,99891,100
2019-06-28 09:40:30.000000000,100017,259,99974,459,100025,259,99966,259,100026,100,99947,100,100027,100,99922,100,100029,100,99918,100,100055,100,99916,100,100068,100,99912,100,100071,100,99911,100,100074,100,99901,100,100080,100,99891,100
2019-06-28 09:40:40.000000000,100017,164,99974,364,100025,164,99966,164,100026,164,99947,164,100027,164,99922,164,100029,164,99918,164,100055,100,99916,100,100068,100,99912,100,100071,100,99911,100,100074,100,99901,100,100080,100,99891,100
2019-06-28 09:40:46.240148067,100017,164,99974,364,100025,164,99966,164,100026,164,99947,164,100027,164,99922,164,100029,164,99918,164,100055,100,99916,100,100068,100,99912,100,100071,100,99911,100,100074,100,99901,100,100080,100,99882,100
2019-06-28 09:40:50.000000000,100017,164,99974,364,100025,164,99966,164,100026,164,99947,164,100027,164,99922,164,100029,164,99918,164,100055,100,99916,100,100068,100,99912,100,100071,100,99911,100,100074,100,99901,100,100080,100,99882,100
2019-06-28 09:41:00.000000000,100017,259,99974,459,100025,259,99966,259,100026,100,99947,100,100027,100,99922,100,100029,100,99918,100,100055,100,99916,100,100068,100,99912,100,100071,100,99911,100,100074,100,99901,100,100080,100,99882,100
2019-06-28 09:41:10.000000000,100017,259,99974,459,100025,259,99966,259,100026,100,99947,100,100027,100,99922,100,100029,100,99918,100,100055,100,99916,100,100068,100,99912,100,100071,100,99911,100,100074,100,99901,100,100080,100,99882,100
2019-06-28 09:41:20.000000000,100017,208,99974,408,100025,205,99966,205,100026,205,99947,205,100027,100,99922,100,100029,100,99918,100,100055,100,99916,100,100068,100,99912,100,100071,100,99911,100,100074,100,99901,100,100080,100,99882,100
2019-06-28 09:41:30.000000000,100017,208,99974,408,100025,205,99966,205,100026,205,99947,205,100027,100,99922,100,100029,100,99918,100,100055,100,99916,100,100068,100,99912,100,100071,100,99911,100,100074,100,99901,100,100080,100,99882,100
2019-06-28 09:41:40.000000000,100017,418,99974,618,100025,100,99966,100,100026,100,99947,100,100027,100,99922,100,100029,100,99918,100,100055,100,99916,100,100068,100,99912,100,100071,100,99911,100,100074,100,99901,100,100080,100,99882,100
2019-06-28 09:41:50.000000000,100017,418,99974,618,100025,100,99966,100,100026,100,99947,100,100027,100,99922,100,100029,100,99918,100,100055,100,99916,100,100068,100,99912,100,100071,100,99911,100,100074,100,99901,100,100080,100,99882,100
2019-06-28 09:41:50.818976020,100017,418,99974,518,100025,100,99966,100,100026,100,99947,100,100027,100,99922,100,100029,100,99918,100,100055,100,99916,100,100068,100,99912,100,100071,100,99911,100,100074,100,99901,100,100080,100,99882,100
2019-06-28 09:41:55.106938630,99986,100,99974,518,100017,418,99966,100,100025,100,99947,100,100026,100,99922,100,100027,100,99918,100,100029,100,99916,100,100055,100,99912,100,100068,100,99911,100,100071,100,99901,100,100074,100,99882,100
2019-06-28 09:41:57.192992567,99986,100,99974,518,100017,418,99966,100,100025,100,99947,100,100026,100,99922,100,100027,100,99918,100,100029,100,99916,100,100055,100,99912,100,100068,100,99911,100,100071,100,99901,100,100074,100,99882,100
2019-06-28 09:42:00.000000000,99986,259,99974,359,100017,259,99966,259,100025,100,99947,100,100026,100,99922,100,100027,100,99918,100,100029,100,99916,100,100055,100,99912,100,100068,100,99911,100,100071,100,99901,100,100074,100,99882,100
2019-06-28 09:42:02.340954738,99986,259,99974,259,100017,259,99966,259,100025,100,99947,100,100026,100,99922,100,100027,100,99918,100,100029,100,99916,100,100055,100,99912,100,100068,100,99911,100,100071,100,99901,100,100074,100,99882,100
2019-06-28 09:42:10.000000000,99986,259,99974,259,100017,259,99966,259,100025,100,99947,100,100026,100,99922,100,100027,100,99918,100,100029,100,99916,100,100055,100,99912,100,100068,100,99911,100,100071,100,99901,100,100074,100,99882,100
2019-06-28 09:42:20.000000000,99986,180,99974,180,100017,180,99966,180,100025,180,99947,180,100026,180,99922,180,100027,100,99918,100,100029,100,99916,100,100055,100,99912,100,100068,100,99911,100,100071,100,99901,100,100074,100,99882,100
2019-06-28 09:42:23.418209714,99986,180,99974,180,100017,180,99966,180,100025,180,99947,180,100026,180,99922,180,100027,100,99918,100,100029,100,99916,100,100055,100,99912,100,100068,100,99911,100,100071,100,99901,100,100074,100,99882,100
2019-06-28 09:42:30.000000000,99986,180,99974,180,100017,180,99966,180,100025,180,99947,180,100026,180,99922,180,100027,100,99918,100,100029,100,99916,100,100055,100,99912,100,100068,100,99911,100,100071,100,99901,100,100074,100,99882,100
2019-06-28 09:42:40.000000000,99986,164,99974,164,100017,164,99966,164,100025,164,99947,164,100026,164,99922,164,100027,164,99918,164,100029,100,99916,100,100055,100,99912,100,100068,100,99911,100,100071,100,99901,100,100074,100,99882,100
2019-06-28 09:42:50.000000000,99986,259,99974,259,100017,259,99966,259,100025,100,99947,100,100026,100,99922,100,100027,100,99918,100,100029,100,99916,100,100055,100,99912,100,100068,100,99911,100,100071,100,99901,100,100074,100,99882,100
2019-06-28 09:43:00.000000000,99986,418,99974,418,100017,100,99966,100,100025,100,99947,100,100026,100,99922,100,100027,100,99918,100,100029,100,99916,100,100055,100,99912,100,100068,100,99911,100,100071,100,99901,100,100074,100,99882,100
2019-06-28 09:43:10.000000000,99986,208,99974,208,100017,205,99966,205,100025,205,99947,205,100026,100,99922,100,100027,100,99918,100,100029,100,99916,100,100055,100,99912,100,100068,100,99911,100,100071,100,99901,100,100074,100,99882,100
2019-06-28 09:43:11.062077423,99986,208,99974,108,100017,205,99966,205,100025,205,99947,105,100026,100,99922,100,100027,100,99918,100,100029,100,99916,100,100055,100,99912,100,100068,100,99911,100,100071,100,99901,100,100074,100,99882,100
2019-06-28 09:43:15.617105601,99986,208,99974,108,100017,205,99966,205,100025,205,99947,105,100026,100,99922,100,100027,100,99918,100,100029,100,99916,100,100055,100,99912,100,100068,100,99911,100,100071,100,99901,100,100074,100,99882,100
2019-06-28 09:43:20.000000000,99986,180,99966,180,100017,180,99922,180,100025,180,99918,180,100026,180,99916,180,100027,100,99912,100,100029,100,99911,100,100055,100,99901,100,100068,100,99882,100,100071,100,99880,100,100074,100,99877,100
2019-06-28 09:43:25.254717157,99986,180,99966,180,100017,180,99922,180,100025,180,99918,180,100026,180,99916,180,100027,100,99912,100,100029,100,99911,100,100055,100,99901,100,100068,100,99882,100,100071,100,99880,100,100074,100,99877,100
2019-06-28 09:43:30.000000000,99986,208,99966,208,100017,205,99922,205,100025,205,99918,205,100026,100,99916,100,100027,100,99912,100,100029,100,99911,100,100055,100,99901,100,100068,100,99882,100,100071,100,99880,100,100074,100,99877,100
2019-06-28 09:43:40.000000000,99986,259,99966,259,100017,259,99922,259,100025,100,99918,100,100026,100,99916,100,100027,100,99912,100,100029,100,99911,100,100055,100,99901,100,100068,100,99882,100,100071,100,99880,100,100074,100,99877,100
2019-06-28 09:43:44.050845488,99974,100,99966,259,99986,259,99922,259,100017,259,99918,100,100025,100,99916,100,100026,100,99912,100,100027,100,99911,100,100029,100,99901,100,100055,100,99882,100,100068,100,99880,100,100071,100,99877,100
2019-06-28 09:43:50.000000000,99974,259,99966,259,99986,259,99922,259,100017,100,99918,100,100025,100,99916,100,100026,100,99912,100,100027,100,99911,100,100029,100,99901,100,100055,100,99882,100,100068,100,99880,100,100071,100,99877,100
2019-06-28 09:44:00.000000000,99974,259,99966,259,99986,259,99922,259,100017,100,99918,100,100025,100,99916,100,100026,100,99912,100,100027,100,99911,100,100029,100,99901,100,100055,100,99882,100,100068,100,99880,100,100071,100,99877,100
2019-06-28 09:44:09.699944108,99974,259,99966,259,99986,259,99922,259,100017,100,99918,100,100025,100,99916,100,100026,100,99912,100,100027,100,99911,100,100029,100,99901,100,100055,100,99882,100,100068,100,99880,100,100071,100,99877,100
2019-06-28 09:44:10.000000000,99974,164,99966,164,99986,164,99922,164,100017,164,99918,164,100025,164,99916,164,100026,164,99912,164,100027,100,99911,100,100029,100,99901,100,100055,100,99882,100,100068,100,99880,100,100071,100,99877,100
2019-06-28 09:44:10.963578892,99974,64,99966,164,99986,164,99922,164,100017,164,99918,164,100025,164,99916,164,100026,164,99912,164,100027,100,99911,100,100029,100,99901,100,100055,100,99882,100,100068,100,99880,100,100071,100,99877,100
2019-06-28 09:44:20.000000000,99986,418,99966,418,100017,100,99922,100,100025,100,99918,100,100026,100,99916,100,100027,100,99912,100,100029,100,99911,100,100055,100,99901,100,100068,100,99882,100,100071,100,99880,100,100074,100,99877,100
2019-06-28 09:44:23.589984260,99986,418,99966,418,100017,100,99922,100,100025,100,99918,100,100026,100,99916,100,100027,100,99912,100,100029,100,99911,100,100055,100,99901,100,100068,100,99882,100,100071,100,99880,100,100091,100,99877,100
2019-06-28 09:44:30.000000000,99986,208,99966,208,100017,205,99922,205,100025,205,99918,205,100026,100,99916,100,100027,100,99912,100,100029,100,99911,100,100055,100,99901,100,100068,100,99882,100,100071,100,99880,100,100091,100,99877,100
2019-06-28 09:44:40.000000000,99986,180,99966,180,100017,180,99922,180,100025,180,99918,180,100026,180,99916,180,100027,100,99912,100,100029,100,99911,100,100055,100,99901,100,100068,100,99882,100,100071,100,99880,100,100091,100,99877,100
2019-06-28 09:44:49.930117216,99986,180,99966,180,100017,180,99922,180,100025,180,99918,180,100026,180,99916,180,100027,100,99912,100,100029,100,99901,100,100055,100,99882,100,100068,100,99880,100,100071,100,99877,100,100091,100,99859,100
2019-06-28 09:44:50.000000000,99986,164,99966,164,100017,164,99922,164,100025,164,99918,164,100026,164,99916,164,100027,164,99912,164,100029,100,99901,100,100055,100,99882,100,100068,100,99880,100,100071,100,99877,100,100091,100,99859,100
2019-06-28 09:45:00.000000000,99986,164,99966,164,100017,164,99922,164,100025,164,99918,164,100026,164,99916,164,100027,164,99912,164,100029,100,99901,100,100055,100,99882,100,100068,100,99880,100,100071,100,99877,100,100091,100,99859,100
2019-06-28 09:45:00.871908753,99986,164,99966,164,100017,164,99922,164,100025,164,99918,164,100026,164,99916,164,100027,164,99912,164,100029,100,99901,100,100055,100,99882,100,100068,100,99880,100,100071,100,99877,100,100091,100,99859,100
2019-06-28 09:45:10.000000000,99986,208,99966,208,100017,205,99922,205,100025,205,99918,205,100026,100,99916,100,100027,100,99912,100,100029,100,99901,100,100055,100,99882,100,100068,100,99880,100,100071,100,99877,100,100091,100,99859,100
2019-06-28 09:45:11.554840153,99986,208,99966,108,100017,205,99922,205,100025,205,99918,205,100026,100,99916,100,100027,100,99912,100,100029,100,99901,100,100055,100,99882,100,100068,100,99880,100,100091,100,99877,100,100124,100,99859,100
2019-06-28 09:45:19.789610343,99986,208,99966,8,100017,205,99922,205,100025,205,99918,205,100026,100,99916,100,100029,100,99912,100,100055,100,99901,100,100068,100,99882,100,100091,100,99880,100,100124,100,99877,100,100166,100,99859,100
2019-06-28 09:45:20.000000000,99986,208,99922,208,100017,205,99918,205,100025,205,99916,205,100026,100,99912,100,100029,100,99901,100,100055,100,99882,100,100068,100,99880,100,100091,100,99877,100,100124,100,99859,100,100166,100,99816,100
2019-06-28 09:45:30.000000000,99986,418,99922,418,100017,100,99918,100,100025,100,99916,100,100026,100,99912,100,100029,100,99901,100,100055,100,99882,100,100068,100,99880,100,100091,100,99877,100,100124,100,99859,100,100166,100,99816,100
2019-06-28 09:45:31.256363135,99986,418,99922,318,100017,100,99918,100,100025,100,99916,100,100026,100,99912,100,100029,100,99901,100,100055,100,99882,100,100068,100,99880,100,100091,100,99877,100,100124,100,99859,100,100166,100,99816,100
2019-06-28 09:45:40.000000000,99986,418,99918,418,100017,100,99916,100,100025,100,99912,100,100026,100,99901,100,100029,100,99882,100,100055,100,99880,100,100068,100,99877,100,100091,100,99859,100,100124,100,99816,100,100166,100,99808,100
2019-06-28 09:45:42.079335310,99966,100,99918,418,99986,418,99916,100,100017,100,99912,100,100025,100,99901,100,100026,100,99882,100,100029,100,99880,100,100055,100,99877,100,100068,100,99859,100,100091,100,99816,100,100124,100,99808,100
2019-06-28 09:45:50.000000000,99966,259,99918,259,99986,259,99916,259,100017,100,99912,100,100025,100,99901,100,100026,100,99882,100,100029,100,99880,100,100055,100,99877,100,100068,100,99859,100,100091,100,99816,100,100124,100,99808,100
2019-06-28 09:45:57.390092393,99966,359,99918,259,99986,259,99916,259,100017,100,99912,100,100025,100,99901,100,100026,100,99882,100,100029,100,99880,100,100055,100,99877,100,100068,100,99859,100,100091,100,99816,100,100124,100,99808,100
2019-06-28 09:46:00.000000000,99966,264,99918,164,99986,164,99916,164,100017,164,99912,164,100025,164,99901,164,100026,164,99882,164,100029,100,99880,100,100055,100,99877,100,100068,100,99859,100,100091,100,99816,100,100124,100,99808,100
2019-06-28 09:46:10.000000000,99966,518,99918,418,99986,100,99916,100,100017,100,99912,100,100025,100,99901,100,100026,100,99882,100,100029,100,99880,100,100055,100,99877,100,100068,100,99859,100,100091,100,99816,100,100124,100,99808,100
2019-06-28 09:46:17.103199843,99966,518,99918,318,99986,100,99916,100,100017,100,99912,100,100025,100,99901,100,100026,100,99882,100,100029,100,99880,100,100055,100,99877,100,100091,100,99859,100,100124,100,99816,100,100166,100,99808,100
2019-06-28 09:46:18.721137564,99966,518,99918,218,99986,100,99916,100,100017,100,99912,100,100025,100,99901,100,100026,100,99882,100,100029,100,99880,100,100055,100,99877,100,100091,100,99859,100,100124,100,99816,100,100166,100,99808,100
2019-06-28 09:46:20.000000000,99966,359,99916,259,99986,259,99912,259,100017,100,99901,100,100025,100,99882,100,100026,100,99880,100,100029,100,99877,100,100055,100,99859,100,100091,100,99816,100,100124,100,99808,100,100166,100,99786,100
2019-06-28 09:46:30.000000000,99966,518,99916,418,99986,100,99912,100,100017,100,99901,100,100025,100,99882,100,100026,100,99880,100,100029,100,99877,100,100055,100,99859,100,100091,100,99816,100,100124,100,99808,100,100166,100,99786,100
2019-06-28 09:46:40.000000000,99966,518,99916,418,99986,100,99912,100,100017,100,99901,100,100025,100,99882,100,100026,100,99880,100,100029,100,99877,100,100055,100,99859,100,100091,100,99816,100,100124,100,99808,100,100166,100,99786,100
2019-06-28 09:46:50.000000000,99966,308,99916,208,99986,205,99912,205,100017,205,99901,205,100025,100,99882,100,100026,100,99880,100,100029,100,99877,100,100055,100,99859,100,100091,100,99816,100,100124,100,99808,100,100166,100,99786,100
2019-06-28 09:47:00.000000000,99966,264,99916,164,99986,164,99912,164,100017,164,99901,164,100025,164,99882,164,100026,164,99880,164,100029,100,99877,100,100055,100,99859,100,100091,100,99816,100,100124,100,99808,100,100166,100,99786,100
2019-06-28 09:47:06.734089654,99966,264,99916,64,99986,164,99912,164,100017,164,99901,164,100025,164,99882,164,100026,164,99880,164,100029,100,99877,100,100055,100,99859,100,100091,100,99816,100,100124,100,99808,100,100172,100,99786,100
2019-06-28 09:47:10.000000000,99966,280,99912,180,99986,180,99901,180,100017,180,99882,180,100025,180,99880,180,100026,100,99877,100,100029,100,99859,100,100055,100,99816,100,100091,100,99808,100,100124,100,99786,100,100172,100,99770,100
2019-06-28 09:47:20.000000000,99966,518,99912,418,99986,100,99901,100,100017,100,99882,100,100025,100,99880,100,100026,100,99877,100,100029,100,99859,100,100055,100,99816,100,100091,100,99808,100,100124,100,99786,100,100172,100,99770,100
2019-06-28 09:47:30.000000000,99966,359,99912,259,99986,259,99901,259,100017,100,99882,100,100025,100,99880,100,100026,100,99877,100,100029,100,99859,100,100055,100,99816,100,100091,100,99808,100,100124,100,99786,100,100172,100,99770,100
2019-06-28 09:47:35.751114743,99918,100,99912,259,99966,359,99901,259,99986,259,99882,100,100017,100,99880,100,100025,100,99877,100,100026,100,99859,100,100029,100,99816,100,100055,100,99808,100,100091,100,99786,100,100124,100,99770,100
2019-06-28 09:47:37.356553322,99918,100,99912,159,99966,359,99901,259,99986,259,99882,100,100017,100,99880,100,100025,100,99877,100,100026,100,99859,100,100029,100,99816,100,100055,100,99808,100,100091,100,99786,100,100124,100,99770,100
2019-06-28 09:47:40.000000000,99918,180,99901,180,99966,280,99882,180,99986,180,99880,180,100017,180,99877,180,100025,100,99859,100,100026,100,99816,100,100029,100,99808,100,100055,100,99786,100,100091,100,99770,100,100124,100,99688,100
2019-06-28 09:47:50.000000000,99918,180,99901,180,99966,280,99882,180,99986,180,99880,180,100017,180,99877,180,100025,100,99859,100,100026,100,99816,100,100029,100,99808,100,100055,100,99786,100,100091,100,99770,100,100124,100,99688,100
2019-06-28 09:47:55.723596278,99918,180,99901,180,99966,280,99882,180,99986,180,99880,180,100017,180,99877,180,100025,100,99859,100,100026,100,99816,100,100029,100,99808,100,100055,100,99786,100,100091,100,99770,100,100124,100,99715,100
2019-06-28 09:48:00.000000000,99918,208,99901,208,99966,305,99882,205,99986,205,99880,205,100017,100,99877,100,100025,100,99859,100,100026,100,99816,100,100029,100,99808,100,100055,100,99786,100,100091,100,99770,100,100124,100,99715,100
2019-06-28 09:48:00.245527443,99918,208,99901,108,99966,305,99882,205,99986,205,99880,205,100017,100,99877,100,100025,100,99859,100,100026,100,99816,100,100029,100,99808,100,100055,100,99786,100,100091,100,99770,100,100124,100,99715,100
2019-06-28 09:48:10.000000000,99918,164,99882,164,99966,264,99880,164,99986,164,99877,164,100017,164,99859,164,100025,164,99816,164,100026,100,99808,100,100029,100,99786,100,100055,100,99770,100,100091,100,99715,100,100124,100,99642,100
2019-06-28 09:48:20.000000000,99918,259,99882,259,99966,359,99880,259,99986,100,99877,100,100017,100,99859,100,100025,100,99816,100,100026,100,99808,100,100029,100,99786,100,100055,100,99770,100,100091,100,99715,100,100124,100,99642,100
2019-06-28 09:48:30.000000000,99918,259,99882,259,99966,359,99880,259,99986,100,99877,100,100017,100,99859,100,100025,100,99816,100,100026,100,99808,100,100029,100,99786,100,100055,100,99770,100,100091,100,99715,100,100124,100,99642,100
2019-06-28 09:48:31.390257742,99918,259,99882,159,99966,359,99880,259,99986,100,99877,100,100017,100,99859,100,100025,100,99816,100,100026,100,99808,100,100029,100,99770,100,100055,100,99715,100,100091,100,99642,100,100124,100,99625,100
2019-06-28 09:48:40.000000000,99918,208,99880,208,99966,305,99877,205,99986,205,99859,205,100017,100,99816,100,100025,100,99808,100,100026,100,99770,100,100029,100,99715,100,100055,100,99642,100,100091,100,99625,100,100124,100,99600,100
2019-06-28 09:48:50.000000000,99918,259,99880,259,99966,359,99877,259,99986,100,99859,100,100017,100,99816,100,100025,100,99808,100,100026,100,99770,100,100029,100,99715,100,100055,100,99642,100,100091,100,99625,100,100124,100,99600,100
2019-06-28 09:48:55.466291401,99918,259,99880,259,99966,359,99877,259,99986,100,99859,100,100017,100,99853,100,100025,100,99816,100,100026,100,99808,100,100029,100,99770,100,100055,100,99715,100,100091,100,99642,100,100124,100,99625,100
2019-06-28 09:49:00.000000000,99918,164,99880,164,99966,264,99877,164,99986,164,99859,164,100017,164,99853,164,100025,164,99816,164,100026,100,99808,100,100029,100,99770,100,100055,100,99715,100,100091,100,99642,100,100124,100,99625,100
2019-06-28 09:49:02.764768025,99917,100,99880,164,99918,164,99877,164,99966,264,99859,164,99986,164,99853,164,100017,164,99816,164,100025,164,99808,100,100026,100,99770,100,100029,100,99715,100,100055,100,99642,100,100091,100,99625,100
2019-06-28 09:49:10.000000000,99917,164,99880,164,99918,164,99877,164,99966,264,99859,164,99986,164,99853,164,100017,164,99816,164,100025,100,99808,100,100026,100,99770,100,100029,100,99715,100,100055,100,99642,100,100091,100,99625,100
2019-06-28 09:49:20.000000000,99917,208,99880,208,99918,205,99877,205,99966,305,99859,205,99986,100,99853,100,100017,100,99816,100,100025,100,99808,100,100026,100,99770,100,100029,100,99715,100,100055,100,99642,100,100091,100,99625,100
2019-06-28 09:49:30.000000000,99917,164,99880,164,99918,164,99877,164,99966,264,99859,164,99986,164,99853,164,100017,164,99816,164,100025,100,99808,100,100026,100,99770,100,100029,100,99715,100,100055,100,99642,100,100091,100,99625,100
2019-06-28 09:49:39.551300382,99912,100,99880,164,99917,164,99877,164,99918,164,99859,164,99966,164,99853,164,99986,164,99816,164,100017,164,99808,100,100025,100,99770,100,100026,100,99715,100,100029,100,99642,100,100055,100,99625,100
2019-06-28 09:49:40.000000000,99912,164,99880,164,99917,164,99877,164,99918,164,99859,164,99966,164,99853,164,99986,164,99816,164,100017,100,99808,100,100025,100,99770,100,100026,100,99715,100,100029,100,99642,100,100055,100,99625,100
2019-06-28 09:49:44.885666573,99912,164,99880,64,99917,164,99877,164,99918,164,99859,164,99966,164,99853,164,99986,164,99816,164,100017,100,99808,100,100025,100,99770,100,100026,100,99715,100,100029,100,99642,100,100055,100,99625,100
2019-06-28 09:49:47.830602834,99912,164,99880,64,99917,164,99877,164,99918,164,99859,164,99966,164,99853,164,99986,164,99816,164,100017,100,99808,100,100025,100,99770,100,100026,100,99715,100,100029,100,99642,100,100055,100,99625,100
2019-06-28 09:49:50.000000000,99912,208,99877,208,99917,205,99859,205,99918,205,99853,205,99966,100,99816,100,99986,100,99808,100,100017,100,99770,100,100025,100,99715,100,100026,100,99642,100,100029,100,99625,100,100055,100,99600,100
2019-06-28 09:49:52.861856417,99912,208,99877,208,99917,205,99859,205,99918,205,99853,205,99966,100,99816,100,99986,100,99770,100,100017,100,99715,100,100025,100,99642,100,100026,100,99625,100,100029,100,99600,100,100055,100,99551,100
2019-06-28 09:49:57.079343595,99912,208,99877,208,99917,205,99859,205,99918,105,99853,205,99966,100,99816,100,99986,100,99770,100,100017,100,99715,100,100025,100,99642,100,100026,100,99625,100,100029,100,99600,100,100055,100,99551,100
2019-06-28 09:49:57.190581603,99912,208,99877,208,99917,205,99859,205,99918,105,99853,205,99966,100,99816,100,99986,100,99770,100,100017,100,99715,100,100025,100,99642,100,100026,100,99625,100,100029,100,99600,100,100055,100,99551,100
2019-06-28 09:50:00.000000000,99912,259,99877,259,99917,259,99859,259,99966,100,99853,100,99986,100,99816,100,100017,100,99770,100,100025,100,99715,100,100026,100,99642,100,100029,100,99625,100,100055,100,99600,100,100091,100,99551,100
2019-06-28 09:50:01.726050392,99912,259,99877,259,99917,259,99859,259,99966,100,99853,100,99986,100,99816,100,100017,100,99770,100,100025,100,99715,100,100026,100,99642,100,100029,100,99625,100,100055,100,99600,100,100091,100,99551,100
2019-06-28 09:50:10.000000000,99912,180,99877,180,99917,180,99859,180,99966,180,99853,180,99986,180,99816,180,100017,100,99770,100,100025,100,99715,100,100026,100,99642,100,100029,100,99625,100,100055,100,99600,100,100091,100,99551,100
2019-06-28 09:50:18.087034386,99882,100,99877,180,99912,180,99859,180,99917,180,99853,180,99966,180,99816,180,99986,180,99770,100,100017,100,99715,100,100025,100,99642,100,100026,100,99625,100,100029,100,99600,100,100055,100,99551,100
2019-06-28 09:50:18.087705940,99882,100,99877,80,99912,180,99859,180,99917,180,99853,180,99966,180,99816,180,99986,180,99770,100,100017,100,99715,100,100025,100,99642,100,100026,100,99625,100,100029,100,99600,100,100055,100,99551,100
2019-06-28 09:50:18.421103576,99880,100,99877,80,99882,100,99859,180,99912,180,99853,180,99917,180,99816,180,99966,180,99770,100,99986,180,99715,100,100017,100,99642,100,100025,100,99625,100,100026,100,99600,100,100029,100,99551,100
2019-06-28 09:50:20.000000000,99880,418,99859,418,99882,100,99853,100,99912,100,99816,100,99917,100,99770,100,99966,100,99715,100,99986,100,99642,100,100017,100,99625,100,100025,100,99600,100,100026,100,99551,100,100029,100,99171,100
2019-06-28 09:50:30.000000000,99880,208,99859,208,99882,205,99853,205,99912,205,99816,205,99917,100,99770,100,99966,100,99715,100,99986,100,99642,100,100017,100,99625,100,100025,100,99600,100,100026,100,99551,100,100029,100,99171,100
2019-06-28 09:50:40.000000000,99880,418,99859,418,99882,100,99853,100,99912,100,99816,100,99917,100,99770,100,99966,100,99715,100,99986,100,99642,100,100017,100,99625,100,100025,100,99600,100,100026,100,99551,100,100029,100,99171,100
2019-06-28 09:50:50.000000000,99880,164,99859,164,99882,164,99853,164,99912,164,99816,164,99917,164,99770,164,99966,164,99715,164,99986,100,99642,100,100017,100,99625,100,100025,100,99600,100,100026,100,99551,100,100029,100,99171,100
2019-06-28 09:51:00.000000000,99880,180,99859,180,99882,180,99853,180,99912,180,99816,180,99917,180,99770,180,99966,100,99715,100,99986,100,99642,100,100017,100,99625,100,100025,100,99600,100,100026,100,99551,100,100029,100,99171,100
2019-06-28 09:51:10.000000000,99880,418,99859,418,99882,100,99853,100,99912,100,99816,100,99917,100,99770,100,99966,100,99715,100,99986,100,99642,100,100017,100,99625,100,100025,100,99600,100,100026,100,99551,100,100029,100,99171,100
2019-06-28 09:51:20.000000000,99880,164,99859,164,99882,164,99853,164,99912,164,99816,164,99917,164,99770,164,99966,164,99715,164,99986,100,99642,100,100017,100,99625,100,100025,100,99600,100,100026,100,99551,100,100029,100,99171,100
2019-06-28 09:51:21.789333289,99880,264,99859,164,99882,164,99853,164,99912,164,99816,164,99917,164,99770,164,99966,164,99715,164,99986,100,99642,100,100017,100,99625,100,100025,100,99600,100,100026,100,99551,100,100029,100,99171,100
2019-06-28 09:51:30.000000000,99880,280,99859,180,99882,180,99853,180,99912,180,99816,180,99917,180,99770,180,99966,100,99715,100,99986,100,99642,100,100017,100,99625,100,100025,100,99600,100,100026,100,99551,100,100029,100,99171,100
2019-06-28 09:51:33.727349431,99880,280,99859,80,99882,180,99853,180,99912,180,99816,180,99917,180,99770,180,99966,100,99715,100,99986,100,99642,100,100017,100,99625,100,100025,100,99600,100,100026,100,99551,100,100029,100,99141,100
2019-06-28 09:51:35.092651176,99880,280,99859,80,99882,180,99853,180,99912,180,99816,180,99917,180,99770,180,99966,100,99715,100,99986,100,99642,100,100017,100,99625,100,100025,100,99600,100,100026,100,99551,100,100029,100,99431,100
2019-06-28 09:51:40.000000000,99880,264,99853,164,99882,164,99816,164,99912,164,99770,164,99917,164,99715,164,99966,164,99642,164,99986,100,99625,100,100017,100,99600,100,100025,100,99551,100,100026,100,99431,100,100029,100,99141,100
2019-06-28 09:51:50.000000000,99880,280,99853,180,99882,180,99816,180,99912,180,99770,180,99917,180,99715,180,99966,100,99642,100,99986,100,99625,100,100017,100,99600,100,100025,100,99551,100,100026,100,99431,100,100029,100,99141,100
2019-06-28 09:52:00.000000000,99880,518,99853,418,99882,100,99816,100,99912,100,99770,100,99917,100,99715,100,99966,100,99642,100,99986,100,99625,100,100017,100,99600,100,100025,100,99551,100,100026,100,99431,100,100029,100,99141,100
2019-06-28 09:52:10.000000000,99880,518,99853,418,99882,100,99816,100,99912,100,99770,100,99917,100,99715,100,99966,100,99642,100,99986,100,99625,100,100017,100,99600,100,100025,100,99551,100,100026,100,99431,100,100029,100,99141,100
2019-06-28 09:52:14.962864743,99880,518,99853,318,99882,100,99816,100,99912,100,99770,100,99917,100,99715,100,99966,100,99642,100,99986,100,99625,100,100017,100,99600,100,100025,100,99551,100,100026,100,99431,100,100029,100,99084,100
2019-06-28 09:52:20.000000000,99880,308,99816,208,99882,205,99770,205,99912,205,99715,205,99917,100,99642,100,99966,100,99625,100,99986,100,99600,100,100017,100,99551,100,100025,100,99431,100,100026,100,99084,100,100029,100,99076,100
2019-06-28 09:52:30.000000000,99880,280,99816,180,99882,180,99770,180,99912,180,99715,180,99917,180,99642,180,99966,100,99625,100,99986,100,99600,100,100017,100,99551,100,100025,100,99431,100,100026,100,99084,100,100029,100,99076,100
2019-06-28 09:52:40.000000000,99880,264,99816,164,99882,164,99770,164,99912,164,99715,164,99917,164,99642,164,99966,164,99625,164,99986,100,99600,100,100017,100,99551,100,100025,100,99431,100,100026,100,99084,100,100029,100,99076,100
2019-06-28 09:52:50.000000000,99880,518,99816,418,99882,100,99770,100,99912,100,99715,100,99917,100,99642,100,99966,100,99625,100,99986,100,99600,100,100017,100,99551,100,100025,100,99431,100,100026,100,99084,100,100029,100,99076,100
2019-06-28 09:53:00.000000000,99880,280,99816,180,99882,180,99770,180,99912,180,99715,180,99917,180,99642,180,99966,100,99625,100,99986,100,99600,100,100017,100,99551,100,100025,100,99431,100,100026,100,99084,100,100029,100,99076,100
2019-06-28 09:53:02.610356986,99859,100,99816,180,99880,280,99770,180,99882,180,99715,180,99912,180,99642,180,99917,180,99625,100,99966,100,99600,100,99986,100,99551,100,100025,100,99431,100,100026,100,99084,100,100029,100,99076,100
2019-06-28 09:53:10.000000000,99859,259,99816,259,99880,359,99770,259,99882,100,99715,100,99912,100,99642,100,99917,100,99625,100,99966,100,99600,100,99986,100,99551,100,100025,100,99431,100,100026,100,99084,100,100029,100,99076,100
2019-06-28 09:53:20.000000000,99859,259,99816,259,99880,359,99770,259,99882,100,99715,100,99912,100,99642,100,99917,100,99625,100,99966,100,99600,100,99986,100,99551,100,100025,100,99431,100,100026,100,99084,100,100029,100,99076,100
2019-06-28 09:53:30.000000000,99859,418,99816,418,99880,200,99770,100,99882,100,99715,100,99912,100,99642,100,99917,100,99625,100,99966,100,99600,100,99986,100,99551,100,100025,100,99431,100,100026,100,99084,100,100029,100,99076,100
2019-06-28 09:53:40.000000000,99859,164,99816,164,99880,264,99770,164,99882,164,99715,164,99912,164,99642,164,99917,164,99625,164,99966,100,99600,100,99986,100,99551,100,100025,100,99431,100,100026,100,99084,100,100029,100,99076,100
2019-06-28 09:53:50.000000000,99859,208,99816,208,99880,305,99770,205,99882,205,99715,205,99912,100,99642,100,99917,100,99625,100,99966,100,99600,100,99986,100,99551,100,100025,100,99431,100,100026,100,99084,100,100029,100,99076,100
2019-06-28 09:54:00.000000000,99859,259,99816,259,99880,359,99770,259,99882,100,99715,100,99912,100,99642,100,99917,100,99625,100,99966,100,99600,100,99986,100,99551,100,100025,100,99431,100,100026,100,99084,100,100029,100,99076,100
2019-06-28 09:54:10.000000000,99859,259,99816,259,99880,359,99770,259,99882,100,99715,100,99912,100,99642,100,99917,100,99625,100,99966,100,99600,100,99986,100,99551,100,100025,100,99431,100,100026,100,99084,100,100029,100,99076,100
2019-06-28 09:54:12.299498713,99859,259,99816,259,99880,359,99770,259,99882,100,99715,100,99912,100,99642,100,99917,100,99625,100,99966,100,99600,100,99986,100,99551,100,100025,100,99431,100,100026,100,99084,100,100029,100,99076,100
2019-06-28 09:54:13.477159192,99859,259,99816,259,99880,359,99770,259,99882,100,99715,100,99917,100,99642,100,99966,100,99625,100,99986,100,99600,100,100025,100,99551,100,100026,100,99431,100,100029,100,99084,100,100055,100,99076,100
2019-06-28 09:54:19.902756546,99859,159,99816,259,99880,359,99770,259,99882,100,99715,100,99917,100,99642,100,99966,100,99625,100,99986,100,99600,100,100025,100,99551,100,100026,100,99431,100,100029,100,99084,100,100055,100,99076,100
2019-06-28 09:54:20.000000000,99880,264,99816,164,99882,164,99770,164,99917,164,99715,164,99966,164,99642,164,99986,164,99625,164,100025,100,99600,100,100026,100,99551,100,100029,100,99431,100,100055,100,99084,100,100090,100,99076,100
2019-06-28 09:54:20.261142855,99880,264,99816,164,99882,164,99770,164,99917,164,99715,164,99966,164,99642,164,99986,164,99625,164,100025,100,99600,100,100026,100,99551,100,100029,100,99431,100,100055,100,99084,100,100090,100,99076,100
2019-06-28 09:54:30.000000000,99880,280,99816,180,99882,180,99770,180,99917,180,99715,180,99966,180,99642,180,99986,100,99625,100,100025,100,99600,100,100026,100,99551,100,100029,100,99431,100,100055,100,99084,100,100090,100,99076,100
2019-06-28 09:54:40.000000000,99880,359,99816,259,99882,259,99770,259,99917,100,99715,100,99966,100,99642,100,99986,100,99625,100,100025,100,99600,100,100026,100,99551,100,100029,100,99431,100,100055,100,99084,100,100090,100,99076,100
2019-06-28 09:54:50.000000000,99880,308,99816,208,99882,205,99770,205,99917,205,99715,205,99966,100,99642,100,99986,100,99625,100,100025,100,99600,100,100026,100,99551,100,100029,100,99431,100,100055,100,99084,100,100090,100,99076,100
2019-06-28 09:54:58.458907867,99880,308,99816,208,99882,205,99770,205,99917,205,99715,205,99966,100,99642,100,99986,100,99625,100,100004,100,99600,100,100025,100,99551,100,100026,100,99431,100,100029,100,99084,100,100055,100,99076,100
2019-06-28 09:54:58.909863482,99880,208,99816,208,99882,205,99770,205,99917,105,99715,205,99966,100,99642,100,99986,100,99625,100,100004,100,99600,100,100025,100,99551,100,100026,100,99431,100,100029,100,99084,100,100055,100,99076,100
2019-06-28 09:55:00.000000000,99880,208,99816,208,99882,205,99770,205,99966,205,99715,205,99986,100,99642,100,100004,100,99625,100,100025,100,99600,100,100026,100,99551,100,100029,100,99431,100,100055,100,99084,100,100090,100,99076,100
2019-06-28 09:55:01.995845225,99880,208,99816,208,99882,205,99800,100,99966,205,99770,205,99986,100,99715,205,100004,100,99642,100,100025,100,99625,100,100026,100,99600,100,100029,100,99551,100,100055,100,99431,100,100090,100,99084,100
2019-06-28 09:55:02.449849621,99880,208,99824,100,99882,205,99816,208,99966,205,99800,100,99986,100,99770,205,100004,100,99715,205,100026,100,99642,100,100029,100,99625,100,100055,100,99600,100,100090,100,99551,100,100091,100,99431,100
2019-06-28 09:55:10.000000000,99880,259,99824,259,99882,259,99816,259,99966,100,99800,100,99986,100,99770,100,100004,100,99715,100,100026,100,99642,100,100029,100,99625,100,100055,100,99600,100,100090,100,99551,100,100091,100,99431,100
2019-06-28 09:55:20.000000000,99880,259,99824,259,99882,259,99816,259,99966,100,99800,100,99986,100,99770,100,100004,100,99715,100,100026,100,99642,100,100029,100,99625,100,100055,100,99600,100,100090,100,99551,100,100091,100,99431,100
2019-06-28 09:55:30.000000000,99880,259,99824,259,99882,259,99816,259,99966,100,99800,100,99986,100,99770,100,100004,100,99715,100,100026,100,99642,100,100029,100,99625,100,100055,100,99600,100,100090,100,99551,100,100091,100,99431,100
2019-06-28 09:55:40.000000000,99880,164,99824,164,99882,164,99816,164,99966,164,99800,164,99986,164,99770,164,100004,164,99715,164,100026,100,99642,100,100029,100,99625,100,100055,100,99600,100,100090,100,99551,100,100091,100,99431,100
2019-06-28 09:55:49.910047878,99880,164,99859,100,99882,164,99824,164,99966,164,99816,164,99986,164,99800,164,100004,164,99770,164,100026,100,99715,164,100029,100,99642,100,100055,100,99625,100,100090,100,99600,100,100091,100,99551,100
2019-06-28 09:55:50.000000000,99880,164,99859,164,99882,164,99824,164,99966,164,99816,164,99986,164,99800,164,100004,164,99770,164,100026,100,99715,100,100029,100,99642,100,100055,100,99625,100,100090,100,99600,100,100091,100,99551,100
2019-06-28 09:56:00.000000000,99880,259,99859,259,99882,259,99824,259,99966,100,99816,100,99986,100,99800,100,100004,100,99770,100,100026,100,99715,100,100029,100,99642,100,100055,100,99625,100,100090,100,99600,100,100091,100,99551,100
2019-06-28 09:56:10.000000000,99880,164,99859,164,99882,164,99824,164,99966,164,99816,164,99986,164,99800,164,100004,164,99770,164,100026,100,99715,100,100029,100,99642,100,100055,100,99625,100,100090,100,99600,100,100091,100,99551,100
2019-06-28 09:56:20.000000000,99880,259,99859,259,99882,259,99824,259,99966,100,99816,100,99986,100,99800,100,100004,100,99770,100,100026,100,99715,100,100029,100,99642,100,100055,100,99625,100,100090,100,99600,100,100091,100,99551,100
2019-06-28 09:56:30.000000000,99880,164,99859,164,99882,164,99824,164,99966,164,99816,164,99986,164,99800,164,100004,164,99770,164,100026,100,99715,100,100029,100,99642,100,100055,100,99625,100,100090,100,99600,100,100091,100,99551,100
2019-06-28 09:56:30.844241712,99880,164,99859,264,99882,164,99824,164,99966,164,99816,164,99986,164,99800,164,100004,164,99770,164,100026,100,99715,100,100029,100,99642,100,100055,100,99625,100,100090,100,99600,100,100091,100,99551,100
2019-06-28 09:56:40.000000000,99880,418,99859,518,99882,100,99824,100,99966,100,99816,100,99986,100,99800,100,100004,100,99770,100,100026,100,99715,100,100029,100,99642,100,100055,100,99625,100,100090,100,99600,100,100091,100,99551,100
2019-06-28 09:56:43.824342736,99880,418,99859,518,99882,100,99824,100,99966,100,99816,100,99986,100,99800,100,100004,100,99770,100,100026,100,99715,100,100029,100,99642,100,100055,100,99625,100,100090,100,99600,100,100091,100,99551,100
2019-06-28 09:56:50.000000000,99880,418,99859,518,99882,100,99824,100,99966,100,99816,100,99986,100,99800,100,100004,100,99770,100,100026,100,99715,100,100029,100,99642,100,100055,100,99625,100,100090,100,99600,100,100091,100,99551,100
2019-06-28 09:56:54.929549189,99880,318,99859,518,99882,100,99824,100,99966,100,99816,100,99986,100,99800,100,100004,100,99770,100,100026,100,99715,100,100029,100,99642,100,100055,100,99625,100,100090,100,99600,100,100091,100,99551,100
2019-06-28 09:57:00.000000000,99882,164,99859,264,99966,164,99824,164,99986,164,99816,164,100004,164,99800,164,100026,164,99770,164,100029,100,99715,100,100055,100,99642,100,100090,100,99625,100,100091,100,99600,100,100174,100,99551,100
2019-06-28 09:57:00.391719175,99882,64,99859,264,99966,164,99824,164,99986,164,99816,164,100004,164,99800,164,100026,164,99770,164,100029,100,99715,100,100055,100,99642,100,100090,100,99625,100,100091,100,99600,100,100258,100,99551,100
2019-06-28 09:57:00.750689940,99966,164,99882,36,99986,164,99859,264,100004,164,99824,164,100026,164,99816,164,100029,100,99800,164,100055,100,99770,164,100090,100,99715,100,100091,100,99642,100,100258,100,99625,100,100423,100,99600,100
2019-06-28 09:57:05.083008043,99966,164,99882,36,99986,164,99859,264,100004,64,99824,164,100026,164,99816,164,100029,100,99800,164,100055,100,99770,164,100090,100,99715,100,100091,100,99642,100,100258,100,99625,100,100423,100,99600,100
2019-06-28 09:57:10.000000000,99966,180,99882,116,99986,180,99859,280,100026,180,99824,180,100029,180,99816,180,100055,100,99800,100,100090,100,99770,100,100091,100,99715,100,100258,100,99642,100,100423,100,99625,100,100662,100,99600,100
2019-06-28 09:57:12.194460236,99966,180,99882,116,99986,180,99859,280,100026,180,99824,180,100029,80,99816,180,100055,100,99800,100,100090,100,99770,100,100091,100,99715,100,100258,100,99642,100,100423,100,99625,100,100662,100,99600,100
2019-06-28 09:57:18.942804764,99966,180,99882,216,99986,180,99859,280,100026,180,99824,180,100029,80,99816,180,100055,100,99800,100,100090,100,99770,100,100091,100,99715,100,100258,100,99642,100,100423,100,99625,100,100662,100,99600,100
2019-06-28 09:57:20.000000000,99966,259,99882,295,99986,259,99859,359,100026,100,99824,100,100055,100,99816,100,100090,100,99800,100,100091,100,99770,100,100258,100,99715,100,100423,100,99642,100,100662,100,99625,100,100690,100,99600,100
2019-06-28 09:57:30.000000000,99966,418,99882,454,99986,100,99859,200,100026,100,99824,100,100055,100,99816,100,100090,100,99800,100,100091,100,99770,100,100258,100,99715,100,100423,100,99642,100,100662,100,99625,100,100690,100,99600,100
2019-06-28 09:57:40.000000000,99966,180,99882,216,99986,180,99859,280,100026,180,99824,180,100055,180,99816,180,100090,100,99800,100,100091,100,99770,100,100258,100,99715,100,100423,100,99642,100,100662,100,99625,100,100690,100,99600,100
2019-06-28 09:57:48.176966212,99966,180,99882,216,99986,180,99859,280,100026,180,99824,180,100055,180,99816,180,100090,100,99800,100,100091,100,99770,100,100258,100,99715,100,100423,100,99642,100,100662,100,99625,100,100741,100,99600,100
2019-06-28 09:57:50.000000000,99966,208,99882,244,99986,205,99859,305,100026,205,99824,205,100055,100,99816,100,100090,100,99800,100,100091,100,99770,100,100258,100,99715,100,100423,100,99642,100,100662,100,99625,100,100741,100,99600,100
2019-06-28 09:58:00.000000000,99966,180,99882,216,99986,180,99859,280,100026,180,99824,180,100055,180,99816,180,100090,100,99800,100,100091,100,99770,100,100258,100,99715,100,100423,100,99642,100,100662,100,99625,100,100741,100,99600,100
2019-06-28 09:58:02.993145573,99966,180,99882,316,99986,180,99859,280,100026,180,99824,180,100055,180,99816,180,100090,100,99800,100,100091,100,99770,100,100258,100,99715,100,100423,100,99642,100,100662,100,99625,100,100741,100,99600,100
2019-06-28 09:58:10.000000000,99966,180,99882,316,99986,180,99859,280,100026,180,99824,180,100055,180,99816,180,100090,100,99800,100,100091,100,99770,100,100258,100,99715,100,100423,100,99642,100,100662,100,99625,100,100741,100,99600,100
2019-06-28 09:58:20.000000000,99966,164,99882,300,99986,164,99859,264,100026,164,99824,164,100055,164,99816,164,100090,164,99800,164,100091,100,99770,100,100258,100,99715,100,100423,100,99642,100,100662,100,99625,100,100741,100,99600,100
2019-06-28 09:58:21.414529364,99966,164,99882,300,99986,164,99859,264,100026,164,99824,164,100055,164,99816,164,100090,164,99800,164,100091,100,99770,100,100258,100,99642,100,100423,100,99625,100,100662,100,99600,100,100741,100,99551,100
2019-06-28 09:58:30.000000000,99966,180,99882,316,99986,180,99859,280,100026,180,99824,180,100055,180,99816,180,100090,100,99800,100,100091,100,99770,100,100258,100,99642,100,100423,100,99625,100,100662,100,99600,100,100741,100,99551,100
2019-06-28 09:58:40.000000000,99966,418,99882,554,99986,100,99859,200,100026,100,99824,100,100055,100,99816,100,100090,100,99800,100,100091,100,99770,100,100258,100,99642,100,100423,100,99625,100,100662,100,99600,100,100741,100,99551,100
2019-06-28 09:58:45.428129190,99966,418,99882,654,99986,100,99859,200,100026,100,99824,100,100055,100,99816,100,100090,100,99800,100,100091,100,99770,100,100258,100,99642,100,100423,100,99625,100,100662,100,99600,100,100741,100,99551,100
2019-06-28 09:58:50.000000000,99966,259,99882,495,99986,259,99859,359,100026,100,99824,100,100055,100,99816,100,100090,100,99800,100,100091,100,99770,100,100258,100,99642,100,100423,100,99625,100,100662,100,99600,100,100741,100,99551,100
2019-06-28 09:59:00.000000000,99966,259,99882,495,99986,259,99859,359,100026,100,99824,100,100055,100,99816,100,100090,100,99800,100,100091,100,99770,100,100258,100,99642,100,100423,100,99625,100,100662,100,99600,100,100741,100,99551,100
2019-06-28 09:59:03.223803190,99966,259,99882,595,99986,259,99859,359,100026,100,99824,100,100055,100,99816,100,100090,100,99800,100,100091,100,99770,100,100258,100,99642,100,100423,100,99625,100,100662,100,99600,100,100741,100,99551,100
2019-06-28 09:59:10.000000000,99966,180,99882,516,99986,180,99859,280,100026,180,99824,180,100055,180,99816,180,100090,100,99800,100,100091,100,99770,100,100258,100,99642,100,100423,100,99625,100,100662,100,99600,100,100741,100,99551,100
2019-06-28 09:59:19.967194598,99966,180,99882,616,99986,180,99859,180,100026,180,99824,180,100055,180,99816,180,100090,100,99800,100,100091,100,99770,100,100258,100,99642,100,100423,100,99625,100,100662,100,99600,100,100741,100,99551,100
2019-06-28 09:59:20.000000000,99966,164,99882,600,99986,164,99859,164,100026,164,99824,164,100055,164,99816,164,100090,164,99800,164,100091,100,99770,100,100258,100,99642,100,100423,100,99625,100,100662,100,99600,100,100741,100,99551,100
2019-06-28 09:59:30.000000000,99966,418,99882,854,99986,100,99859,100,100026,100,99824,100,100055,100,99816,100,100090,100,99800,100,100091,100,99770,100,100258,100,99642,100,100423,100,99625,100,100662,100,99600,100,100741,100,99551,100
2019-06-28 09:59:40.000000000,99966,180,99882,616,99986,180,99859,180,100026,180,99824,180,100055,180,99816,180,100090,100,99800,100,100091,100,99770,100,100258,100,99642,100,100423,100,99625,100,100662,100,99600,100,100741,100,99551,100
2019-06-28 09:59:40.202783484,99966,180,99882,616,99986,180,99859,180,100026,180,99824,180,100055,180,99816,180,100090,100,99800,100,100091,100,99642,100,100258,100,99625,100,100423,100,99600,100,100662,100,99551,100,100741,100,99431,100
2019-06-28 09:59:44.202481575,99966,180,99882,616,99986,180,99859,180,100026,180,99824,180,100055,180,99816,180,100090,100,99800,100,100091,100,99642,100,100258,100,99625,100,100423,100,99600,100,100662,100,99551,100,100741,100,99431,100
2019-06-28 09:59:50.000000000,99966,259,99882,695,99986,259,99859,259,100026,100,99824,100,100055,100,99816,100,100090,100,99800,100,100091,100,99642,100,100258,100,99625,100,100423,100,99600,100,100662,100,99551,100,100741,100,99431,100
2019-06-28 09:59:58.155605441,99966,259,99882,695,99986,259,99859,259,100026,100,99824,100,100055,100,99816,100,100090,100,99800,100,100091,100,99642,100,100258,100,99625,100,100423,100,99600,100,100662,100,99551,100,100741,100,99431,100
2019-06-28 10:00:00.000000000,99966,208,99882,644,99986,205,99859,205,100026,205,99824,205,100055,100,99816,100,100090,100,99800,100,100091,100,99642,100,100258,100,99625,100,100423,100,99600,100,100662,100,99551,100,100741,100,99431,100
2019-06-28 10:00:02.367449719,99966,108,99882,608,99986,205,99859,205,100026,205,99824,205,100055,100,99816,100,100090,100,99800,100,100091,100,99642,100,100258,100,99625,100,100423,100,99600,100,100662,100,99551,100,100741,100,99431,100
2019-06-28 10:00:10.000000000,99986,208,99882,608,100026,205,99859,205,100055,205,99824,205,100090,100,99816,100,100091,100,99800,100,100258,100,99642,100,100423,100,99625,100,100662,100,99600,100,100741,100,99551,100,100927,100,99431,100
2019-06-28 10:00:13.383144531,99986,208,99883,100,100026,205,99882,508,100055,205,99859,205,100090,100,99824,205,100091,100,99816,100,100258,100,99800,100,100423,100,99642,100,100662,100,99625,100,100741,100,99600,100,100927,100,99551,100
2019-06-28 10:00:20.000000000,99986,164,99883,164,100026,164,99882,464,100055,164,99859,164,100090,164,99824,164,100091,164,99816,164,100258,100,99800,100,100423,100,99642,100,100662,100,99625,100,100741,100,99600,100,100927,100,99551,100
2019-06-28 10:00:30.000000000,99986,418,99883,418,100026,100,99882,400,100055,100,99859,100,100090,100,99824,100,100091,100,99816,100,100258,100,99800,100,100423,100,99642,100,100662,100,99625,100,100741,100,99600,100,100927,100,99551,100
2019-06-28 10:00:30.692656055,99986,418,99883,418,100026,100,99882,400,100055,100,99859,100,100090,100,99824,100,100091,100,99816,100,100423,100,99800,100,100662,100,99642,100,100741,100,99625,100,100825,100,99600,100,100927,100,99551,100
2019-06-28 10:00:40.000000000,99986,180,99883,180,100026,180,99882,480,100055,180,99859,180,100090,180,99824,180,100091,100,99816,100,100423,100,99800,100,100662,100,99642,100,100741,100,99625,100,100825,100,99600,100,100927,100,99551,100
2019-06-28 10:00:49.266410740,99986,180,99883,280,100026,180,99882,480,100055,180,99859,180,100090,180,99824,180,100091,100,99816,100,100423,100,99800,100,100662,100,99642,100,100741,100,99625,100,100825,100,99600,100,100927,100,99551,100
2019-06-28 10:00:50.000000000,99986,208,99883,308,100026,205,99882,505,100055,205,99859,205,100090,100,99824,100,100091,100,99816,100,100423,100,99800,100,100662,100,99642,100,100741,100,99625,100,100825,100,99600,100,100927,100,99551,100
2019-06-28 10:01:00.000000000,99986,180,99883,280,100026,180,99882,480,100055,180,99859,180,100090,180,99824,180,100091,100,99816,100,100423,100,99800,100,100662,100,99642,100,100741,100,99625,100,100825,100,99600,100,100927,100,99551,100
2019-06-28 10:01:00.694756963,99986,180,99883,280,100026,180,99882,480,100055,180,99859,80,100090,180,99824,180,100091,100,99816,100,100423,100,99800,100,100662,100,99642,100,100741,100,99625,100,100825,100,99600,100,100927,100,99551,100
2019-06-28 10:01:10.000000000,99986,180,99883,280,100026,180,99882,480,100055,180,99824,180,100090,180,99816,180,100091,100,99800,100,100423,100,99642,100,100662,100,99625,100,100741,100,99600,100,100825,100,99551,100,100927,100,99431,100
2019-06-28 10:01:19.255993056,99986,80,99883,280,100026,180,99882,480,100055,180,99824,180,100090,180,99816,180,100091,100,99800,100,100662,100,99642,100,100741,100,99625,100,100825,100,99600,100,100927,100,99551,100,100941,100,99431,100
2019-06-28 10:01:20.000000000,100026,180,99883,280,100055,180,99882,480,100090,180,99824,180,100091,180,99816,180,100662,100,99800,100,100741,100,99642,100,100825,100,99625,100,100927,100,99600,100,100941,100,99551,100,100982,100,99431,100
2019-06-28 10:01:30.000000000,100026,208,99883,308,100055,205,99882,505,100090,205,99824,205,100091,100,99816,100,100662,100,99800,100,100741,100,99642,100,100825,100,99625,100,100927,100,99600,100,100941,100,99551,100,100982,100,99431,100
2019-06-28 10:01:34.553300169,100026,208,99883,308,100055,205,99882,505,100090,205,99824,205,100091,100,99816,100,100662,100,99800,100,100741,100,99642,100,100825,100,99625,100,100923,100,99600,100,100927,100,99551,100,100941,100,99431,100
2019-06-28 10:01:40.000000000,100026,259,99883,359,100055,259,99882,559,100090,100,99824,100,100091,100,99816,100,100662,100,99800,100,100741,100,99642,100,100825,100,99625,100,100923,100,99600,100,100927,100,99551,100,100941,100,99431,100
2019-06-28 10:01:43.680121993,100026,159,99883,359,100055,259,99882,559,100090,100,99824,100,100091,100,99816,100,100662,100,99800,100,100741,100,99642,100,100825,100,99625,100,100923,100,99600,100,100927,100,99551,100,100941,100,99431,100
2019-06-28 10:01:48.342274414,100026,159,99986,100,100055,259,99883,359,100090,100,99882,559,100091,100,99824,100,100662,100,99816,100,100741,100,99800,100,100825,100,99642,100,100923,100,99625,100,100927,100,99600,100,100941,100,99551,100
2019-06-28 10:01:50.000000000,100055,259,99986,259,100090,259,99883,359,100091,100,99882,400,100662,100,99824,100,100741,100,99816,100,100825,100,99800,100,100923,100,99642,100,100927,100,99625,100,100941,100,99600,100,100982,100,99551,100
2019-06-28 10:02:00.000000000,100055,259,99986,259,100090,259,99883,359,100091,100,99882,400,100662,100,99824,100,100741,100,99816,100,100825,100,99800,100,100923,100,99642,100,100927,100,99625,100,100941,100,99600,100,100982,100,99551,100
2019-06-28 10:02:01.268972099,100055,259,99986,359,100090,259,99883,359,100091,100,99882,400,100662,100,99824,100,100741,100,99816,100,100825,100,99800,100,100923,100,99642,100,100927,100,99625,100,100941,100,99600,100,100982,100,99551,100
2019-06-28 10:02:02.772228473,100055,159,99986,359,100090,259,99883,359,100091,100,99882,400,100662,100,99824,100,100741,100,99816,100,100825,100,99800,100,100923,100,99642,100,100927,100,99625,100,100941,100,99600,100,100982,100,99551,100
2019-06-28 10:02:10.000000000,100090,259,99986,359,100091,259,99883,359,100662,100,99882,400,100741,100,99824,100,100825,100,99816,100,100923,100,99800,100,100927,100,99642,100,100941,100,99625,100,100982,100,99600,100,101045,100,99551,100
2019-06-28 10:02:16.967339656,100090,159,99986,359,100091,259,99883,359,100662,100,99882,400,100741,100,99824,100,100825,100,99816,100,100923,100,99800,100,100927,100,99642,100,100941,100,99625,100,100982,100,99600,100,101045,100,99551,100
2019-06-28 10:02:20.000000000,100091,259,99986,359,100662,259,99883,359,100741,100,99882,400,100825,100,99824,100,100923,100,99816,100,100927,100,99800,100,100941,100,99642,100,100982,100,99625,100,101045,100,99600,100,101167,100,99551,100
2019-06-28 10:02:30.000000000,100091,418,99986,518,100662,100,99883,200,100741,100,99882,400,100825,100,99824,100,100923,100,99816,100,100927,100,99800,100,100941,100,99642,100,100982,100,99625,100,101045,100,99600,100,101167,100,99551,100
2019-06-28 10:02:31.612038610,100091,418,100055,100,100662,100,99986,518,100741,100,99883,100,100825,100,99882,400,100923,100,99824,100,100927,100,99816,100,100941,100,99800,100,100982,100,99642,100,101045,100,99625,100,101167,100,99600,100
2019-06-28 10:02:40.000000000,100091,208,100055,208,100662,205,99986,305,100741,205,99883,205,100825,100,99882,400,100923,100,99824,100,100927,100,99816,100,100941,100,99800,100,100982,100,99642,100,101045,100,99625,100,101167,100,99600,100
2019-06-28 10:02:41.429312897,100091,208,100055,308,100662,205,99986,305,100741,205,99883,205,100825,100,99882,400,100923,100,99824,100,100927,100,99816,100,100941,100,99800,100,100982,100,99642,100,101045,100,99625,100,101167,100,99600,100
2019-06-28 10:02:50.000000000,100091,208,100055,308,100662,205,99986,305,100741,205,99883,205,100825,100,99882,400,100923,100,99824,100,100927,100,99816,100,100941,100,99800,100,100982,100,99642,100,101045,100,99625,100,101167,100,99600,100
2019-06-28 10:02:51.403267863,100091,208,100055,408,100662,205,99986,305,100741,205,99883,205,100825,100,99882,400,100923,100,99824,100,100927,100,99816,100,100941,100,99800,100,100982,100,99642,100,101045,100,99625,100,101167,100,99600,100
2019-06-28 10:02:53.636320620,100091,208,100055,308,100662,205,99986,305,100741,205,99883,205,100825,100,99882,400,100923,100,99824,100,100927,100,99816,100,100941,100,99800,100,100982,100,99642,100,101045,100,99625,100,101167,100,99600,100
2019-06-28 10:03:00.000000000,100091,208,100055,308,100662,205,99986,305,100741,205,99883,205,100825,100,99882,400,100923,100,99824,100,100927,100,99816,100,100941,100,99800,100,100982,100,99642,100,101045,100,99625,100,101167,100,99600,100
2019-06-28 10:03:10.000000000,100091,164,100055,264,100662,164,99986,264,100741,164,99883,164,100825,164,99882,464,100923,164,99824,164,100927,100,99816,100,100941,100,99800,100,100982,100,99642,100,101045,100,99625,100,101167,100,99600,100
2019-06-28 10:03:13.701176008,100091,64,100055,264,100662,164,99986,264,100741,164,99883,164,100825,164,99882,464,100923,164,99824,164,100927,100,99816,100,100941,100,99800,100,100982,100,99642,100,101045,100,99625,100,101167,100,99600,100
2019-06-28 10:03:15.754908760,100662,164,100091,36,100741,164,100055,264,100825,164,99986,264,100923,164,99883,164,100927,100,99882,464,100941,100,99824,164,100982,100,99816,100,101045,100,99800,100,101167,100,99642,100,,,99625,100
2019-06-28 10:03:20.000000000,100662,164,100091,100,100741,164,100055,264,100825,164,99986,264,100923,164,99883,164,100927,164,99882,464,100941,100,99824,100,100982,100,99816,100,101045,100,99800,100,101167,100,99642,100,,,99625,100
2019-06-28 10:03:21.737091835,100662,64,100091,100,100741,164,100055,264,100825,164,99986,264,100923,164,99883,164,100927,164,99882,464,100941,100,99824,100,100982,100,99816,100,101045,100,99800,100,101167,100,99642,100,,,99625,100
2019-06-28 10:03:30.000000000,100741,208,100091,144,100825,205,100055,305,100923,205,99986,305,100927,100,99883,100,100941,100,99882,400,100982,100,99824,100,101045,100,99816,100,101167,100,99800,100,,,99642,100,,,99625,100
2019-06-28 10:03:40.000000000,100741,418,100091,354,100825,100,100055,200,100923,100,99986,200,100927,100,99883,100,100941,100,99882,400,100982,100,99824,100,101045,100,99816,100,101167,100,99800,100,,,99642,100,,,99625,100
2019-06-28 10:03:40.879781326,100741,418,100091,354,100825,100,100055,200,100923,100,99986,200,100927,100,99883,100,100941,100,99882,400,100982,100,99824,100,101045,100,99816,100,101087,100,99800,100,101167,100,99642,100,,,99625,100
2019-06-28 10:03:48.241393891,100741,418,100091,354,100825,100,100055,200,100923,100,99986,200,100927,100,99883,100,100933,100,99882,400,100941,100,99824,100,100982,100,99816,100,101045,100,99800,100,101087,100,99642,100,101167,100,99625,100
2019-06-28 10:03:50.000000000,100741,418,100091,354,100825,100,100055,200,100923,100,99986,200,100927,100,99883,100,100933,100,99882,400,100941,100,99824,100,100982,100,99816,100,101045,100,99800,100,101087,100,99642,100,101167,100,99625,100
2019-06-28 10:04:00.000000000,100741,208,100091,144,100825,205,100055,305,100923,205,99986,305,100927,100,99883,100,100933,100,99882,400,100941,100,99824,100,100982,100,99816,100,101045,100,99800,100,101087,100,99642,100,101167,100,99625,100
2019-06-28 10:04:10.000000000,100741,180,100091,116,100825,180,100055,280,100923,180,99986,280,100927,180,99883,180,100933,100,99882,400,100941,100,99824,100,100982,100,99816,100,101045,100,99800,100,101087,100,99642,100,101167,100,99625,100
2019-06-28 10:04:20.000000000,100741,259,100091,195,100825,259,100055,359,100923,100,99986,200,100927,100,99883,100,100933,100,99882,400,100941,100,99824,100,100982,100,99816,100,101045,100,99800,100,101087,100,99642,100,101167,100,99625,100
2019-06-28 10:04:27.069618981,100741,259,100381,100,100825,259,100091,195,100923,100,100055,359,100927,100,99986,200,100933,100,99883,100,100941,100,99882,400,100982,100,99824,100,101045,100,99816,100,101087,100,99800,100,101167,100,99642,100
2019-06-28 10:04:30.000000000,100741,164,100381,164,100825,164,100091,100,100923,164,100055,264,100927,164,99986,264,100933,164,99883,164,100941,100,99882,400,100982,100,99824,100,101045,100,99816,100,101087,100,99800,100,101167,100,99642,100
2019-06-28 10:04:40.000000000,100741,164,100381,164,100825,164,100091,100,100923,164,100055,264,100927,164,99986,264,100933,164,99883,164,100941,100,99882,400,100982,100,99824,100,101045,100,99816,100,101087,100,99800,100,101167,100,99642,100
2019-06-28 10:04:50.000000000,100741,208,100381,208,100825,205,100091,141,100923,205,100055,305,100927,100,99986,200,100933,100,99883,100,100941,100,99882,400,100982,100,99824,100,101045,100,99816,100,101087,100,99800,100,101167,100,99642,100
2019-06-28 10:05:00.000000000,100741,180,100381,180,100825,180,100091,116,100923,180,100055,280,100927,180,99986,280,100933,100,99883,100,100941,100,99882,400,100982,100,99824,100,101045,100,99816,100,101087,100,99800,100,101167,100,99642,100
2019-06-28 10:05:08.923529962,100741,180,100381,80,100825,180,100091,116,100923,180,100055,280,100927,180,99986,280,100941,100,99883,100,100982,100,99882,400,101045,100,99824,100,101087,100,99816,100,101167,100,99800,100,,,99642,100
2019-06-28 10:05:10.000000000,100741,208,100091,144,100825,205,100055,305,100923,205,99986,305,100927,100,99883,100,100941,100,99882,400,100982,100,99824,100,101045,100,99816,100,101087,100,99800,100,101167,100,99642,100,,,99625,100
2019-06-28 10:05:13.168108861,100741,208,100091,144,100825,205,100055,305,100923,205,99992,100,100927,100,99986,305,100941,100,99883,100,100982,100,99882,400,101045,100,99824,100,101087,100,99800,100,101167,100,99642,100,,,99625,100
2019-06-28 10:05:20.000000000,100741,164,100091,100,100825,164,100055,264,100923,164,99992,164,100927,164,99986,264,100941,164,99883,164,100982,100,99882,400,101045,100,99824,100,101087,100,99800,100,101167,100,99642,100,,,99625,100
2019-06-28 10:05:29.651564937,100741,164,100055,264,100825,164,99992,164,100923,164,99986,264,100927,164,99883,164,100941,164,99882,400,100982,100,99824,100,101045,100,99800,100,101087,100,99642,100,101167,100,99625,100,,,99551,100
2019-06-28 10:05:30.000000000,100741,259,100055,359,100825,259,99992,259,100923,100,99986,200,100927,100,99883,100,100941,100,99882,400,100982,100,99824,100,101045,100,99800,100,101087,100,99642,100,101167,100,99625,100,,,99551,100
2019-06-28 10:05:40.000000000,100741,259,100055,359,100825,259,99992,259,100923,100,99986,200,100927,100,99883,100,100941,100,99882,400,100982,100,99824,100,101045,100,99800,100,101087,100,99642,100,101167,100,99625,100,,,99551,100
2019-06-28 10:05:43.145442982,100741,259,100055,359,100825,259,99992,259,100923,100,99986,100,100927,100,99883,100,100941,100,99882,400,100982,100,99824,100,101045,100,99800,100,101087,100,99642,100,101167,100,99625,100,,,99551,100
2019-06-28 10:05:50.000000000,100741,208,100055,308,100825,205,99992,205,100923,205,99986,205,100927,100,99883,100,100941,100,99882,400,100982,100,99824,100,101045,100,99800,100,101087,100,99642,100,101167,100,99625,100,,,99551,100
2019-06-28 10:05:56.029123995,100741,208,100055,308,100825,205,99992,205,100923,205,99986,205,100941,100,99923,100,100982,100,99883,100,101045,100,99882,400,101087,100,99824,100,101167,100,99800,100,,,99642,100,,,99625,100
2019-06-28 10:06:00.000000000,100741,164,100055,264,100825,164,99992,164,100923,164,99986,164,100941,164,99923,164,100982,164,99883,164,101045,100,99882,400,101087,100,99824,100,101167,100,99800,100,,,99642,100,,,99625,100
2019-06-28 10:06:03.026306843,100741,164,100196,100,100825,164,100055,264,100923,164,99992,164,100941,164,99986,164,100982,164,99923,164,101045,100,99883,164,101087,100,99882,400,101167,100,99824,100,,,99800,100,,,99642,100
2019-06-28 10:06:04.197140478,100741,164,100196,100,100825,164,100055,264,100923,164,100046,100,100941,164,99992,164,100982,164,99986,164,101045,100,99923,164,101087,100,99883,164,101167,100,99882,400,,,99824,100,,,99800,100
2019-06-28 10:06:06.165110006,100741,164,100235,100,100825,164,100196,100,100923,164,100055,264,100941,164,100046,100,100982,164,99992,164,101045,100,99986,164,101087,100,99923,164,101167,100,99883,164,,,99882,400,,,99824,100
2019-06-28 10:06:08.212118734,100741,164,100235,100,100825,164,100196,100,100923,164,100055,264,100941,164,100046,100,100982,164,99992,164,101045,100,99986,164,101087,100,99923,164,101167,100,99883,164,,,99882,300,,,99824,100
2019-06-28 10:06:10.000000000,100741,259,100235,259,100825,259,100196,259,100923,100,100055,200,100941,100,100046,100,100982,100,99992,100,101045,100,99986,100,101087,100,99923,100,101167,100,99883,100,,,99882,300,,,99824,100
2019-06-28 10:06:20.000000000,100741,418,100235,418,100825,100,100196,100,100923,100,100055,200,100941,100,100046,100,100982,100,99992,100,101045,100,99986,100,101087,100,99923,100,101167,100,99883,100,,,99882,300,,,99824,100
2019-06-28 10:06:30.000000000,100741,164,100235,164,100825,164,100196,164,100923,164,100055,264,100941,164,100046,164,100982,164,99992,164,101045,100,99986,100,101087,100,99923,100,101167,100,99883,100,,,99882,300,,,99824,100
2019-06-28 10:06:40.000000000,100741,418,100235,418,100825,100,100196,100,100923,100,100055,200,100941,100,100046,100,100982,100,99992,100,101045,100,99986,100,101087,100,99923,100,101167,100,99883,100,,,99882,300,,,99824,100
2019-06-28 10:06:50.000000000,100741,180,100235,180,100825,180,100196,180,100923,180,100055,280,100941,180,100046,180,100982,100,99992,100,101045,100,99986,100,101087,100,99923,100,101167,100,99883,100,,,99882,300,,,99824,100
2019-06-28 10:06:55.936602631,100741,80,100235,180,100825,180,100196,180,100923,180,100055,280,100941,180,100046,180,100982,100,99992,100,101045,100,99986,100,101087,100,99923,100,101167,100,99883,100,,,99882,300,,,99824,100
2019-06-28 10:07:00.000000000,100825,418,100235,418,100923,100,100196,100,100941,100,100055,200,100982,100,100046,100,101045,100,99992,100,101087,100,99986,100,101167,100,99923,100,,,99883,100,,,99882,300,,,99824,100
2019-06-28 10:07:10.000000000,100825,208,100235,208,100923,205,100196,205,100941,205,100055,305,100982,100,100046,100,101045,100,99992,100,101087,100,99986,100,101167,100,99923,100,,,99883,100,,,99882,300,,,99824,100
2019-06-28 10:07:20.000000000,100825,259,100235,259,100923,259,100196,259,100941,100,100055,200,100982,100,100046,100,101045,100,99992,100,101087,100,99986,100,101167,100,99923,100,,,99883,100,,,99882,300,,,99824,100
2019-06-28 10:07:22.185712296,100825,259,100235,159,100923,259,100196,259,100941,100,100055,200,100982,100,100046,100,101045,100,99992,100,101087,100,99986,100,101167,100,99923,100,,,99883,100,,,99882,300,,,99824,100
2019-06-28 10:07:30.000000000,100825,208,100196,208,100923,205,100055,305,100941,205,100046,205,100982,100,99992,100,101045,100,99986,100,101087,100,99923,100,101167,100,99883,100,,,99882,300,,,99824,100,,,99800,100
2019-06-28 10:07:40.000000000,100825,259,100196,259,100923,259,100055,359,100941,100,100046,100,100982,100,99992,100,101045,100,99986,100,101087,100,99923,100,101167,100,99883,100,,,99882,300,,,99824,100,,,99800,100
2019-06-28 10:07:50.000000000,100825,208,100196,208,100923,205,100055,305,100941,205,100046,205,100982,100,99992,100,101045,100,99986,100,101087,100,99923,100,101167,100,99883,100,,,99882,300,,,99824,100,,,99800,100
2019-06-28 10:07:59.446453961,100825,208,100196,208,100923,205,100055,305,100941,205,100046,205,100982,100,99992,100,101045,100,99986,100,101087,100,99923,100,101167,100,99883,100,,,99882,300,,,99824,100,,,99800,100
2019-06-28 10:08:00.000000000,100825,208,100196,208,100923,205,100055,305,100941,205,100046,205,100982,100,99992,100,101045,100,99986,100,101087,100,99923,100,101167,100,99883,100,,,99882,300,,,99824,100,,,99800,100
2019-06-28 10:08:10.000000000,100825,208,100196,208,100923,205,100055,305,100941,205,100046,205,100982,100,99992,100,101045,100,99986,100,101087,100,99923,100,101167,100,99883,100,,,99882,300,,,99824,100,,,99800,100
2019-06-28 10:08:17.106412985,100825,208,100196,208,100923,205,100055,305,100941,205,100046,205,100982,100,99992,100,101045,100,99986,100,101087,100,99923,100,,,99883,100,,,99882,300,,,99829,100,,,99824,100
2019-06-28 10:08:20.000000000,100825,164,100196,164,100923,164,100055,264,100941,164,100046,164,100982,164,99992,164,101045,164,99986,164,101087,100,99923,100,,,99883,100,,,99882,300,,,99829,100,,,99824,100
2019-06-28 10:08:30.000000000,100825,259,100196,259,100923,259,100055,359,100941,100,100046,100,100982,100,99992,100,101045,100,99986,100,101087,100,99923,100,,,99883,100,,,99882,300,,,99829,100,,,99824,100
2019-06-28 10:08:40.000000000,100825,164,100196,164,100923,164,100055,264,100941,164,100046,164,100982,164,99992,164,101045,164,99986,164,101087,100,99923,100,,,99883,100,,,99882,300,,,99829,100,,,99824,100
2019-06-28 10:08:42.163514513,100825,164,100196,64,100923,164,100055,264,100941,164,100046,164,100982,164,99992,164,101045,164,99986,164,101087,100,99923,100,,,99883,100,,,99882,300,,,99829,100,,,99824,100
2019-06-28 10:08:49.460607872,100196,36,100055,264,100825,164,100046,164,100923,164,99992,164,100941,164,99986,164,100982,164,99923,100,101045,164,99883,100,101087,100,99882,300,,,99829,100,,,99824,100,,,99800,100
2019-06-28 10:08:49.753698380,100187,100,100055,264,100196,36,100046,64,100825,164,99992,164,100923,164,99986,164,100941,164,99923,100,100982,164,99883,100,101045,164,99882,300,101087,100,99829,100,,,99824,100,,,99800,100
2019-06-28 10:08:50.000000000,100187,164,100055,264,100196,100,99992,164,100825,164,99986,164,100923,164,99923,164,100941,164,99883,164,100982,100,99882,300,101045,100,99829,100,101087,100,99824,100,,,99800,100,,,99743,100
2019-06-28 10:08:57.942277168,100187,164,100055,264,100196,100,99992,164,100825,164,99986,64,100923,164,99923,164,100941,164,99883,164,100982,100,99882,300,101045,100,99829,100,101087,100,99824,100,,,99800,100,,,99743,100
2019-06-28 10:09:00.000000000,100187,164,100055,264,100196,100,99992,164,100825,164,99923,164,100923,164,99883,164,100941,164,99882,364,100982,100,99829,100,101045,100,99824,100,101087,100,99800,100,,,99743,100,,,99700,100
